name,ttm,12/31/2021,09/30/2021,06/30/2021,03/31/2021,12/31/2020,09/30/2020,06/30/2020,03/31/2020,12/31/2019,09/30/2019,06/30/2019,03/31/2019,12/31/2018,09/30/2018,06/30/2018,03/31/2018,12/31/2017,09/30/2017,06/30/2017,03/31/2017,12/31/2016,09/30/2016,06/30/2016,03/31/2016,12/31/2015,09/30/2015,06/30/2015,03/31/2015,12/31/2014,09/30/2014,06/30/2014,03/31/2014,12/31/2013,09/30/2013,06/30/2013,03/31/2013,12/31/2012,09/30/2012,06/30/2012,03/31/2012,12/31/2011,09/30/2011,06/30/2011,03/31/2011,12/31/2010,09/30/2010,06/30/2010,03/31/2010,12/31/2009,09/30/2009,06/30/2009,03/31/2009,12/31/2008,09/30/2008,06/30/2008,03/31/2008,12/31/2007,09/30/2007,06/30/2007,03/31/2007,12/31/2006,09/30/2006,06/30/2006,03/31/2006,12/31/2005,09/30/2005,06/30/2005,03/31/2005,12/31/2004,09/30/2004,06/30/2004,03/31/2004,12/31/2003,09/30/2003,06/30/2003,03/31/2003,12/31/2002,09/30/2002,06/30/2002,03/31/2002,12/31/2001,09/30/2001,06/30/2001,03/31/2001,12/31/2000,09/30/2000,06/30/2000,03/31/2000,12/31/1999,09/30/1999,06/30/1999,03/31/1999,12/31/1998,09/30/1998,06/30/1998,03/31/1998,12/31/1997,09/30/1997,06/30/1997,03/31/1997,12/31/1996,09/30/1996,06/30/1996,03/31/1996,12/31/1995,09/30/1995,06/30/1995,03/31/1995,12/31/1994,09/30/1994,06/30/1994,03/31/1994,12/31/1993,09/30/1993,06/30/1993,03/31/1993,12/31/1992,09/30/1992,06/30/1992,03/31/1992,12/31/1991,09/30/1991,06/30/1991,03/31/1991,12/31/1990,09/30/1990,06/30/1990,03/31/1990,12/31/1989,09/30/1989,06/30/1989,03/31/1989,12/31/1988,09/30/1988,06/30/1988,03/31/1988,12/31/1987,09/30/1987,06/30/1987,03/31/1987,12/31/1986,09/30/1986,06/30/1986,03/31/1986,12/31/1985,09/30/1985
TotalRevenue,"29,882,000,000","9,427,000,000","8,969,000,000","7,478,000,000","4,008,000,000","4,028,000,000","3,173,000,000","1,622,000,000","8,515,000,000","11,313,000,000","11,911,000,000","11,960,000,000","10,584,000,000","10,938,000,000","11,559,000,000","11,643,000,000","10,401,000,000","10,601,000,000","10,878,000,000","11,105,000,000","9,624,000,000","9,789,000,000","10,594,000,000","10,363,000,000","9,435,000,000","9,630,000,000","10,706,000,000","10,827,000,000","9,827,000,000","10,160,000,000","11,139,000,000","11,355,000,000","9,995,000,000","7,368,000,000","6,828,000,000","6,449,000,000","6,098,000,000","5,937,000,000","6,429,000,000","6,452,000,000","6,037,000,000","5,956,000,000","6,376,000,000","6,114,000,000","5,533,000,000","5,586,000,000","5,842,000,000","5,674,000,000","5,068,000,000","5,062,000,000","5,127,000,000","4,889,000,000","4,839,000,000","5,469,000,000","6,421,000,000","6,179,000,000","5,697,000,000","5,683,000,000","5,946,000,000","5,879,000,000","5,427,000,000","5,397,000,000","5,847,000,000","5,975,000,000","5,344,000,000","5,168,000,000","5,485,000,000","5,309,000,000","4,750,000,000","4,541,000,000","4,762,000,000","4,830,000,000","4,512,000,000","4,391,000,000","4,605,000,000","4,324,000,000","4,120,000,000","4,190,000,000","4,494,000,000","4,479,000,000","4,136,000,000","3,804,000,000","4,816,000,000","5,583,000,000","4,760,000,000","4,859,000,000","5,256,000,000","5,011,000,000","4,577,000,000","3,086,000,000","5,150,000,000","5,011,000,000","4,483,000,000","4,601,000,000","5,046,000,000","5,012,000,000","4,737,000,000","4,636,000,000","4,798,000,000","4,710,000,000","4,426,000,000","4,333,000,000","4,562,000,000","4,550,000,000","4,308,000,000","4,188,000,000","4,445,000,000","4,307,000,000","3,970,000,000","3,995,000,000","4,233,000,000","4,101,000,000","3,808,000,000","3,591,000,000","4,199,000,000","3,828,000,000","3,444,000,000","3,577,000,000","3,725,000,000","3,587,000,000","3,507,000,000","3,404,300,000","3,518,600,000","3,194,500,000","2,769,600,000","3,002,300,000","3,054,700,000","2,974,400,000","2,688,200,000","2,585,500,000","2,727,400,000","2,715,700,000","2,451,000,000","2,368,000,000","2,328,300,000","2,163,200,000","1,964,800,000","1,882,100,000","1,975,400,000","1,831,100,000","1,509,300,000","1,498,600,000","1,546,800,000","1,517,700,000","1,455,100,000","1,488,200,000","1,561,100,000"
	OperatingRevenue,"27,377,000,000","8,722,000,000","8,289,000,000","6,871,000,000","3,494,000,000","3,475,000,000","2,747,000,000","1,238,000,000","7,828,000,000","10,563,000,000","11,203,000,000","11,232,000,000","9,876,000,000","10,227,000,000","10,821,000,000","10,935,000,000","9,707,000,000","9,251,000,000","9,577,000,000","9,778,000,000","8,327,000,000","8,541,000,000","9,321,000,000","9,169,000,000","8,249,000,000","8,496,000,000","9,533,000,000","9,608,000,000","8,635,000,000","9,013,000,000","9,973,000,000","10,141,000,000","8,871,000,000","6,597,000,000","6,182,000,000","5,807,000,000","5,448,000,000","3,408,000,000","6,429,000,000","6,452,000,000","6,037,000,000","5,956,000,000","6,376,000,000","6,114,000,000","5,533,000,000","5,586,000,000","5,842,000,000","5,674,000,000","5,068,000,000","5,062,000,000","5,127,000,000","4,889,000,000","4,839,000,000","5,469,000,000","6,421,000,000","6,179,000,000","5,697,000,000","5,683,000,000","5,946,000,000","5,879,000,000","5,427,000,000","5,397,000,000","5,847,000,000","5,975,000,000","5,344,000,000","5,168,000,000","5,485,000,000","5,309,000,000","4,750,000,000","4,541,000,000","4,762,000,000","4,830,000,000","4,512,000,000","4,391,000,000","4,605,000,000","4,324,000,000","4,120,000,000","4,190,000,000","4,494,000,000","4,479,000,000","4,136,000,000","3,804,000,000","4,816,000,000","5,583,000,000","4,760,000,000","4,859,000,000","5,256,000,000","5,011,000,000","4,577,000,000","3,086,000,000","5,150,000,000","5,011,000,000","4,483,000,000","4,601,000,000","5,046,000,000","5,012,000,000","4,737,000,000","4,636,000,000","4,798,000,000","4,710,000,000","4,426,000,000","4,333,000,000","4,562,000,000","4,550,000,000","4,308,000,000","4,188,000,000","4,445,000,000","4,307,000,000","3,970,000,000","3,995,000,000","4,233,000,000","4,101,000,000","3,808,000,000","3,591,000,000","4,199,000,000","3,828,000,000","3,444,000,000","3,577,000,000","3,725,000,000","3,587,000,000","3,507,000,000","3,404,300,000","3,518,600,000","3,194,500,000","2,769,600,000","3,002,300,000","3,054,700,000","2,974,400,000","2,688,200,000","2,585,500,000","2,727,400,000","2,715,700,000","2,451,000,000","2,368,000,000","2,328,300,000","2,163,200,000","1,964,800,000","1,882,100,000","1,975,400,000","1,831,100,000","1,509,300,000","1,498,600,000","1,546,800,000","1,517,700,000","1,455,100,000","1,488,200,000","1,561,100,000"
CostOfRevenue,"29,855,000,000","8,664,000,000","7,937,000,000","7,090,000,000","6,164,000,000","5,883,000,000","5,610,000,000","4,946,000,000","8,450,000,000","8,800,000,000","9,115,000,000","9,014,000,000","8,450,000,000","8,577,000,000","9,004,000,000","8,752,000,000","8,158,000,000","8,017,000,000","7,914,000,000","7,792,000,000","7,432,000,000","7,291,000,000","7,345,000,000","7,089,000,000","6,615,000,000","6,682,000,000","7,047,000,000","7,304,000,000","6,934,000,000","7,509,000,000","8,234,000,000","8,236,000,000","7,960,000,000","5,773,000,000","5,039,000,000","4,883,000,000","4,962,000,000","11,417,000,000","2,993,000,000","3,029,000,000","2,979,000,000","2,847,000,000","3,128,000,000","3,049,000,000","2,659,000,000","1,568,000,000","1,573,000,000","1,619,000,000","1,461,000,000","1,446,000,000","1,440,000,000","1,307,000,000","1,269,000,000","1,803,000,000","2,695,000,000","2,436,000,000","2,044,000,000","-4,521,000,000","3,805,000,000","3,659,000,000","3,449,000,000","3,449,000,000","3,766,000,000","3,725,000,000","3,406,000,000","3,670,000,000","3,683,000,000","3,303,000,000","2,970,000,000","3,020,000,000","2,953,000,000","2,809,000,000","2,674,000,000","2,504,000,000","2,612,000,000","2,521,000,000","2,754,000,000","2,235,000,000","3,062,000,000","2,981,000,000","2,798,000,000","2,830,000,000","3,396,000,000","3,466,000,000","2,865,000,000","2,862,000,000","2,791,000,000","2,660,000,000","2,593,000,000","2,154,000,000","2,660,000,000","2,502,000,000","2,456,000,000","2,314,000,000","2,416,000,000","2,317,000,000","2,292,000,000","2,369,000,000","2,325,000,000","2,297,000,000","2,273,000,000","2,329,000,000","2,260,000,000","2,234,000,000","2,185,000,000","2,210,000,000","2,201,000,000","2,107,000,000","2,062,000,000","2,094,000,000","2,097,000,000","2,023,000,000","2,025,000,000","2,150,000,000","2,197,000,000","2,235,000,000","2,122,000,000","559,000,000","2,726,000,000","2,570,000,000","2,421,000,000","1,022,600,000","2,210,100,000","2,056,600,000","2,019,700,000","2,255,700,000","1,940,900,000","1,809,900,000","1,800,300,000","1,713,800,000","1,064,700,000","1,055,500,000",,,,,,,,,,,,,,,
GrossProfit,"27,000,000","763,000,000","1,032,000,000","388,000,000","-2,156,000,000","-1,855,000,000","-2,437,000,000","-3,324,000,000","65,000,000","2,513,000,000","2,796,000,000","2,946,000,000","2,134,000,000","2,361,000,000","2,555,000,000","2,891,000,000","2,243,000,000","2,584,000,000","2,964,000,000","3,313,000,000","2,192,000,000","2,498,000,000","3,249,000,000","3,274,000,000","2,820,000,000","2,948,000,000","3,659,000,000","3,523,000,000","2,893,000,000","2,651,000,000","2,905,000,000","3,119,000,000","2,035,000,000","1,595,000,000","1,789,000,000","1,566,000,000","1,136,000,000","-5,480,000,000","3,436,000,000","3,423,000,000","3,058,000,000","3,109,000,000","3,248,000,000","3,065,000,000","2,874,000,000","4,018,000,000","4,269,000,000","4,055,000,000","3,607,000,000","3,616,000,000","3,687,000,000","3,582,000,000","3,570,000,000","3,666,000,000","3,726,000,000","3,743,000,000","3,653,000,000","10,204,000,000","2,141,000,000","2,220,000,000","1,978,000,000","1,948,000,000","2,081,000,000","2,250,000,000","1,938,000,000","1,498,000,000","1,802,000,000","2,006,000,000","1,780,000,000","1,521,000,000","1,809,000,000","2,021,000,000","1,838,000,000","1,887,000,000","1,993,000,000","1,803,000,000","1,366,000,000","1,955,000,000","1,432,000,000","1,498,000,000","1,338,000,000","974,000,000","1,420,000,000","2,117,000,000","1,895,000,000","1,997,000,000","2,465,000,000","2,351,000,000","1,984,000,000","932,000,000","2,490,000,000","2,509,000,000","2,027,000,000","2,287,000,000","2,630,000,000","2,695,000,000","2,445,000,000","2,267,000,000","2,473,000,000","2,413,000,000","2,153,000,000","2,004,000,000","2,302,000,000","2,316,000,000","2,123,000,000","1,978,000,000","2,244,000,000","2,200,000,000","1,908,000,000","1,901,000,000","2,136,000,000","2,078,000,000","1,783,000,000","1,441,000,000","2,002,000,000","1,593,000,000","1,322,000,000","3,018,000,000","999,000,000","1,017,000,000","1,086,000,000","2,381,700,000","1,308,500,000","1,137,900,000","749,900,000","746,600,000","1,113,800,000","1,164,500,000","887,900,000","871,700,000","1,662,700,000","1,660,200,000",,,,,,,,,,,,,,,
OperatingExpense,"5,073,000,000","1,544,000,000","1,427,000,000","1,235,000,000","867,000,000","678,000,000","729,000,000","578,000,000","1,497,000,000","1,637,000,000","1,761,000,000","1,672,000,000","1,639,000,000","1,585,000,000","1,692,000,000","1,746,000,000","1,658,000,000","1,734,000,000","1,620,000,000","1,579,000,000","1,472,000,000","1,472,000,000","1,529,000,000","1,461,000,000","1,386,000,000","1,439,000,000","1,497,000,000","1,458,000,000","1,374,000,000","1,326,000,000","1,424,000,000","1,469,000,000","1,442,000,000","931,000,000","1,076,000,000","1,064,000,000","1,056,000,000","-5,541,000,000","3,174,000,000","3,175,000,000","3,136,000,000","3,168,000,000","3,209,000,000","3,143,000,000","3,106,000,000","2,916,000,000","2,921,000,000","2,865,000,000","2,943,000,000","2,983,000,000","2,877,000,000","2,857,000,000","2,855,000,000","2,974,000,000","2,983,000,000","2,983,000,000","2,944,000,000","-5,799,000,000","6,103,000,000","5,877,000,000","5,659,000,000","5,685,000,000","6,034,000,000","5,982,000,000","5,691,000,000","6,006,000,000","5,931,000,000","5,546,000,000","5,175,000,000","5,273,000,000","5,254,000,000","5,119,000,000","4,928,000,000","4,725,000,000","4,931,000,000","4,994,000,000","5,470,000,000","5,347,000,000","5,630,000,000","5,600,000,000","5,380,000,000","5,372,000,000","6,104,000,000","6,204,000,000","5,127,000,000","5,187,000,000","5,085,000,000","4,901,000,000","4,755,000,000","6,679,000,000","3,884,000,000","3,864,000,000","3,719,000,000","7,634,000,000","3,663,000,000","3,655,000,000","3,533,000,000","7,825,000,000","3,495,000,000","3,432,000,000","3,362,000,000","7,998,000,000","3,302,000,000","3,324,000,000","3,298,000,000","7,115,000,000","3,338,000,000","3,270,000,000","3,188,000,000","6,953,000,000","3,174,000,000","3,163,000,000","3,111,000,000","1,603,000,000","1,630,000,000","1,613,000,000","1,576,000,000","3,231,000,000","1,003,000,000","962,000,000","949,000,000","2,423,100,000","1,121,300,000","1,037,800,000","990,800,000","991,700,000","970,200,000","930,800,000","896,100,000","801,700,000","1,431,900,000","1,373,700,000",,,,,,,,,,,,,,,
	SellingGeneralAndAdministration,"1,098,000,000","353,000,000","318,000,000","277,000,000","151,000,000","95,000,000","70,000,000","43,000,000","305,000,000","408,000,000","424,000,000","401,000,000","370,000,000","384,000,000","395,000,000","385,000,000","356,000,000","383,000,000","400,000,000","376,000,000","318,000,000","333,000,000","347,000,000","334,000,000","308,000,000","343,000,000","366,000,000","350,000,000","336,000,000","348,000,000","393,000,000","402,000,000","401,000,000","301,000,000",,,,,"2,199,000,000","2,171,000,000","2,173,000,000","2,172,000,000","2,198,000,000","2,165,000,000","2,099,000,000","1,936,000,000","1,988,000,000","1,962,000,000","1,937,000,000","1,927,000,000","1,923,000,000","1,905,000,000","1,905,000,000","1,937,000,000","1,897,000,000","1,917,000,000","1,901,000,000","1,330,000,000","2,197,000,000","2,120,000,000","2,151,000,000","2,183,000,000","2,165,000,000","2,163,000,000","2,191,000,000","2,230,000,000","2,149,000,000","2,137,000,000","2,092,000,000","2,117,000,000","2,143,000,000","2,157,000,000","2,098,000,000","2,041,000,000","2,160,000,000","2,344,000,000","2,604,000,000","2,122,000,000","2,751,000,000","2,801,000,000","2,756,000,000","2,693,000,000","2,893,000,000","2,932,000,000","2,375,000,000","2,420,000,000","2,388,000,000","2,354,000,000","2,264,000,000","1,553,000,000","2,470,000,000","2,478,000,000","2,353,000,000","2,332,000,000","2,316,000,000","2,386,000,000","2,285,000,000","2,311,000,000","2,294,000,000","2,255,000,000","2,216,000,000","2,177,000,000","2,162,000,000","2,203,000,000","2,182,000,000","2,141,000,000","2,201,000,000","2,170,000,000","2,109,000,000","2,135,000,000","2,125,000,000","2,113,000,000","2,084,000,000","1,269,000,000","1,337,000,000","1,309,000,000","1,284,000,000","2,956,000,000","740,000,000","703,000,000","705,000,000","2,178,200,000","896,500,000","826,000,000","789,300,000","792,200,000","784,100,000","757,300,000","732,100,000","643,100,000","1,274,900,000","1,226,700,000",,,,,,,,,,,,,,,
		GeneralAndAdministrativeExpense,,,,,,,,,,,,,,,,,,,,,,,,,,,,,,,,,,,,,,,"1,922,000,000","1,908,000,000","1,907,000,000","1,919,000,000","1,913,000,000","1,897,000,000","1,843,000,000","1,698,000,000","1,732,000,000","1,714,000,000","1,703,000,000","1,720,000,000","1,701,000,000","1,698,000,000","1,688,000,000","1,720,000,000","1,633,000,000","1,658,000,000","1,644,000,000","-485,000,000","2,467,000,000","2,388,000,000","2,400,000,000","2,420,000,000","2,449,000,000","2,449,000,000","2,460,000,000","2,494,000,000","2,441,000,000","2,423,000,000","2,363,000,000","2,361,000,000","2,431,000,000","2,444,000,000","2,386,000,000","2,308,000,000","2,441,000,000","2,604,000,000","2,859,000,000","2,824,000,000","2,858,000,000","2,956,000,000","2,917,000,000","2,837,000,000","3,100,000,000","3,192,000,000","2,599,000,000","2,661,000,000","2,654,000,000","2,627,000,000","2,521,000,000","1,815,000,000","2,784,000,000","2,776,000,000","2,641,000,000","2,624,000,000","2,627,000,000","2,708,000,000","2,586,000,000","2,614,000,000","2,626,000,000","2,584,000,000","2,530,000,000","2,470,000,000","2,485,000,000","2,524,000,000","2,497,000,000","2,453,000,000","2,541,000,000","2,491,000,000","2,429,000,000","2,459,000,000","2,471,000,000","2,452,000,000","2,410,000,000",,,,,,,,,,,,,,,,,,,,,,,,,,,,,,,,,,
			SalariesAndWages,,,,,,,,,,,,,,,,,,,,,,,,,,,,,,,,,,,,,,,"1,783,000,000","1,778,000,000","1,782,000,000","1,791,000,000","1,776,000,000","1,764,000,000","1,722,000,000","1,698,000,000","1,732,000,000","1,714,000,000","1,703,000,000","1,720,000,000","1,701,000,000","1,698,000,000","1,688,000,000","1,720,000,000","1,633,000,000","1,658,000,000","1,644,000,000","11,817,000,000","-1,721,000,000","-1,655,000,000","-1,671,000,000","-1,710,000,000","-1,694,000,000","-1,680,000,000","-1,729,000,000","-1,776,000,000","-1,664,000,000","-1,671,000,000","-1,644,000,000","-1,680,000,000","-1,696,000,000","-1,703,000,000","-1,640,000,000","-1,604,000,000","-1,693,000,000","-1,869,000,000","-2,123,000,000","-2,065,000,000","-2,121,000,000","-2,126,000,000","-2,080,000,000","-2,027,000,000","-2,133,000,000","-2,126,000,000","-1,746,000,000","-1,771,000,000","-1,721,000,000","-1,674,000,000","-1,617,000,000","-956,000,000","-1,734,000,000","-1,765,000,000","-1,665,000,000","-1,690,000,000","-1,632,000,000","-1,693,000,000","-1,624,000,000","-1,641,000,000","-1,591,000,000","-1,556,000,000","-1,540,000,000","-1,513,000,000","-1,464,000,000","-1,497,000,000","-1,487,000,000","-1,445,000,000","-1,465,000,000","-1,464,000,000","-1,405,000,000","-1,419,000,000","-1,391,000,000","-1,396,000,000","-1,368,000,000",,,,,,,,,,,,,,,,,,,,,,,,,,,,,,,,,,
			RentAndLandingFees,,,,,,,,,,,,,,,,,,,,,,,,,,,,,,,,,,,,,,,"466,000,000","463,000,000","471,000,000","541,000,000","528,000,000","513,000,000","512,000,000","517,000,000","503,000,000","497,000,000","481,000,000","476,000,000","470,000,000","464,000,000","448,000,000","433,000,000","466,000,000","443,000,000","448,000,000","3,290,000,000","-476,000,000","-465,000,000","-480,000,000","-473,000,000","-471,000,000","-483,000,000","-462,000,000","-454,000,000","-485,000,000","-466,000,000","-448,000,000","-437,000,000","-447,000,000","-454,000,000","-458,000,000","-437,000,000","-467,000,000","-475,000,000","-481,000,000","-480,000,000","-523,000,000","-520,000,000","-515,000,000","-522,000,000","-553,000,000","-546,000,000","-405,000,000","-408,000,000","-401,000,000","-407,000,000","-390,000,000","-335,000,000","-422,000,000","-415,000,000","-400,000,000","-350,000,000","-373,000,000","-371,000,000","-360,000,000","-367,000,000","-371,000,000","-370,000,000","-362,000,000","-371,000,000","-375,000,000","-385,000,000","-380,000,000","-384,000,000","-396,000,000","-385,000,000","-384,000,000","-392,000,000","-388,000,000","-378,000,000","-390,000,000",,,,,,,,,,,,,,,,,,,,,,,,,,,,,,,,,,
			OtherGandA,,,,,,,,,,,,,,,,,,,,,,,,,,,,,,,,,,,,,,,"-327,000,000","-333,000,000","-346,000,000","-413,000,000","-391,000,000","-380,000,000","-391,000,000","-517,000,000","-503,000,000","-497,000,000","-481,000,000","-476,000,000","-470,000,000","-464,000,000","-448,000,000","-433,000,000","-466,000,000","-443,000,000","-448,000,000","-15,592,000,000","4,664,000,000","4,508,000,000","4,551,000,000","4,603,000,000","4,614,000,000","4,612,000,000","4,651,000,000","4,724,000,000","4,590,000,000","4,560,000,000","4,455,000,000","4,478,000,000","4,574,000,000","4,601,000,000","4,484,000,000","4,349,000,000","4,601,000,000","4,948,000,000","5,463,000,000","5,369,000,000","5,502,000,000","5,602,000,000","5,512,000,000","5,386,000,000","5,786,000,000","5,864,000,000","4,750,000,000","4,840,000,000","4,776,000,000","4,708,000,000","4,528,000,000","3,106,000,000","4,940,000,000","4,956,000,000","4,706,000,000","4,664,000,000","4,632,000,000","4,772,000,000","4,570,000,000","4,622,000,000","4,588,000,000","4,510,000,000","4,432,000,000","4,354,000,000","4,324,000,000","4,406,000,000","4,364,000,000","4,282,000,000","4,402,000,000","4,340,000,000","4,218,000,000","4,270,000,000","4,250,000,000","4,226,000,000","4,168,000,000",,,,,,,,,,,,,,,,,,,,,,,,,,,,,,,,,,
		SellingAndMarketingExpense,"1,098,000,000","353,000,000","318,000,000","277,000,000","151,000,000","95,000,000","70,000,000","43,000,000","305,000,000","408,000,000","424,000,000","401,000,000","370,000,000","384,000,000","395,000,000","385,000,000","356,000,000","383,000,000","400,000,000","376,000,000","318,000,000","333,000,000","347,000,000","334,000,000","308,000,000","343,000,000","366,000,000","350,000,000","336,000,000","348,000,000","393,000,000","402,000,000","401,000,000","301,000,000",,,,,"277,000,000","263,000,000","266,000,000","253,000,000","285,000,000","268,000,000","256,000,000","238,000,000","256,000,000","248,000,000","234,000,000","207,000,000","222,000,000","207,000,000","217,000,000","217,000,000","264,000,000","259,000,000","257,000,000","1,815,000,000","-270,000,000","-268,000,000","-249,000,000","-237,000,000","-284,000,000","-286,000,000","-269,000,000","-264,000,000","-292,000,000","-286,000,000","-271,000,000","-244,000,000","-288,000,000","-287,000,000","-288,000,000","-267,000,000","-281,000,000","-260,000,000","-255,000,000","-702,000,000","-107,000,000","-155,000,000","-161,000,000","-144,000,000","-207,000,000","-260,000,000","-224,000,000","-241,000,000","-266,000,000","-273,000,000","-257,000,000","-262,000,000","-314,000,000","-298,000,000","-288,000,000","-292,000,000","-311,000,000","-322,000,000","-301,000,000","-303,000,000","-332,000,000","-329,000,000","-314,000,000","-293,000,000","-323,000,000","-321,000,000","-315,000,000","-312,000,000","-340,000,000","-321,000,000","-320,000,000","-324,000,000","-346,000,000","-339,000,000","-326,000,000",,,,,,,,,,,,,,,,,,,,,,,,,,,,,,,,,,
	DepreciationAmortizationDepletionIncomeStatement,,,,,,,,,,,,,,,,,,,,,,,,,,,,,,,,,,,,,,,"256,000,000","261,000,000","260,000,000","271,000,000","273,000,000","266,000,000","276,000,000","285,000,000","274,000,000","267,000,000","267,000,000","278,000,000","272,000,000","282,000,000","272,000,000","285,000,000","289,000,000","324,000,000","309,000,000","310,000,000","307,000,000","295,000,000","290,000,000","289,000,000","290,000,000","291,000,000","287,000,000","296,000,000","292,000,000","286,000,000","290,000,000","329,000,000","317,000,000","320,000,000","326,000,000","350,000,000","345,000,000","344,000,000","338,000,000","347,000,000","340,000,000","338,000,000","341,000,000","371,000,000","368,000,000","352,000,000","313,000,000","313,000,000","307,000,000","294,000,000","288,000,000","108,000,000","317,000,000","351,000,000","316,000,000","321,000,000","328,000,000","324,000,000","323,000,000","311,000,000","311,000,000","310,000,000","312,000,000","305,000,000","302,000,000","297,000,000","300,000,000","312,000,000","314,000,000","318,000,000","315,000,000","315,000,000","298,000,000","320,000,000","320,000,000","334,000,000","293,000,000","304,000,000","292,000,000","275,000,000","263,000,000","259,000,000","244,000,000","244,900,000","224,800,000","211,800,000","201,500,000","199,500,000","186,100,000","173,500,000","164,000,000","158,600,000","157,000,000","147,000,000",,,,,,,,,,,,,,,
		DepreciationAndAmortizationInIncomeStatement,,,,,,,,,,,,,,,,,,,,,,,,,,,,,,,,,,,,,,,"256,000,000","261,000,000","260,000,000","271,000,000","273,000,000","266,000,000","276,000,000","285,000,000","274,000,000","267,000,000","267,000,000","278,000,000","272,000,000","282,000,000","272,000,000","285,000,000","289,000,000","324,000,000","309,000,000","310,000,000","307,000,000","295,000,000","290,000,000","289,000,000","290,000,000","291,000,000","287,000,000","296,000,000","292,000,000","286,000,000","290,000,000","329,000,000","317,000,000","320,000,000","326,000,000","350,000,000","345,000,000","344,000,000","338,000,000","347,000,000","340,000,000","338,000,000","341,000,000","371,000,000","368,000,000","352,000,000","313,000,000","313,000,000","307,000,000","294,000,000","288,000,000","108,000,000","317,000,000","351,000,000","316,000,000","321,000,000","328,000,000","324,000,000","323,000,000","311,000,000","311,000,000","310,000,000","312,000,000","305,000,000","302,000,000","297,000,000","300,000,000","312,000,000","314,000,000","318,000,000","315,000,000","315,000,000","298,000,000","320,000,000","320,000,000","334,000,000","293,000,000","304,000,000","292,000,000","275,000,000","263,000,000","259,000,000","244,000,000","244,900,000","224,800,000","211,800,000","201,500,000","199,500,000","186,100,000","173,500,000","164,000,000","158,600,000","157,000,000","147,000,000",,,,,,,,,,,,,,,
			DepreciationIncomeStatement,,,,,,,,,,,,,,,,,,,,,,,,,,,,,,,,,,,,,,,,,,,,,,,,,,,,,,,,,,,"307,000,000","295,000,000","290,000,000","289,000,000","290,000,000","291,000,000","287,000,000","296,000,000","292,000,000","286,000,000","290,000,000","329,000,000","317,000,000","320,000,000","326,000,000","350,000,000","345,000,000","344,000,000","338,000,000","347,000,000","340,000,000","338,000,000","341,000,000","371,000,000","368,000,000","352,000,000","313,000,000","313,000,000","307,000,000","294,000,000","288,000,000","108,000,000","317,000,000","351,000,000","316,000,000","321,000,000","328,000,000","324,000,000","323,000,000","311,000,000","311,000,000","310,000,000","312,000,000","305,000,000","302,000,000","297,000,000","300,000,000","312,000,000","314,000,000","318,000,000","315,000,000","315,000,000","298,000,000","320,000,000","320,000,000","334,000,000","293,000,000","304,000,000","292,000,000","275,000,000","263,000,000","259,000,000","244,000,000","244,900,000","224,800,000","211,800,000","201,500,000","199,500,000","186,100,000","173,500,000","164,000,000","158,600,000","157,000,000","147,000,000",,,,,,,,,,,,,,,
	OtherOperatingExpenses,"3,975,000,000","1,191,000,000","1,109,000,000","958,000,000","716,000,000","583,000,000","659,000,000","535,000,000","1,192,000,000","1,229,000,000","1,337,000,000","1,271,000,000","1,269,000,000","1,201,000,000","1,297,000,000","1,361,000,000","1,302,000,000","1,228,000,000","1,220,000,000","1,203,000,000","1,154,000,000","1,139,000,000","1,182,000,000","1,127,000,000","1,078,000,000","1,096,000,000","1,131,000,000","1,108,000,000","1,038,000,000","978,000,000","1,031,000,000","1,067,000,000","1,041,000,000","-227,000,000","1,076,000,000","1,064,000,000","1,056,000,000","1,778,000,000","719,000,000","743,000,000","703,000,000","725,000,000","738,000,000","712,000,000","731,000,000","695,000,000","659,000,000","636,000,000","739,000,000","778,000,000","682,000,000","670,000,000","678,000,000","752,000,000","797,000,000","742,000,000","734,000,000","-7,439,000,000","3,599,000,000","3,462,000,000","3,218,000,000","3,213,000,000","3,579,000,000","3,528,000,000","3,213,000,000","3,480,000,000","3,490,000,000","3,123,000,000","2,793,000,000","2,827,000,000","2,794,000,000","2,642,000,000","2,504,000,000","2,334,000,000","2,426,000,000","2,306,000,000","2,528,000,000","2,878,000,000","2,539,000,000","2,461,000,000","2,283,000,000","2,308,000,000","2,843,000,000","2,920,000,000","2,439,000,000","2,454,000,000","2,390,000,000","2,253,000,000","2,203,000,000","5,018,000,000","1,097,000,000","1,035,000,000","1,050,000,000","4,981,000,000","1,019,000,000","945,000,000","925,000,000","5,203,000,000","890,000,000","867,000,000","834,000,000","5,516,000,000","838,000,000","824,000,000","816,000,000","4,662,000,000","823,000,000","782,000,000","764,000,000","4,503,000,000","751,000,000","730,000,000","707,000,000",,,,,,,,,,,,,,,,,,,,,,,,,,,,,,,,,,
OperatingIncome,"-5,046,000,000","-781,000,000","-395,000,000","-847,000,000","-3,023,000,000","-2,533,000,000","-3,166,000,000","-3,902,000,000","-1,432,000,000","876,000,000","1,035,000,000","1,274,000,000","495,000,000","776,000,000","863,000,000","1,145,000,000","585,000,000","850,000,000","1,344,000,000","1,734,000,000","720,000,000","1,026,000,000","1,720,000,000","1,813,000,000","1,434,000,000","1,509,000,000","2,162,000,000","2,065,000,000","1,519,000,000","1,325,000,000","1,481,000,000","1,650,000,000","593,000,000","664,000,000","713,000,000","502,000,000","80,000,000","61,000,000","262,000,000","248,000,000","-78,000,000","-59,000,000","39,000,000","-78,000,000","-232,000,000","1,102,000,000","1,348,000,000","1,190,000,000","664,000,000","633,000,000","810,000,000","725,000,000","715,000,000","692,000,000","743,000,000","760,000,000","709,000,000","16,003,000,000","-3,962,000,000","-3,657,000,000","-3,681,000,000","-3,737,000,000","-3,953,000,000","-3,732,000,000","-3,753,000,000","-4,508,000,000","-4,129,000,000","-3,540,000,000","-3,395,000,000","-3,752,000,000","-3,445,000,000","-3,098,000,000","-3,090,000,000","-2,838,000,000","-2,938,000,000","-3,191,000,000","-4,104,000,000","-3,392,000,000","-4,198,000,000","-4,102,000,000","-4,042,000,000","-4,398,000,000","-4,684,000,000","-4,087,000,000","-3,232,000,000","-3,190,000,000","-2,620,000,000","-2,550,000,000","-2,771,000,000","-5,747,000,000","-1,394,000,000","-1,355,000,000","-1,692,000,000","-5,347,000,000","-1,033,000,000","-960,000,000","-1,088,000,000","-5,558,000,000","-1,022,000,000","-1,019,000,000","-1,209,000,000","-5,994,000,000","-1,000,000,000","-1,008,000,000","-1,175,000,000","-5,137,000,000","-1,094,000,000","-1,070,000,000","-1,280,000,000","-5,052,000,000","-1,038,000,000","-1,085,000,000","-1,328,000,000","-162,000,000","372,000,000","-20,000,000","-254,000,000","-213,000,000","-4,000,000","55,000,000","137,000,000","-41,400,000","187,200,000","100,100,000","-240,900,000","-245,100,000","143,600,000","233,700,000","-8,200,000","70,000,000","230,800,000","286,500,000","2,451,000,000","-5,649,800,000","2,328,300,000","2,163,200,000","1,964,800,000","-4,854,800,000","1,975,400,000","1,831,100,000","1,509,300,000","-4,108,700,000","1,546,800,000","1,517,700,000","1,455,100,000","-4,106,200,000","1,561,100,000"
NetNonOperatingInterestIncomeExpense,"-1,782,000,000","-463,000,000","-471,000,000","-481,000,000","-367,000,000","-371,000,000","-335,000,000","-244,000,000","-236,000,000","-241,000,000","-250,000,000","-240,000,000","-238,000,000","-227,000,000","-236,000,000","-236,000,000","-240,000,000","-242,000,000","-241,000,000","-239,000,000","-236,000,000","-235,000,000","-234,000,000","-233,000,000","-226,000,000","-219,000,000","-209,000,000","-213,000,000","-200,000,000","-211,000,000","-203,000,000","-206,000,000","-236,000,000","-248,000,000","-191,000,000","-151,000,000","-246,000,000","-103,000,000","-154,000,000","-145,000,000","-160,000,000","-182,000,000","-194,000,000","-198,000,000","-186,000,000","-188,000,000","-189,000,000","-195,000,000","-194,000,000","-191,000,000","-164,000,000","-148,000,000","-165,000,000","-134,000,000","-143,000,000","-129,000,000","-136,000,000",,,,,,,,,,,,,,,,,,,,,,,,,,,,,,,,,,,,,,,,,,,,,,,,,,,,,,,,,,,,,,,,,,,,,,,,,,,,,,,,,,,,,,,,,,
	InterestIncomeNonOperating,"18,000,000","5,000,000","5,000,000","5,000,000","4,000,000","5,000,000","5,000,000","10,000,000","21,000,000","24,000,000","34,000,000","35,000,000","33,000,000","34,000,000","29,000,000","30,000,000","25,000,000","24,000,000","25,000,000","24,000,000","21,000,000","18,000,000","16,000,000","16,000,000","13,000,000","10,000,000","10,000,000","10,000,000","10,000,000","9,000,000","7,000,000","8,000,000","7,000,000","6,000,000","5,000,000","5,000,000","4,000,000","6,000,000","7,000,000","7,000,000","6,000,000","6,000,000","6,000,000","7,000,000","7,000,000","38,000,000","8,000,000","14,000,000","5,000,000","-24,000,000","18,000,000","19,000,000","21,000,000","43,000,000","37,000,000","56,000,000","58,000,000",,,,,,,,,,,,,,,,,,,,,,,,,,,,,,,,,,,,,,,,,,,,,,,,,,,,,,,,,,,,,,,,,,,,,,,,,,,,,,,,,,,,,,,,,,
	InterestExpenseNonOperating,"1,800,000,000","468,000,000","476,000,000","486,000,000","371,000,000","376,000,000","340,000,000","254,000,000","257,000,000","265,000,000","284,000,000","275,000,000","271,000,000","261,000,000","265,000,000","266,000,000","265,000,000","266,000,000","266,000,000","263,000,000","257,000,000","253,000,000","250,000,000","249,000,000","239,000,000","229,000,000","219,000,000","223,000,000","210,000,000","220,000,000","210,000,000","214,000,000","243,000,000","254,000,000","196,000,000","156,000,000","250,000,000","109,000,000","161,000,000","152,000,000","166,000,000","188,000,000","200,000,000","205,000,000","193,000,000","226,000,000","197,000,000","209,000,000","199,000,000","167,000,000","182,000,000","167,000,000","186,000,000","177,000,000","180,000,000","185,000,000","194,000,000",,,,,,,,,,,,,,,,,,,,,,,,,,,,,,,,,,,,,,,,,,,,,,,,,,,,,,,,,,,,,,,,,,,,,,,,,,,,,,,,,,,,,,,,,,
OtherIncomeExpense,"4,280,000,000","53,000,000","1,072,000,000","1,337,000,000","1,817,000,000","95,000,000","406,000,000","1,532,000,000","-1,222,000,000","-64,000,000","-228,000,000","-152,000,000","-12,000,000","-163,000,000","-171,000,000","-140,000,000","-72,000,000","-183,000,000","-99,000,000","-204,000,000","-119,000,000","-291,000,000","-297,000,000","-87,000,000","-91,000,000","-1,045,000,000","-244,000,000","-133,000,000","-376,000,000","-547,000,000","-329,000,000","-240,000,000","136,000,000","-2,741,000,000","-233,000,000","-131,000,000","-197,000,000","-264,000,000","-346,000,000","-344,000,000","-1,422,000,000","-854,000,000","-7,000,000","-10,000,000","-18,000,000","-13,000,000","-10,000,000","-12,000,000","-13,000,000","-88,000,000","-95,000,000","-39,000,000","-29,000,000","-32,000,000","377,000,000","-1,193,000,000","-5,000,000","111,000,000","-7,000,000","-5,000,000","-3,000,000","4,000,000","-90,000,000","7,000,000","1,000,000","-5,000,000","8,000,000","23,000,000","14,000,000","112,000,000","31,000,000","44,000,000","-10,000,000","-185,000,000","38,000,000","302,000,000","5,000,000","16,000,000","-683,000,000","27,000,000","14,000,000","-89,000,000","205,000,000","-610,000,000","-16,000,000","71,000,000","30,000,000","86,000,000","32,000,000","104,000,000","-9,000,000","-6,000,000","65,000,000","61,000,000","16,000,000","-4,000,000","-15,000,000","-9,000,000",,"-6,000,000","-4,000,000","738,000,000","-23,000,000","1,000,000","-6,000,000","-564,000,000","12,000,000","-2,000,000","-15,000,000","-280,000,000","-15,000,000","-10,000,000","-18,000,000","-64,000,000","15,000,000","267,000,000","401,000,000","12,000,000","51,000,000","-138,000,000","54,000,000","-3,400,000","62,700,000","45,300,000","58,400,000","24,100,000","51,700,000","55,200,000","49,000,000","56,800,000","41,500,000","53,000,000",,,,,,,,,,,,,,,
	SpecialIncomeCharges,"3,987,000,000","1,000,000","990,000,000","1,288,000,000","1,708,000,000","18,000,000","295,000,000","1,461,000,000","-1,117,000,000","-147,000,000","-227,000,000","-121,000,000","-120,000,000","-228,000,000","-214,000,000","-117,000,000","-154,000,000","-160,000,000","-112,000,000","-199,000,000","-119,000,000","-259,000,000","-289,000,000","-62,000,000","-99,000,000","-441,000,000","-163,000,000","-144,000,000","-303,000,000","-800,000,000","0","0","0","-2,779,000,000","-151,000,000","-124,000,000","-160,000,000","-119,000,000","-346,000,000","-344,000,000","-1,422,000,000","-854,000,000","-7,000,000","-10,000,000","-18,000,000","-13,000,000","-10,000,000","-12,000,000","-13,000,000","-88,000,000","-95,000,000","-39,000,000","-29,000,000","-32,000,000","377,000,000","-1,193,000,000","-5,000,000","111,000,000","-7,000,000","-5,000,000","-3,000,000","4,000,000","-90,000,000","7,000,000","1,000,000","-5,000,000","8,000,000","23,000,000","14,000,000","112,000,000","31,000,000","44,000,000","-10,000,000","-185,000,000","38,000,000","302,000,000","5,000,000","16,000,000","-683,000,000","27,000,000","14,000,000","-89,000,000","205,000,000","-610,000,000","-16,000,000","71,000,000","30,000,000","86,000,000","32,000,000","104,000,000","-9,000,000","-6,000,000","65,000,000","61,000,000","16,000,000","-4,000,000","-15,000,000","-9,000,000",,"-6,000,000","-4,000,000","738,000,000","-23,000,000","1,000,000","-6,000,000","-564,000,000","12,000,000","-2,000,000","-15,000,000","-280,000,000","-15,000,000","-10,000,000","-18,000,000","-64,000,000","15,000,000","267,000,000","401,000,000","12,000,000","51,000,000","-138,000,000","54,000,000","-3,400,000","62,700,000","45,300,000","58,400,000","24,100,000","51,700,000","55,200,000","49,000,000","56,800,000","41,500,000","53,000,000",,,,,,,,,,,,,,,
		RestructuringAndMergernAcquisition,"168,000,000","0","0",,"168,000,000","0","871,000,000","332,000,000","205,000,000","128,000,000","101,000,000","116,000,000","120,000,000","265,000,000","197,000,000","143,000,000","141,000,000","139,000,000","124,000,000","116,000,000","2,000,000","1,000,000","5,000,000","3,000,000","5,000,000","9,000,000","2,000,000","10,000,000","7,000,000","800,000,000","0","0","0","2,746,000,000","151,000,000","124,000,000","160,000,000","441,000,000",,,,,,,,,,,,,,,,,,,,,,,,,,,,,,,,,,,,,,,,,,,,,,,,,,,,,,,,,,,,,,,,,,,,,,,,,,,,,,,,,,,,,,,,,,,,,,,,,,,,,,,,,,,,,
		ImpairmentOfCapitalAssets,,,"0",,,"0","742,000,000","0","744,000,000","12,000,000","201,000,000","0",,"0","0","26,000,000",,,,,,,,,,,,,,,,,,,,,,,,,,,,,,,,,,,,,,,,,,,,,,,,,,,,,,,,,,,,,,,,,,,,,,,,,,,,,,,,,,,,,,,,,,,,,,,,,,,,,,,,,,,,,,,,,,,,,,,,,,,,,,,,,,,
		OtherSpecialCharges,"-4,155,000,000","-1,000,000","-990,000,000","-1,288,000,000","-1,876,000,000","-18,000,000","-1,908,000,000","-1,793,000,000","168,000,000","7,000,000","-75,000,000","5,000,000",,"-37,000,000","17,000,000","-52,000,000","13,000,000","21,000,000","-12,000,000","83,000,000","119,000,000","259,000,000","289,000,000","62,000,000","99,000,000","441,000,000","163,000,000","144,000,000","303,000,000","466,000,000","221,000,000","251,000,000","-137,000,000","461,000,000","15,000,000","13,000,000","28,000,000","58,000,000",,,,,,,,,,,,,,,,,,,,,,,,,,,,,,,,,,,,,,,,,,,,,,,,,,,,,,,,,,,,,,,,,,,,,,,,,,,,,,,,,,,,,,,,,,,,,,,,,,,,,,,,,,,,,
	OtherNonOperatingIncomeExpenses,"293,000,000","52,000,000","82,000,000","49,000,000","109,000,000","77,000,000","111,000,000","71,000,000","-105,000,000","83,000,000","-1,000,000","-31,000,000","108,000,000","65,000,000","43,000,000","-23,000,000","82,000,000","-23,000,000","13,000,000","-5,000,000","-119,000,000","-291,000,000","-297,000,000","-87,000,000","-91,000,000","-1,045,000,000","-244,000,000","-133,000,000","-376,000,000","253,000,000","-329,000,000","-240,000,000","136,000,000","38,000,000","-82,000,000","-7,000,000","-37,000,000","212,000,000",,,,,,,,,,,,,,,,,,,,,,,,,,,,,,,,,,,,,,,,,,,,,,,,,,,,,,,,,,,,,,,,,,,,,,,,,,,,,,,,,,,,,,,,,,,,,,,,,,,,,,,,,,,,,
PretaxIncome,"-2,548,000,000","-1,191,000,000","206,000,000","9,000,000","-1,573,000,000","-2,809,000,000","-3,095,000,000","-2,659,000,000","-2,890,000,000","571,000,000","557,000,000","882,000,000","245,000,000","386,000,000","456,000,000","769,000,000","273,000,000","425,000,000","1,004,000,000","1,291,000,000","365,000,000","500,000,000","1,189,000,000","1,493,000,000","1,117,000,000","245,000,000","1,709,000,000","1,719,000,000","943,000,000","567,000,000","949,000,000","1,204,000,000","493,000,000","-2,325,000,000","289,000,000","220,000,000","-363,000,000","-306,000,000","-238,000,000","-241,000,000","-1,660,000,000","-1,095,000,000","-162,000,000","-286,000,000","-436,000,000","-133,000,000","143,000,000","-11,000,000","-505,000,000","-598,000,000","-389,000,000","-390,000,000","-375,000,000","-340,000,000","45,000,000","-1,448,000,000","-328,000,000","-69,000,000","175,000,000","317,000,000","81,000,000","17,000,000","15,000,000","291,000,000","-92,000,000","-604,000,000","-153,000,000","58,000,000","-162,000,000","-387,000,000","-214,000,000","6,000,000","-166,000,000","-191,000,000","1,000,000","-75,000,000","-1,043,000,000","-828,000,000","-1,449,000,000","-720,000,000","-863,000,000","-1,270,000,000","-636,000,000","-793,000,000","-57,000,000","83,000,000","525,000,000","679,000,000","157,000,000","-86,000,000","471,000,000","448,000,000","173,000,000","306,000,000","708,000,000","676,000,000","485,000,000","343,000,000","542,000,000","504,000,000","257,000,000","424,000,000","464,000,000","480,000,000","265,000,000","-421,000,000","385,000,000","321,000,000","73,000,000","-216,000,000","336,000,000","248,000,000","2,000,000","-387,000,000","223,000,000","79,000,000","-28,000,000","-371,000,000","-122,000,000","-243,000,000","39,000,000","-186,400,000","116,400,000","20,200,000","-290,200,000","-319,600,000","106,900,000","208,700,000","-29,400,000","66,300,000","214,000,000","279,900,000",,,,,,,,,,,,,,,
TaxProvision,"-555,000,000","-259,000,000","37,000,000","-10,000,000","-323,000,000","-631,000,000","-696,000,000","-592,000,000","-649,000,000","157,000,000","132,000,000","220,000,000","60,000,000","68,000,000","115,000,000","203,000,000","87,000,000","167,000,000","380,000,000","488,000,000","131,000,000","211,000,000","452,000,000","543,000,000","417,000,000","-3,036,000,000","16,000,000","15,000,000","11,000,000","-30,000,000","7,000,000","340,000,000","13,000,000","-324,000,000","0","0","-22,000,000","-569,000,000","0","0","0","0","0","0","0","-35,000,000","0","0","0","-254,000,000","-30,000,000","0","0","0","0","0","0","0","0","0","0","0","0","0","0","0","0","0","0","0","0","0","0","-80,000,000","0","0","0","-299,000,000","-525,000,000","-225,000,000","-288,000,000","-472,000,000","-222,000,000","-286,000,000","-14,000,000","36,000,000","203,000,000","201,000,000","68,000,000","-101,000,000","192,000,000","180,000,000","79,000,000","124,000,000","277,000,000","267,000,000","195,000,000","135,000,000","219,000,000","202,000,000","105,000,000","51,000,000","182,000,000","187,000,000","108,000,000","-152,000,000","150,000,000","129,000,000","35,000,000","-93,000,000","131,000,000","95,000,000","9,000,000","-141,000,000","98,000,000","32,000,000","-6,000,000","-127,000,000","-37,000,000","-77,000,000","19,000,000","-61,400,000","46,100,000","9,900,000","-94,600,000","-104,500,000","41,300,000","79,500,000","-10,100,000","27,400,000","77,000,000","102,000,000",,,,,,,,,,,,,,,
NetIncomeCommonStockholders,"-1,993,000,000","-932,000,000","169,000,000","19,000,000","-1,250,000,000","-2,178,000,000","-2,399,000,000","-2,067,000,000","-2,241,000,000","414,000,000","425,000,000","662,000,000","185,000,000","318,000,000","341,000,000","566,000,000","186,000,000","258,000,000","624,000,000","803,000,000","234,000,000","289,000,000","737,000,000","950,000,000","700,000,000","3,281,000,000","1,693,000,000","1,704,000,000","932,000,000","597,000,000","942,000,000","864,000,000","480,000,000","-2,001,000,000","289,000,000","220,000,000","-341,000,000","263,000,000","-238,000,000","-241,000,000","-1,660,000,000","-1,095,000,000","-162,000,000","-286,000,000","-436,000,000","-98,000,000","143,000,000","-11,000,000","-505,000,000","-344,000,000","-359,000,000","-390,000,000","-375,000,000","-340,000,000","45,000,000","-1,448,000,000","-328,000,000","-69,000,000","175,000,000","317,000,000","81,000,000","17,000,000","15,000,000","291,000,000","-92,000,000","-604,000,000","-153,000,000","58,000,000","-162,000,000","-387,000,000","-214,000,000","6,000,000","-166,000,000","-111,000,000","1,000,000","-75,000,000","-1,043,000,000","-529,000,000","-924,000,000","-495,000,000","-575,000,000","-798,000,000","-414,000,000","-507,000,000","-43,000,000","47,000,000","313,000,000","321,000,000","132,000,000","280,000,000","279,000,000","268,000,000","158,000,000","182,000,000","433,000,000","409,000,000","290,000,000","208,000,000","323,000,000","302,000,000","152,000,000","284,000,000","282,000,000","293,000,000","157,000,000","-282,000,000","229,000,000","178,000,000","37,000,000","42,000,000","188,000,000","136,000,000","-23,000,000","-281,000,000","113,000,000","30,000,000","-32,000,000","-704,000,000","-85,000,000","-166,000,000","20,000,000","-125,000,000","70,300,000","10,300,000","-195,600,000","-215,100,000","65,600,000","129,200,000","-19,300,000","35,900,000","134,000,000","174,900,000","101,000,000","106,400,000","150,300,000","141,400,000","68,400,000","-5,000,000","87,100,000","92,200,000","19,900,000","31,900,000","111,700,000","128,200,000","4,200,000","15,300,000","87,300,000"
	NetIncome,"-1,993,000,000","-932,000,000","169,000,000","19,000,000","-1,250,000,000","-2,178,000,000","-2,399,000,000","-2,067,000,000","-2,241,000,000","414,000,000","425,000,000","662,000,000","185,000,000","318,000,000","341,000,000","566,000,000","186,000,000","258,000,000","624,000,000","803,000,000","234,000,000","289,000,000","737,000,000","950,000,000","700,000,000","3,281,000,000","1,693,000,000","1,704,000,000","932,000,000","597,000,000","942,000,000","864,000,000","480,000,000","-2,001,000,000","289,000,000","220,000,000","-341,000,000","263,000,000","-238,000,000","-241,000,000","-1,660,000,000","-1,095,000,000","-162,000,000","-286,000,000","-436,000,000","-98,000,000","143,000,000","-11,000,000","-505,000,000","-344,000,000","-359,000,000","-390,000,000","-375,000,000","-340,000,000","45,000,000","-1,448,000,000","-328,000,000","-69,000,000","175,000,000","317,000,000","81,000,000","17,000,000","15,000,000","291,000,000","-92,000,000","-604,000,000","-153,000,000","58,000,000","-162,000,000","-387,000,000","-214,000,000","6,000,000","-166,000,000","-111,000,000","1,000,000","-75,000,000","-1,043,000,000","-529,000,000","-924,000,000","-495,000,000","-575,000,000","-798,000,000","-414,000,000","-507,000,000","-43,000,000","47,000,000","313,000,000","321,000,000","132,000,000","280,000,000","279,000,000","268,000,000","158,000,000","182,000,000","433,000,000","409,000,000","290,000,000","208,000,000","323,000,000","302,000,000","152,000,000","284,000,000","282,000,000","293,000,000","157,000,000","-281,000,000","231,000,000","179,000,000","38,000,000","-123,000,000","205,000,000","153,000,000","-7,000,000","-253,000,000","118,000,000","47,000,000","-22,000,000","-704,000,000","-85,000,000","-166,000,000","20,000,000","-125,000,000","70,300,000","10,300,000","-195,600,000","-215,100,000","65,600,000","129,200,000","-19,300,000","38,900,000","137,000,000","177,900,000","101,000,000","116,700,000","150,300,000","141,400,000","68,400,000","-800,000","87,100,000","92,200,000","19,900,000","35,100,000","111,700,000","128,200,000","4,200,000","24,400,000","87,300,000"
		NetIncomeIncludingNoncontrollingInterests,"-1,993,000,000","-932,000,000","169,000,000","19,000,000","-1,250,000,000","-2,178,000,000","-2,399,000,000","-2,067,000,000","-2,241,000,000","414,000,000","425,000,000","662,000,000","185,000,000","318,000,000","341,000,000","566,000,000","186,000,000","258,000,000","624,000,000","803,000,000","234,000,000","289,000,000","737,000,000","950,000,000","700,000,000","3,281,000,000","1,693,000,000","1,704,000,000","932,000,000","597,000,000","942,000,000","864,000,000","480,000,000","-2,001,000,000","289,000,000","220,000,000","-341,000,000","263,000,000","-238,000,000","-241,000,000","-1,660,000,000","-1,095,000,000","-162,000,000","-286,000,000","-436,000,000","-98,000,000","143,000,000","-11,000,000","-505,000,000","-344,000,000","-359,000,000","-390,000,000","-375,000,000","-340,000,000","45,000,000","-1,448,000,000","-328,000,000","-69,000,000","175,000,000","317,000,000","81,000,000","17,000,000","15,000,000","291,000,000","-92,000,000","-604,000,000","-153,000,000","58,000,000","-162,000,000","-387,000,000","-214,000,000","6,000,000","-166,000,000","-111,000,000","1,000,000","-75,000,000","-1,043,000,000","-529,000,000","-924,000,000","-495,000,000","-575,000,000","-798,000,000","-414,000,000","-507,000,000","-43,000,000","47,000,000","313,000,000","321,000,000","132,000,000","320,000,000","266,000,000","257,000,000","142,000,000","219,000,000","421,000,000","397,000,000","277,000,000","240,000,000","313,000,000","292,000,000","140,000,000","284,000,000","282,000,000","293,000,000","157,000,000","-281,000,000","231,000,000","179,000,000","38,000,000","-123,000,000","205,000,000","153,000,000","-7,000,000","-253,000,000","118,000,000","47,000,000","-22,000,000","-704,000,000","-85,000,000","-166,000,000","20,000,000","-125,000,000","70,300,000","10,300,000","-195,600,000","-215,100,000","65,600,000","129,200,000","-19,300,000","38,900,000","137,000,000","177,900,000","101,000,000","116,700,000","150,300,000","141,400,000","68,400,000","-800,000","87,100,000","92,200,000","19,900,000","35,100,000","111,700,000","128,200,000","4,200,000","24,400,000","87,300,000"
			NetIncomeContinuousOperations,"-1,993,000,000","-932,000,000","169,000,000","19,000,000","-1,250,000,000","-2,178,000,000","-2,399,000,000","-2,067,000,000","-2,241,000,000","414,000,000","425,000,000","662,000,000","185,000,000","318,000,000","341,000,000","566,000,000","186,000,000","258,000,000","624,000,000","803,000,000","234,000,000","289,000,000","737,000,000","950,000,000","700,000,000","3,281,000,000","1,693,000,000","1,704,000,000","932,000,000","597,000,000","942,000,000","864,000,000","480,000,000","-2,001,000,000","289,000,000","220,000,000","-341,000,000","263,000,000","-238,000,000","-241,000,000","-1,660,000,000","-1,095,000,000","-162,000,000","-286,000,000","-436,000,000","-98,000,000","143,000,000","-11,000,000","-505,000,000","-344,000,000","-359,000,000","-390,000,000","-375,000,000","-340,000,000","45,000,000","-1,448,000,000","-328,000,000","-69,000,000","175,000,000","317,000,000","81,000,000","17,000,000","15,000,000","291,000,000","-92,000,000","-604,000,000","-153,000,000","58,000,000","-162,000,000","-387,000,000","-214,000,000","6,000,000","-166,000,000","-111,000,000","1,000,000","-75,000,000","-1,043,000,000","-529,000,000","-924,000,000","-495,000,000","-575,000,000","-798,000,000","-414,000,000","-507,000,000","-43,000,000","47,000,000","322,000,000","321,000,000","89,000,000","15,000,000","279,000,000","268,000,000","94,000,000","182,000,000","431,000,000","409,000,000","290,000,000","208,000,000","323,000,000","302,000,000","152,000,000","373,000,000","282,000,000","293,000,000","157,000,000","-269,000,000","235,000,000","192,000,000","38,000,000","-123,000,000","205,000,000","153,000,000","-7,000,000","-246,000,000","125,000,000","47,000,000","-22,000,000","-244,000,000","-85,000,000","-166,000,000","20,000,000","-125,000,000","70,300,000","10,300,000","-195,600,000","-215,100,000","65,600,000","129,200,000","-19,300,000","38,900,000","137,000,000","177,900,000","101,000,000","116,700,000","150,300,000","141,400,000","68,400,000","-800,000","87,100,000","92,200,000","19,900,000","35,100,000","111,700,000","128,200,000","4,200,000","24,400,000","87,300,000"
			NetIncomeDiscontinuousOperations,,,,,,,,,,,,,,,,,,,,,,,,,,,,,,,,,,,,,,,,,,,,,,,,,,,,,,,,,,,,,,,,,,,,,,,,,,,,,,,,,,"0","0",,"0","0","0","0","0","0",,,"64,000,000","0","2,000,000",,,,,,,,,,,,,,,,,,,,,,,,,,,,,,,,,,,,,,,,,,,,,,,,,,,,
			NetIncomeExtraordinary,,,,,,,,,,,,,,,,,,,,,,,,,,,,,,,,,,,,,,,,,,,,,,,,,,,,,,,,,,,,,,,,,,,,,,,,,,"0","0","0","0","0","0",,"-988,000,000","0","0",,,"0","-9,000,000",,,,,,,,,,,,,,,,,,,,,,,,,,,,,,,,,,,,,,,,,,,,,,,,,,,,,,,,,,,,
			NetIncomeFromTaxLossCarryforward,,,,,,,,,,,,,,,,,,,,,,,,,,,,,,,,,,,,,,,,,,,,,,,,,,,,,,,,,,,,,,,,,,,,,,,,,,,,,,,,,,,,,,"0","-9,000,000",,,,,,,,,,,,,,,,,,,"-12,000,000","-4,000,000","-13,000,000",,,,,,"-7,000,000","-7,000,000",,,,,,,,,,,,,,,,,,,,,,,,,,,,,,,,
		MinorityInterests,,,,,,,,,,,,,,,,,,,,,,,,,,,,,,,,,,,,,,,,,,,,,,,,,,,,,,,,,,,,,,,,,,,,,,,,,,,,,,,,,,,,,,,,,,,"13,000,000","11,000,000","16,000,000",,"12,000,000","12,000,000","13,000,000",,"10,000,000","10,000,000","12,000,000",,,,,,,,,,,,,,,,,,,,,,,,,,,,,,,,,,,,,,,,,,,,,,
	PreferredStockDividends,,,,,,,,,,,,,,,,,,,,,,,,,,,,,,,,,,,,,,,,,,,,,,,,,,,,,,,,,,,,,,,,,,,,,,,,,,,,,,,,,,,,,,,,,,,,,,,,,,,,,,,,,,"1,000,000","2,000,000","1,000,000","1,000,000","6,000,000","17,000,000","17,000,000","16,000,000","28,000,000","5,000,000","17,000,000","10,000,000",,,,,,,,,,,,,"3,000,000","3,000,000","3,000,000",,,,,,,,,,,,,,,
DilutedNIAvailtoComStockholders,"-1,993,000,000","-932,000,000","169,000,000","19,000,000","-1,250,000,000","-2,178,000,000","-2,399,000,000","-2,067,000,000","-2,241,000,000","414,000,000","425,000,000","662,000,000","185,000,000","318,000,000","341,000,000","566,000,000","186,000,000","258,000,000","624,000,000","803,000,000","234,000,000","289,000,000","737,000,000","950,000,000","700,000,000","3,281,000,000","1,693,000,000","1,704,000,000","932,000,000","597,000,000","942,000,000","864,000,000","480,000,000","-2,001,000,000","289,000,000","220,000,000","-341,000,000","263,000,000","-238,000,000","-241,000,000","-1,660,000,000","-1,095,000,000","-162,000,000","-286,000,000","-436,000,000","-98,000,000","143,000,000","-11,000,000","-505,000,000","-344,000,000","-359,000,000","-390,000,000","-375,000,000","-340,000,000","45,000,000","-1,448,000,000","-328,000,000","-69,000,000","175,000,000","317,000,000","81,000,000","17,000,000","15,000,000","291,000,000","-92,000,000","-604,000,000","-153,000,000","58,000,000","-162,000,000","-387,000,000","-214,000,000","6,000,000","-166,000,000","-111,000,000","1,000,000","-75,000,000","-1,043,000,000","-529,000,000","-924,000,000","-495,000,000","-575,000,000","-798,000,000","-414,000,000","-507,000,000","-43,000,000","47,000,000","313,000,000","321,000,000","132,000,000","280,000,000","279,000,000","268,000,000","158,000,000","182,000,000","433,000,000","409,000,000","290,000,000","208,000,000","323,000,000","302,000,000","152,000,000","284,000,000","282,000,000","293,000,000","157,000,000","-282,000,000","229,000,000","178,000,000","37,000,000","42,000,000","188,000,000","136,000,000","-23,000,000","-281,000,000","113,000,000","30,000,000","-32,000,000","-704,000,000","-85,000,000","-166,000,000","20,000,000","-125,000,000","70,300,000","10,300,000","-195,600,000","-215,100,000","65,600,000","129,200,000","-19,300,000","35,900,000","134,000,000","174,900,000","101,000,000","106,400,000","150,300,000","141,400,000","68,400,000","-5,000,000","87,100,000","92,200,000","19,900,000","31,900,000","111,700,000","128,200,000","4,200,000","15,300,000","87,300,000"
BasicEPS,,"-1.44","0.26","0.03","-1.97","-3.81","-4.71","-4.82","-5.26","0.95","0.96","1.49","0.41","0.71","0.74","1.22","0.39","0.54","1.29","1.64","0.46","0.56","1.4","1.69","1.15","5.24","2.56","2.47","1.34","0.84","1.31","1.2","0.66","-8.66","2.303","1.74","-2.731","2.088","-1.901","-1.928","-13.253",,"-1.285","-2.276","-3.507",,"1.151","-0.08","-4.07",,"-3.373","-3.722","-3.614",,"0.455","-15.448","-3.534",,"1.874","3.427","0.937",,"0.187","3.855","-1.312",,"-2.49","0.937","-2.677",,"-3.561","0.107","-2.758",,"0.017","-1.258","-17.885",,"-15.877","-8.541","-9.933",,"-7.175","-8.809","-0.75",,"5.569","5.756","2.383",,"4.98","4.712","2.651",,"6.881","6.372","4.498",,"4.9","4.444","2.222",,"4.096","4.498","2.704",,"3.963","3.079","0.643",,"3.32","2.383","-0.402",,"1.74","0.535","-0.589",,"-1.553","-2.999","0.348",,"1.365","0.241","-3.963",,"1.446","2.758","-0.428",,"2.865","3.775","2.169",,"3.347","3.186","1.499",,"1.928","2.035","0.482",,"2.463","2.758","0.054",,"1.981"
DilutedEPS,,"-1.44","0.25","0.03","-1.97","-3.81","-4.71","-4.82","-5.26","0.95","0.96","1.49","0.41","0.7","0.74","1.22","0.39","0.54","1.28","1.63","0.46","0.56","1.4","1.68","1.14","5.09","2.49","2.41","1.3","0.82","1.28","1.17","0.65","-8.66","2.035","1.58","-2.731","1.847","-1.901","-1.928","-13.253",,"-1.285","-2.276","-3.507",,"1.044","-0.08","-4.07",,"-3.373","-3.722","-3.614",,"0.455","-15.448","-3.534",,"1.633","2.892","0.803",,"0.161","3.052","-1.312",,"-2.49","0.803","-2.677",,"-3.561","0.08","-2.758",,"0.017","-1.258","-17.885",,"-15.877","-8.541","-9.933",,"-7.175","-8.809","-0.75",,"5.114","5.248","2.303",,"4.712","4.552","2.57",,"6.667","6.158","4.337",,"4.766","4.364","2.222",,"4.096","4.284","2.463",,"3.534","2.784","0.643",,"3.052","2.249","-0.402",,"1.687","0.535","-0.589",,"-1.553","-2.999","0.348",,"1.312","0.241","-3.963",,"1.446","2.758","-0.428",,"2.865","3.775","2.169",,"3.347","3.186","1.499",,"1.928","2.035","0.482",,"2.463","2.758","0.054",,"1.981"
BasicAverageShares,,"648,766,000","648,564,000","644,123,000","634,609,000","571,984,000","509,049,000","428,807,000","425,713,000","434,578,000","441,915,000","445,008,000","451,951,000","460,589,000","460,526,000","463,533,000","472,297,000","477,165,000","484,772,000","490,818,000","503,902,000","514,571,000","525,415,000","563,000,000","606,245,000","626,559,000","661,869,000","688,727,000","696,415,000","706,185,000","719,067,000","720,600,000","723,971,000","231,062,000","125,496,000","125,122,500","125,122,500","125,122,500","125,122,500","125,122,500","125,122,500",,"125,122,500","125,122,500","124,375,500",,"124,375,500","124,375,500","124,375,500",,"106,447,500","104,580,000","104,206,500",,"96,363,000","93,748,500","93,001,500",,"93,375,000","92,499,609","86,438,571",,"80,035,714","75,478,125","70,126,531",,"61,446,774","61,894,286","60,507,000",,"60,096,992","56,025,000","60,195,146",,"58,730,380","59,601,064","58,317,440",,"58,197,976","57,956,897","57,887,466",,"57,519,000","57,519,000","57,519,000",,"56,025,000","56,025,000","55,651,500",,"56,025,000","57,145,500","59,386,500",,"63,121,500","64,242,000","64,242,000",,"65,736,000","67,977,000","68,724,000",,"68,724,000","64,989,000","58,266,000",,"57,519,000","57,519,000","57,519,000",,"56,772,000","56,772,000","56,772,000",,"64,931,538","56,025,000","54,327,273",,"54,737,069","55,358,036","57,461,538",,"51,484,412","42,745,000","49,362,568",,"45,373,333","46,850,680","45,053,438",,"46,774,766","46,329,894","46,572,222",,"44,909,640","44,380,588","45,620,357",,"45,183,125","45,311,447","41,292,500",,"45,347,772","46,488,058","43,837,381",,"44,062,905"
DilutedAverageShares,,"648,766,000","721,142,000","656,372,000","634,609,000","571,984,000","509,049,000","428,807,000","425,713,000","435,659,000","442,401,000","445,587,000","453,429,000","461,915,000","461,507,000","464,618,000","474,598,000","479,382,000","486,625,000","492,965,000","507,797,000","518,358,000","528,510,000","566,040,000","611,488,000","644,140,000","680,739,000","707,611,000","716,930,000","724,767,000","735,196,000","734,767,000","741,335,000","231,062,000","144,918,000","144,918,000","125,122,500","142,677,000","125,122,500","125,122,500","125,122,500",,"125,122,500","125,122,500","124,375,500",,"145,291,500","124,375,500","124,375,500",,"106,447,500","104,580,000","104,206,500",,"100,098,000","93,748,500","93,001,500",,"107,151,639","109,629,167","100,845,000",,"93,375,000","95,340,789","70,126,531",,"61,446,774","72,210,000","60,507,000",,"60,096,992","74,700,000","60,195,146",,"58,730,380","59,601,064","58,317,440",,"58,197,976","57,956,897","57,887,466",,"57,519,000","57,519,000","57,519,000",,"61,254,000","61,254,000","57,519,000",,"57,892,500","59,013,000","61,254,000",,"64,989,000","66,483,000","66,483,000",,"67,603,500","69,097,500","68,724,000",,"68,724,000","68,724,000","68,724,000",,"67,977,000","67,977,000","57,519,000",,"67,230,000","67,230,000","56,772,000",,"66,992,857","56,025,000","54,327,273",,"54,737,069","55,358,036","57,461,538",,"53,585,816","42,745,000","49,362,568",,"45,373,333","46,850,680","45,053,438",,"46,774,766","46,329,894","46,572,222",,"44,909,640","44,380,588","45,620,357",,"45,183,125","45,311,447","41,292,500",,"45,347,772","46,488,058","43,837,381",,"44,062,905"
TotalOperatingIncomeAsReported,"-1,059,000,000","-780,000,000","595,000,000","441,000,000","-1,315,000,000","-2,515,000,000","-2,871,000,000","-2,486,000,000","-2,549,000,000","729,000,000","808,000,000","1,153,000,000","375,000,000","548,000,000","649,000,000","1,028,000,000","431,000,000","690,000,000","1,232,000,000","1,535,000,000","601,000,000","767,000,000","1,431,000,000","1,751,000,000","1,335,000,000","1,068,000,000","1,999,000,000","1,921,000,000","1,216,000,000","860,000,000","1,260,000,000","1,399,000,000","730,000,000","161,000,000","698,000,000","489,000,000","52,000,000","3,000,000","51,000,000","142,000,000","-89,000,000","-784,000,000","39,000,000","-78,000,000","-232,000,000","68,000,000","342,000,000","196,000,000","-298,000,000","-390,000,000","-194,000,000","-226,000,000","-194,000,000","-196,000,000","-216,000,000","-1,290,000,000","-187,000,000","-69,000,000","319,000,000","467,000,000","248,000,000","185,000,000","284,000,000","476,000,000","115,000,000","-384,000,000","39,000,000","229,000,000","23,000,000","-355,000,000","-27,000,000","196,000,000","42,000,000","-227,000,000","165,000,000","87,000,000","-869,000,000","-679,000,000","-1,321,000,000","-601,000,000","-729,000,000","-1,148,000,000","-558,000,000","-760,000,000","17,000,000","80,000,000","572,000,000","517,000,000","212,000,000",,,,,,,,,,,,,,,,,,,,,,,,,,,,,,,,,,,,,,,,,,,,,,,,,,,,,,,,,,
RentExpenseSupplemental,"4,044,000,000","1,030,000,000","1,052,000,000","1,042,000,000","921,000,000","825,000,000","818,000,000","750,000,000","960,000,000","979,000,000","1,040,000,000","1,039,000,000","1,004,000,000","957,000,000","972,000,000","956,000,000","922,000,000","916,000,000","943,000,000","911,000,000","896,000,000","886,000,000","914,000,000","911,000,000","865,000,000","854,000,000","874,000,000","897,000,000","840,000,000","860,000,000","855,000,000","867,000,000","744,000,000","603,000,000","524,000,000","522,000,000","510,000,000","454,000,000","466,000,000","463,000,000","471,000,000","541,000,000","528,000,000","513,000,000","512,000,000","517,000,000","503,000,000","497,000,000","481,000,000","476,000,000","470,000,000","464,000,000","448,000,000","433,000,000","466,000,000","443,000,000","448,000,000","3,290,000,000","-476,000,000","-465,000,000","-480,000,000","-473,000,000","-471,000,000","-483,000,000","-462,000,000","-454,000,000","-485,000,000","-466,000,000","-448,000,000","-437,000,000","-447,000,000","-454,000,000","-458,000,000","-437,000,000","-467,000,000","-475,000,000","-481,000,000","-480,000,000","-523,000,000","-520,000,000","-515,000,000","-522,000,000","-553,000,000","-546,000,000","-405,000,000","-408,000,000","-401,000,000","-407,000,000","-390,000,000","-335,000,000","-422,000,000","-415,000,000","-400,000,000","-350,000,000","-373,000,000","-371,000,000","-360,000,000","-367,000,000","-371,000,000","-370,000,000","-362,000,000","-371,000,000","-375,000,000","-385,000,000","-380,000,000","-384,000,000","-396,000,000","-385,000,000","-384,000,000","-392,000,000","-388,000,000","-378,000,000","-390,000,000",,,,,,,,,,,,,,,,,,,,,,,,,,,,,,,,,,
TotalExpenses,"34,928,000,000","10,208,000,000","9,364,000,000","8,325,000,000","7,031,000,000","6,561,000,000","6,339,000,000","5,524,000,000","9,947,000,000","10,437,000,000","10,876,000,000","10,686,000,000","10,089,000,000","10,162,000,000","10,696,000,000","10,498,000,000","9,816,000,000","9,751,000,000","9,534,000,000","9,371,000,000","8,904,000,000","8,763,000,000","8,874,000,000","8,550,000,000","8,001,000,000","8,121,000,000","8,544,000,000","8,762,000,000","8,308,000,000","8,835,000,000","9,658,000,000","9,705,000,000","9,402,000,000","6,704,000,000","6,115,000,000","5,947,000,000","6,018,000,000","5,876,000,000","6,167,000,000","6,204,000,000","6,115,000,000","6,015,000,000","6,337,000,000","6,192,000,000","5,765,000,000","4,484,000,000","4,494,000,000","4,484,000,000","4,404,000,000","4,429,000,000","4,317,000,000","4,164,000,000","4,124,000,000","4,777,000,000","5,678,000,000","5,419,000,000","4,988,000,000","-10,320,000,000","9,908,000,000","9,536,000,000","9,108,000,000","9,134,000,000","9,800,000,000","9,707,000,000","9,097,000,000","9,676,000,000","9,614,000,000","8,849,000,000","8,145,000,000","8,293,000,000","8,207,000,000","7,928,000,000","7,602,000,000","7,229,000,000","7,543,000,000","7,515,000,000","8,224,000,000","7,582,000,000","8,692,000,000","8,581,000,000","8,178,000,000","8,202,000,000","9,500,000,000","9,670,000,000","7,992,000,000","8,049,000,000","7,876,000,000","7,561,000,000","7,348,000,000","8,833,000,000","6,544,000,000","6,366,000,000","6,175,000,000","9,948,000,000","6,079,000,000","5,972,000,000","5,825,000,000","10,194,000,000","5,820,000,000","5,729,000,000","5,635,000,000","10,327,000,000","5,562,000,000","5,558,000,000","5,483,000,000","9,325,000,000","5,539,000,000","5,377,000,000","5,250,000,000","9,047,000,000","5,271,000,000","5,186,000,000","5,136,000,000","3,753,000,000","3,827,000,000","3,848,000,000","3,698,000,000","3,790,000,000","3,729,000,000","3,532,000,000","3,370,000,000","3,445,700,000","3,331,400,000","3,094,400,000","3,010,500,000","3,247,400,000","2,911,100,000","2,740,700,000","2,696,400,000","2,515,500,000","2,496,600,000","2,429,200,000",,,,,,,,,,,,,,,
NetIncomeFromContinuingAndDiscontinuedOperation,"-1,993,000,000","-932,000,000","169,000,000","19,000,000","-1,250,000,000","-2,178,000,000","-2,399,000,000","-2,067,000,000","-2,241,000,000","414,000,000","425,000,000","662,000,000","185,000,000","318,000,000","341,000,000","566,000,000","186,000,000","258,000,000","624,000,000","803,000,000","234,000,000","289,000,000","737,000,000","950,000,000","700,000,000","3,281,000,000","1,693,000,000","1,704,000,000","932,000,000","597,000,000","942,000,000","864,000,000","480,000,000","-2,001,000,000","289,000,000","220,000,000","-341,000,000","263,000,000","-238,000,000","-241,000,000","-1,660,000,000","-1,095,000,000","-162,000,000","-286,000,000","-436,000,000","-98,000,000","143,000,000","-11,000,000","-505,000,000","-344,000,000","-359,000,000","-390,000,000","-375,000,000","-340,000,000","45,000,000","-1,448,000,000","-328,000,000","-69,000,000","175,000,000","317,000,000","81,000,000","17,000,000","15,000,000","291,000,000","-92,000,000","-604,000,000","-153,000,000","58,000,000","-162,000,000","-387,000,000","-214,000,000","6,000,000","-166,000,000","-111,000,000","1,000,000","-75,000,000","-1,043,000,000","459,000,000","-924,000,000","-495,000,000","413,000,000","-798,000,000","-414,000,000","-507,000,000","-43,000,000","47,000,000","331,000,000","321,000,000","132,000,000","280,000,000","279,000,000","268,000,000","158,000,000","182,000,000","433,000,000","409,000,000","290,000,000","208,000,000","323,000,000","302,000,000","152,000,000","462,000,000","282,000,000","293,000,000","157,000,000","-240,000,000","235,000,000","192,000,000","38,000,000","-123,000,000","205,000,000","153,000,000","-7,000,000","-246,000,000","125,000,000","47,000,000","-22,000,000","-244,000,000","-85,000,000","-166,000,000","20,000,000","-125,000,000","70,300,000","10,300,000","-195,600,000","-215,100,000","65,600,000","129,200,000","-19,300,000","38,900,000","137,000,000","177,900,000","101,000,000","116,700,000","150,300,000","141,400,000","68,400,000","-800,000","87,100,000","92,200,000","19,900,000","35,100,000","111,700,000","128,200,000","4,200,000","24,400,000","87,300,000"
NormalizedIncome,"-5,111,560,047.096","-932,782,535.684","-643,184,466.019","-921,240,000","-2,607,279,084.552","-2,191,956,568.174","-2,627,660,743.134","-3,202,722,828.131","-1,374,841,868.512","520,581,436.077","598,204,667.864","752,818,594.104","275,612,244.898","505,834,196.891","501,030,701.754","652,114,434.33","290,923,076.923","355,129,411.765","693,609,561.753","926,777,691.712","234,000,000","289,000,000","737,000,000","950,000,000","700,000,000","3,281,000,000","1,693,000,000","1,704,000,000","932,000,000","1,117,000,000","942,000,000","864,000,000","480,000,000","390,732,903.226","440,000,000","344,000,000","-190,696,969.697","340,350,000","108,000,000","103,000,000","-238,000,000","-241,000,000","-155,000,000","-276,000,000","-418,000,000","-88,421,052.632","153,000,000","1,000,000","-492,000,000","-286,800,000","-271,326,478.149","-351,000,000","-346,000,000","-308,000,000","-332,000,000","-255,000,000","-323,000,000","-180,000,000","182,000,000","322,000,000","84,000,000","13,000,000","105,000,000","284,000,000","-93,000,000","-599,000,000","-161,000,000","35,000,000","-176,000,000","-499,000,000","-245,000,000","-38,000,000","-156,000,000","0","-37,000,000","-377,000,000","-1,048,000,000","448,777,777.778","-488,463,768.116","-513,562,500","403,672,074.16","-742,077,165.354","-547,443,396.226","-117,000,000","-30,929,824.561","4,400,000","312,600,000","260,458,026.51","112,800,000","217,600,000","284,400,000","271,600,000","55,000,000","145,400,000","421,259,887.006","411,420,118.343","299,000,000","213,457,725.948","323,000,000","305,600,000","154,400,000","-187,231,132.075","295,978,448.276","292,389,583.333","160,600,000","120,370,546.318","227,675,324.675","193,200,000","47,000,000","45,000,000","214,151,785.714","159,169,354.839","3,800,000","-205,317,829.457","116,000,000","-113,200,000","-337,071,428.571","-251,892,183.288","-120,532,786.885","-71,728,395.062","-12,400,000","-122,719,957.082","32,432,216.495","-16,880,000","-234,962,646.451","-231,319,993.742","33,873,900.842","95,027,311.931","-51,466,666.667","4,820,000","110,432,242.991","144,214,040.729","101,000,000","116,700,000","150,300,000","141,400,000","68,400,000","-800,000","87,100,000","92,200,000","19,900,000","35,100,000","111,700,000","128,200,000","4,200,000","24,400,000","87,300,000"
InterestIncome,"18,000,000","5,000,000","5,000,000","5,000,000","4,000,000","5,000,000","5,000,000","10,000,000","21,000,000","24,000,000","34,000,000","35,000,000","33,000,000","34,000,000","29,000,000","30,000,000","25,000,000","24,000,000","25,000,000","24,000,000","21,000,000","18,000,000","16,000,000","16,000,000","13,000,000","10,000,000","10,000,000","10,000,000","10,000,000","9,000,000","7,000,000","8,000,000","7,000,000","6,000,000","5,000,000","5,000,000","4,000,000","6,000,000","7,000,000","7,000,000","6,000,000","6,000,000","6,000,000","7,000,000","7,000,000","38,000,000","8,000,000","14,000,000","5,000,000","-24,000,000","18,000,000","19,000,000","21,000,000","43,000,000","37,000,000","56,000,000","58,000,000",,,,,,,,,,,,,,,,,,,,,,,,,,,,,,,,,,,,,,,,,,,,,,,,,,,,,,,,,,,,,,,,,,,,,,,,,,,,,,,,,,,,,,,,,,
InterestExpense,"1,800,000,000","468,000,000","476,000,000","486,000,000","371,000,000","376,000,000","340,000,000","254,000,000","257,000,000","265,000,000","284,000,000","275,000,000","271,000,000","261,000,000","265,000,000","266,000,000","265,000,000","266,000,000","266,000,000","263,000,000","257,000,000","253,000,000","250,000,000","249,000,000","239,000,000","229,000,000","219,000,000","223,000,000","210,000,000","220,000,000","210,000,000","214,000,000","243,000,000","254,000,000","196,000,000","156,000,000","250,000,000","109,000,000","161,000,000","152,000,000","166,000,000","188,000,000","200,000,000","205,000,000","193,000,000","226,000,000","197,000,000","209,000,000","199,000,000","167,000,000","182,000,000","167,000,000","186,000,000","177,000,000","180,000,000","185,000,000","194,000,000",,,,,,,,,,,,,,,,,,,,,,,,,,,,,,,,,,,,,,,,,,,,,,,,,,,,,,,,,,,,,,,,,,,,,,,,,,,,,,,,,,,,,,,,,,
NetInterestIncome,"-1,782,000,000","-463,000,000","-471,000,000","-481,000,000","-367,000,000","-371,000,000","-335,000,000","-244,000,000","-236,000,000","-241,000,000","-250,000,000","-240,000,000","-238,000,000","-227,000,000","-236,000,000","-236,000,000","-240,000,000","-242,000,000","-241,000,000","-239,000,000","-236,000,000","-235,000,000","-234,000,000","-233,000,000","-226,000,000","-219,000,000","-209,000,000","-213,000,000","-200,000,000","-211,000,000","-203,000,000","-206,000,000","-236,000,000","-248,000,000","-191,000,000","-151,000,000","-246,000,000","-103,000,000","-154,000,000","-145,000,000","-160,000,000","-182,000,000","-194,000,000","-198,000,000","-186,000,000","-188,000,000","-189,000,000","-195,000,000","-194,000,000","-191,000,000","-164,000,000","-148,000,000","-165,000,000","-134,000,000","-143,000,000","-129,000,000","-136,000,000",,,,,,,,,,,,,,,,,,,,,,,,,,,,,,,,,,,,,,,,,,,,,,,,,,,,,,,,,,,,,,,,,,,,,,,,,,,,,,,,,,,,,,,,,,
EBIT,"-748,000,000","-723,000,000","682,000,000","495,000,000","-1,202,000,000","-2,433,000,000","-2,755,000,000","-2,405,000,000","-2,633,000,000","836,000,000","841,000,000","1,157,000,000","516,000,000","647,000,000","721,000,000","1,035,000,000","538,000,000","691,000,000","1,270,000,000","1,554,000,000","622,000,000","753,000,000","1,439,000,000","1,742,000,000","1,356,000,000","474,000,000","1,928,000,000","1,942,000,000","1,153,000,000","787,000,000","1,159,000,000","1,418,000,000","736,000,000","-2,071,000,000","485,000,000","376,000,000","-113,000,000","-197,000,000","-77,000,000","-89,000,000","-1,494,000,000","-907,000,000","38,000,000","-81,000,000","-243,000,000","93,000,000","340,000,000","198,000,000","-306,000,000","-431,000,000","-207,000,000","-223,000,000","-189,000,000","-163,000,000","225,000,000","-1,263,000,000","-134,000,000","12,718,000,000","-3,962,000,000","-3,657,000,000","-3,681,000,000","-3,737,000,000","-3,953,000,000","-3,732,000,000","-3,753,000,000","-4,508,000,000","-4,129,000,000","-3,540,000,000","-3,395,000,000","-3,752,000,000","-3,445,000,000","-3,098,000,000","-3,090,000,000","-2,838,000,000","-2,938,000,000","-3,191,000,000","-4,104,000,000","-3,392,000,000","-4,198,000,000","-4,102,000,000","-4,042,000,000","-4,398,000,000","-4,684,000,000","-4,087,000,000","-3,232,000,000","-3,190,000,000","-2,620,000,000","-2,550,000,000","-2,771,000,000","-5,747,000,000","-1,394,000,000","-1,355,000,000","-1,692,000,000","-5,347,000,000","-1,033,000,000","-960,000,000","-1,088,000,000","-5,558,000,000","-1,022,000,000","-1,019,000,000","-1,209,000,000","-5,994,000,000","-1,000,000,000","-1,008,000,000","-1,175,000,000","-5,137,000,000","-1,094,000,000","-1,070,000,000","-1,280,000,000","-5,052,000,000","-1,038,000,000","-1,085,000,000","-1,328,000,000","-162,000,000","372,000,000","-20,000,000","-254,000,000","-213,000,000","-4,000,000","55,000,000","137,000,000","-41,400,000","187,200,000","100,100,000","-240,900,000","-245,100,000","143,600,000","233,700,000","-8,200,000","70,000,000","230,800,000","286,500,000","2,451,000,000","-5,649,800,000","2,328,300,000","2,163,200,000","1,964,800,000","-4,854,800,000","1,975,400,000","1,831,100,000","1,509,300,000","-4,108,700,000","1,546,800,000","1,517,700,000","1,455,100,000","-4,106,200,000","1,561,100,000"
EBITDA,"1,587,000,000"
ReconciledCostOfRevenue,"29,855,000,000","8,664,000,000","7,937,000,000","7,090,000,000","6,164,000,000","5,883,000,000","5,610,000,000","4,946,000,000","8,450,000,000","8,800,000,000","9,115,000,000","9,014,000,000","8,450,000,000","8,577,000,000","9,004,000,000","8,752,000,000","8,158,000,000","8,017,000,000","7,914,000,000","7,792,000,000","7,432,000,000","7,291,000,000","7,345,000,000","7,089,000,000","6,615,000,000","6,682,000,000","7,047,000,000","7,304,000,000","6,934,000,000","7,509,000,000","8,234,000,000","8,236,000,000","7,960,000,000","5,773,000,000","5,039,000,000","4,883,000,000","4,962,000,000","11,417,000,000","2,993,000,000","3,029,000,000","2,979,000,000","2,847,000,000","3,128,000,000","3,049,000,000","2,659,000,000","1,568,000,000","1,573,000,000","1,619,000,000","1,461,000,000","1,446,000,000","1,440,000,000","1,307,000,000","1,269,000,000","1,803,000,000","2,695,000,000","2,436,000,000","2,044,000,000","-4,521,000,000","4,419,000,000","4,249,000,000","4,029,000,000","1,713,000,000","4,346,000,000","4,307,000,000","3,980,000,000","1,934,000,000","4,267,000,000","3,875,000,000","3,550,000,000","1,094,000,000","3,587,000,000","3,449,000,000","3,326,000,000","450,000,000","3,302,000,000","3,209,000,000","3,430,000,000","197,000,000","3,742,000,000","3,657,000,000","3,480,000,000","764,000,000","4,132,000,000","4,170,000,000","3,491,000,000","1,084,000,000","3,405,000,000","3,248,000,000","3,169,000,000","186,000,000","3,294,000,000","3,204,000,000","3,088,000,000","382,000,000","3,063,000,000","2,965,000,000","2,938,000,000","503,000,000","2,947,000,000","2,917,000,000","2,897,000,000","531,000,000","2,864,000,000","2,828,000,000","2,785,000,000","316,000,000","2,829,000,000","2,743,000,000","2,692,000,000","218,000,000","2,693,000,000","2,663,000,000","2,665,000,000","2,818,000,000","2,783,000,000","2,843,000,000","2,706,000,000","1,109,000,000","3,252,000,000","3,088,000,000","2,909,000,000","1,512,400,000","2,659,700,000","2,480,200,000","2,422,700,000","2,654,700,000","2,313,100,000","2,156,900,000","2,128,300,000","2,031,000,000","1,378,700,000","1,055,500,000",,,,,,,,,,,,,,,
ReconciledDepreciation,"2,335,000,000",,,,,,,,,,,,,,,,,,,,,,,,,,,,,,,,,,,,,,"256,000,000","261,000,000","260,000,000","271,000,000","273,000,000","266,000,000","276,000,000","285,000,000","274,000,000","267,000,000","267,000,000","278,000,000","272,000,000","282,000,000","272,000,000","285,000,000","289,000,000","324,000,000","309,000,000","2,094,000,000","-307,000,000","-295,000,000","-290,000,000","2,025,000,000","-290,000,000","-291,000,000","-287,000,000","2,032,000,000","-292,000,000","-286,000,000","-290,000,000","2,255,000,000","-317,000,000","-320,000,000","-326,000,000","2,404,000,000","-345,000,000","-344,000,000","-338,000,000","2,385,000,000","-340,000,000","-338,000,000","-341,000,000","2,437,000,000","-368,000,000","-352,000,000","-313,000,000","2,091,000,000","-307,000,000","-294,000,000","-288,000,000","2,076,000,000","-317,000,000","-351,000,000","-316,000,000","2,253,000,000","-319,000,000","-324,000,000","-323,000,000","2,177,000,000","-311,000,000","-310,000,000","-312,000,000","2,103,000,000","-302,000,000","-297,000,000","-300,000,000","2,206,000,000","-314,000,000","-318,000,000","-315,000,000","2,191,000,000","-298,000,000","-320,000,000","-320,000,000","-334,000,000","-293,000,000","-304,000,000","-292,000,000","-275,000,000","-263,000,000","-259,000,000","-244,000,000","-244,900,000","-224,800,000","-211,800,000","-201,500,000","-199,500,000","-186,100,000","-173,500,000","-164,000,000","-158,600,000","-157,000,000","147,000,000",,,,,,,,,,,,,,,
NetIncomeFromContinuingOperationNetMinorityInterest,"-1,993,000,000","-932,000,000","169,000,000","19,000,000","-1,250,000,000","-2,178,000,000","-2,399,000,000","-2,067,000,000","-2,241,000,000","414,000,000","425,000,000","662,000,000","185,000,000","318,000,000","341,000,000","566,000,000","186,000,000","258,000,000","624,000,000","803,000,000","234,000,000","289,000,000","737,000,000","950,000,000","700,000,000","3,281,000,000","1,693,000,000","1,704,000,000","932,000,000","597,000,000","942,000,000","864,000,000","480,000,000","-2,001,000,000","289,000,000","220,000,000","-341,000,000","263,000,000","-238,000,000","-241,000,000","-1,660,000,000","-1,095,000,000","-162,000,000","-286,000,000","-436,000,000","-98,000,000","143,000,000","-11,000,000","-505,000,000","-344,000,000","-359,000,000","-390,000,000","-375,000,000","-340,000,000","45,000,000","-1,448,000,000","-328,000,000","-69,000,000","175,000,000","317,000,000","81,000,000","17,000,000","15,000,000","291,000,000","-92,000,000","-604,000,000","-153,000,000","58,000,000","-162,000,000","-387,000,000","-214,000,000","6,000,000","-166,000,000","-111,000,000","1,000,000","-75,000,000","-1,043,000,000","459,000,000","-924,000,000","-495,000,000","413,000,000","-798,000,000","-414,000,000","-507,000,000","-43,000,000","47,000,000","331,000,000","321,000,000","132,000,000","280,000,000","279,000,000","268,000,000","94,000,000","182,000,000","431,000,000","409,000,000","290,000,000","208,000,000","323,000,000","302,000,000","152,000,000","462,000,000","282,000,000","293,000,000","157,000,000","-240,000,000","235,000,000","192,000,000","38,000,000","-123,000,000","205,000,000","153,000,000","-7,000,000","-246,000,000","125,000,000","47,000,000","-22,000,000","-244,000,000","-85,000,000","-166,000,000","20,000,000","-125,000,000","70,300,000","10,300,000","-195,600,000","-215,100,000","65,600,000","129,200,000","-19,300,000","38,900,000","137,000,000","177,900,000","101,000,000","116,700,000","150,300,000","141,400,000","68,400,000","-800,000","87,100,000","92,200,000","19,900,000","35,100,000","111,700,000","128,200,000","4,200,000","24,400,000","87,300,000"
TotalUnusualItemsExcludingGoodwill,"3,987,000,000","1,000,000","990,000,000","1,288,000,000","1,708,000,000","18,000,000","295,000,000","1,461,000,000","-1,117,000,000","-147,000,000","-227,000,000","-121,000,000","-120,000,000","-228,000,000","-214,000,000","-117,000,000","-154,000,000","-160,000,000","-112,000,000","-199,000,000","-119,000,000","-259,000,000","-289,000,000","-62,000,000","-99,000,000","-441,000,000","-163,000,000","-144,000,000","-303,000,000","-800,000,000","0","0","0","-2,779,000,000","-151,000,000","-124,000,000","-160,000,000","-119,000,000","-346,000,000","-344,000,000","-1,422,000,000","-854,000,000","-7,000,000","-10,000,000","-18,000,000","-13,000,000","-10,000,000","-12,000,000","-13,000,000","-88,000,000","-95,000,000","-39,000,000","-29,000,000","-32,000,000","377,000,000","-1,193,000,000","-5,000,000","111,000,000","-7,000,000","-5,000,000","-3,000,000","4,000,000","-90,000,000","7,000,000","1,000,000","-5,000,000","8,000,000","23,000,000","14,000,000","112,000,000","31,000,000","44,000,000","-10,000,000","-185,000,000","38,000,000","302,000,000","5,000,000","16,000,000","-683,000,000","27,000,000","14,000,000","-89,000,000","205,000,000","-610,000,000","-16,000,000","71,000,000","30,000,000","86,000,000","32,000,000","104,000,000","-9,000,000","-6,000,000","65,000,000","61,000,000","16,000,000","-4,000,000","-15,000,000","-9,000,000",,"-6,000,000","-4,000,000","738,000,000","-23,000,000","1,000,000","-6,000,000","-564,000,000","12,000,000","-2,000,000","-15,000,000","-280,000,000","-15,000,000","-10,000,000","-18,000,000","-64,000,000","15,000,000","267,000,000","401,000,000","12,000,000","51,000,000","-138,000,000","54,000,000","-3,400,000","62,700,000","45,300,000","58,400,000","24,100,000","51,700,000","55,200,000","49,000,000","56,800,000","41,500,000","53,000,000",,,,,,,,,,,,,,,
TotalUnusualItems,"3,987,000,000","1,000,000","990,000,000","1,288,000,000","1,708,000,000","18,000,000","295,000,000","1,461,000,000","-1,117,000,000","-147,000,000","-227,000,000","-121,000,000","-120,000,000","-228,000,000","-214,000,000","-117,000,000","-154,000,000","-160,000,000","-112,000,000","-199,000,000","-119,000,000","-259,000,000","-289,000,000","-62,000,000","-99,000,000","-441,000,000","-163,000,000","-144,000,000","-303,000,000","-800,000,000","0","0","0","-2,779,000,000","-151,000,000","-124,000,000","-160,000,000","-119,000,000","-346,000,000","-344,000,000","-1,422,000,000","-854,000,000","-7,000,000","-10,000,000","-18,000,000","-13,000,000","-10,000,000","-12,000,000","-13,000,000","-88,000,000","-95,000,000","-39,000,000","-29,000,000","-32,000,000","377,000,000","-1,193,000,000","-5,000,000","111,000,000","-7,000,000","-5,000,000","-3,000,000","4,000,000","-90,000,000","7,000,000","1,000,000","-5,000,000","8,000,000","23,000,000","14,000,000","112,000,000","31,000,000","44,000,000","-10,000,000","-185,000,000","38,000,000","302,000,000","5,000,000","16,000,000","-683,000,000","27,000,000","14,000,000","-89,000,000","205,000,000","-610,000,000","-16,000,000","71,000,000","30,000,000","86,000,000","32,000,000","104,000,000","-9,000,000","-6,000,000","65,000,000","61,000,000","16,000,000","-4,000,000","-15,000,000","-9,000,000",,"-6,000,000","-4,000,000","738,000,000","-23,000,000","1,000,000","-6,000,000","-564,000,000","12,000,000","-2,000,000","-15,000,000","-280,000,000","-15,000,000","-10,000,000","-18,000,000","-64,000,000","15,000,000","267,000,000","401,000,000","12,000,000","51,000,000","-138,000,000","54,000,000","-3,400,000","62,700,000","45,300,000","58,400,000","24,100,000","51,700,000","55,200,000","49,000,000","56,800,000","41,500,000","53,000,000",,,,,,,,,,,,,,,
NormalizedEBITDA,"-2,400,000,000","-724,000,000","-308,000,000","-793,000,000","-2,910,000,000","-2,451,000,000","-3,050,000,000","-3,866,000,000","-1,516,000,000","983,000,000","1,068,000,000","1,278,000,000","636,000,000","875,000,000","935,000,000","1,152,000,000","692,000,000","851,000,000","1,382,000,000","1,753,000,000","622,000,000","753,000,000","1,439,000,000","1,742,000,000","1,356,000,000","474,000,000","1,928,000,000","1,942,000,000","1,153,000,000","1,587,000,000","1,159,000,000","1,418,000,000","736,000,000","708,000,000","636,000,000","500,000,000","47,000,000","-78,000,000","525,000,000","516,000,000","188,000,000","218,000,000","318,000,000","195,000,000","51,000,000","391,000,000","624,000,000","477,000,000","-26,000,000","-65,000,000","160,000,000","98,000,000","112,000,000","154,000,000","137,000,000","254,000,000","180,000,000","14,701,000,000","-3,648,000,000","-3,357,000,000","-3,388,000,000","-1,716,000,000","-3,573,000,000","-3,448,000,000","-3,467,000,000","-2,471,000,000","-3,845,000,000","-3,277,000,000","-3,119,000,000","-1,609,000,000","-3,159,000,000","-2,822,000,000","-2,754,000,000","-249,000,000","-2,631,000,000","-3,149,000,000","-3,771,000,000","-1,023,000,000","-3,175,000,000","-3,791,000,000","-3,715,000,000","-1,872,000,000","-4,521,000,000","-3,125,000,000","-2,903,000,000","-1,170,000,000","-2,343,000,000","-2,342,000,000","-2,515,000,000","-3,775,000,000","-1,068,000,000","-998,000,000","-1,441,000,000","-3,155,000,000","-721,000,000","-632,000,000","-750,000,000","-3,372,000,000","-711,000,000","-703,000,000","-893,000,000","-4,629,000,000","-675,000,000","-712,000,000","-869,000,000","-2,367,000,000","-792,000,000","-750,000,000","-950,000,000","-2,581,000,000","-725,000,000","-755,000,000","-990,000,000","236,000,000","650,000,000","17,000,000","-363,000,000","50,000,000","208,000,000","452,000,000","327,000,000","206,900,000","349,300,000","266,600,000","-97,800,000","-69,700,000","278,000,000","352,000,000","106,800,000","171,800,000","346,300,000","380,500,000","2,451,000,000","-5,649,800,000","2,328,300,000","2,163,200,000","1,964,800,000","-4,854,800,000","1,975,400,000","1,831,100,000","1,509,300,000","-4,108,700,000","1,546,800,000","1,517,700,000","1,455,100,000","-4,106,200,000","1,561,100,000"
TaxRateForCalcs,"0.218","0.217","0.18","0.27","0.205","0.225","0.225","0.223","0.225","0.275","0.237","0.249","0.245","0.176","0.252","0.264","0.319","0.393","0.378","0.378","0.359","0.4","0.38","0.364","0.38","0.4","0.009","0.009","0.012","0.35","0.007","0.282","0.026","0.139","0","0","0.061","0.35","0","0","0","0","0","0","0","0.263","0","0","0","0.35","0.077","0","0","0","0","0","0","0","0","0","0","0","0","0","0","0","0","0","0","0","0","0","0","0.4","0","0","0","0.361","0.362","0.313","0.334","0.372","0.349","0.361","0.246","0.4","0.387","0.296","0.4","0.4","0.4","0.4","0.4","0.4","0.391","0.395","0.4","0.394","0.4","0.4","0.4","0.12","0.392","0.39","0.4","0.361","0.39","0.4","0.4","0.4","0.39","0.383","0.4","0.364","0.4","0.4","0.214","0.342","0.303","0.317","0.4","0.329","0.396","0.4","0.326","0.327","0.386","0.381","0.344","0.4","0.36","0.364","0.4","0.4","0.4","0.4","0.4","0.4","0.4","0.4","0.4","0.4","0.4","0.4","0.4","0.4","0.4"
TaxEffectOfUnusualItems,"868,439,952.904","217,464.316","177,815,533.981","347,760,000","350,720,915.448","4,043,431.826","66,339,256.866","325,277,171.869","-250,841,868.512","-40,418,563.923","-53,795,332.136","-30,181,405.896","-29,387,755.102","-40,165,803.109","-53,969,298.246","-30,885,565.67","-49,076,923.077","-62,870,588.235","-42,390,438.247","-75,222,308.288","0","0","0","0","0","0","0","0","0","-280,000,000","0","0","0","-387,267,096.774","0","0","-9,696,969.697","-41,650,000","0","0","0","0","0","0","0","-3,421,052.632","0","0","0","-30,800,000","-7,326,478.149","0","0","0","0","0","0","0","0","0","0","0","0","0","0","0","0","0","0","0","0","0","0","-74,000,000","0","0","0","5,777,777.778","-247,463,768.116","8,437,500","4,672,074.16","-33,077,165.354","71,556,603.774","-220,000,000","-3,929,824.561","28,400,000","11,600,000","25,458,026.51","12,800,000","41,600,000","-3,600,000","-2,400,000","26,000,000","24,400,000","6,259,887.006","-1,579,881.657","-6,000,000","-3,542,274.052","0","-2,400,000","-1,600,000","88,768,867.925","-9,021,551.724","389,583.333","-2,400,000","-203,629,453.682","4,675,324.675","-800,000","-6,000,000","-112,000,000","-5,848,214.286","-3,830,645.161","-7,200,000","-23,317,829.457","6,000,000","106,800,000","85,928,571.429","4,107,816.712","15,467,213.115","-43,728,395.062","21,600,000","-1,119,957.082","24,832,216.495","18,120,000","19,037,353.549","7,880,006.258","19,973,900.842","21,027,311.931","16,833,333.333","22,720,000","14,932,242.991","19,314,040.729","0","0","0","0","0","0","0","0","0","0","0","0","0","0","0"