name,ttm,12/31/2021,09/30/2021,06/30/2021,03/31/2021,12/31/2020,09/30/2020,06/30/2020,03/31/2020,12/31/2019,09/30/2019,06/30/2019,03/31/2019,12/31/2018,09/30/2018,06/30/2018,03/31/2018,12/31/2017,09/30/2017,06/30/2017,03/31/2017,12/31/2016,09/30/2016,06/30/2016,03/31/2016,12/31/2015,09/30/2015,06/30/2015,03/31/2015,12/31/2014,09/30/2014,06/30/2014,03/31/2014,12/31/2013,09/30/2013,06/30/2013,03/31/2013,12/31/2012,09/30/2012,06/30/2012,03/31/2012,12/31/2011,09/30/2011,06/30/2011,03/31/2011,12/31/2010,09/30/2010,06/30/2010,03/31/2010,12/31/2009,09/30/2009,06/30/2009,03/31/2009,12/31/2008,09/30/2008,06/30/2008,03/31/2008,12/31/2007,09/30/2007,06/30/2007,03/31/2007,12/31/2006,09/30/2006,06/30/2006,03/31/2006,12/31/2005,09/30/2005,06/30/2005,03/31/2005,12/31/2004,09/30/2004,06/30/2004,03/31/2004,12/31/2003,09/30/2003,06/30/2003,03/31/2003,12/31/2002,09/30/2002,06/30/2002,03/31/2002,12/31/2001,09/30/2001,06/30/2001,03/31/2001,12/31/2000,09/30/2000,06/30/2000,03/31/2000,12/31/1999,09/30/1999,06/30/1999,03/31/1999,12/31/1998,09/30/1998,06/30/1998,03/31/1998,12/31/1997,09/30/1997,06/30/1997,03/31/1997,12/31/1996,09/30/1996,06/30/1996,03/31/1996,12/31/1995,09/30/1995,06/30/1995,03/31/1995,12/31/1994
TotalRevenue,"221,101,097,000","59,628,810,000","58,912,421,000","53,405,695,000","49,154,171,000","52,516,556,000","49,244,768,000","45,366,777,000","47,417,639,000","47,864,742,000","45,637,802,000","45,239,265,000","43,319,602,000","45,392,452,000","43,297,136,000","43,142,309,000","41,033,858,000","40,466,332,000","39,120,015,000","38,707,144,000","37,147,402,000","38,169,265,000","37,560,603,000","36,881,680,000","35,698,357,000","36,709,046,000","35,470,378,000","34,233,556,000","32,669,267,000","33,588,602,000","31,588,708,000","30,348,154,000","28,455,903,000","29,176,362,000","24,469,040,000","21,906,648,000","20,523,668,000","21,466,314,000","19,288,296,000","19,769,384,000","20,071,271,000","20,360,645,000","20,407,670,000","20,161,022,000","19,760,257,000","19,888,609,000","19,715,373,000","19,602,120,000","19,300,627,000","19,335,859,000","18,716,063,000","18,393,899,000","17,311,651,000","17,338,377,000","17,157,846,000","17,996,666,000","17,846,246,000","17,372,915,000","16,390,450,000","16,445,928,000","16,512,541,000","16,725,393,000","15,643,004,000","15,686,315,000","15,220,679,000","14,653,147,000","13,918,353,000","13,831,966,000","13,191,576,000","13,639,042,000","13,388,674,000","13,071,594,000","13,363,573,000","13,355,113,000","12,639,583,000","12,420,671,000","12,162,541,000","12,434,533,000","11,600,920,000","11,620,827,000","10,944,267,000","11,068,780,000","5,884,231,000","3,518,929,000","3,480,998,000","3,307,195,000","3,031,730,000","2,931,706,000","2,842,203,000","2,839,400,000","3,200,500,000","2,261,300,000","2,175,900,000","2,169,700,000","2,127,400,000","2,094,500,000","2,192,300,000","2,254,600,000","2,219,300,000","2,064,200,000","1,785,500,000","1,746,900,000","1,487,100,000","1,420,000,000","1,362,100,000","1,282,500,000","1,118,800,000","1,186,700,000","1,206,300,000","1,157,100,000"
	OperatingRevenue,"221,101,097,000","59,628,810,000","58,912,421,000","53,405,695,000","49,154,171,000","52,516,556,000","49,244,768,000","45,366,777,000","47,417,639,000","47,864,742,000","45,637,802,000","45,239,265,000","43,319,602,000","45,392,452,000","43,297,136,000","43,142,309,000","41,033,858,000","40,466,332,000","39,120,015,000","38,707,144,000","37,147,402,000","38,169,265,000","37,560,603,000","36,881,680,000","35,698,357,000","36,709,046,000","35,470,378,000","34,233,556,000","32,669,267,000","33,588,602,000","31,588,708,000","30,348,154,000","28,455,903,000","29,176,362,000","24,469,040,000","21,906,648,000","20,523,668,000","21,466,314,000","19,288,296,000","19,769,384,000","20,071,271,000","20,360,645,000","20,407,670,000","20,161,022,000","19,760,257,000","19,888,609,000","19,715,373,000","19,602,120,000","19,300,627,000","19,335,859,000","18,716,063,000","18,393,899,000","16,932,790,000","17,338,377,000","17,157,846,000","17,996,666,000","17,846,246,000","17,372,915,000","16,390,450,000","16,445,928,000","16,512,541,000","16,725,393,000","15,643,004,000","15,686,315,000","15,220,679,000","14,653,147,000","13,918,353,000","13,831,966,000","13,191,576,000","13,639,042,000","13,388,674,000","13,071,594,000","13,363,573,000","13,355,113,000","12,639,583,000","12,420,671,000","12,162,541,000","12,434,533,000","11,600,920,000","11,620,827,000","10,944,267,000","11,068,780,000","5,884,231,000","3,518,929,000","3,480,998,000","3,307,195,000","3,031,730,000","2,931,706,000","2,842,203,000","2,839,400,000","3,200,500,000","2,261,300,000","2,175,900,000","2,169,700,000","2,127,400,000","2,094,500,000","2,192,300,000","2,254,600,000","2,219,300,000","2,064,200,000","1,785,500,000","1,746,900,000","1,487,100,000","1,420,000,000","1,362,100,000","1,282,500,000","1,118,800,000","1,186,700,000","1,206,300,000","1,157,100,000"
CostOfRevenue,"213,549,740,000","57,568,451,000","56,843,010,000","51,517,489,000","47,620,790,000","51,064,326,000","47,897,921,000","44,141,061,000","46,029,532,000","46,633,528,000","44,453,065,000","44,008,026,000","41,894,846,000","44,094,872,000","42,264,495,000","41,930,968,000","39,778,175,000","39,353,680,000","37,947,995,000","37,627,269,000","35,890,975,000","37,131,585,000","36,436,068,000","35,773,817,000","34,623,026,000","35,744,169,000","34,496,804,000","33,342,092,000","31,757,291,000","32,836,303,000","30,716,164,000","29,656,150,000","27,726,310,000","28,488,137,000","23,901,488,000","21,344,198,000","19,806,679,000","20,794,390,000","18,596,566,000","19,080,234,000","19,376,146,000","19,767,552,000","19,789,723,000","19,507,441,000","19,072,921,000","19,308,377,000","19,122,539,000","19,013,750,000","18,688,559,000","18,772,489,000","18,177,530,000","17,874,676,000","16,759,180,000","16,848,529,000","16,630,393,000","17,498,621,000","17,287,493,000","16,865,455,000","15,862,020,000","15,848,705,000","15,906,098,000","16,130,750,000","15,057,509,000","15,129,136,000","14,659,916,000","14,124,769,000","13,396,579,000","13,329,897,000","12,689,461,000","13,178,143,000","12,894,843,000","12,495,865,000","12,781,125,000","12,827,939,000","12,055,417,000","11,860,292,000","11,581,352,000","11,913,108,000","11,072,301,000","11,110,898,000","10,429,774,000","10,597,347,000","5,617,654,000","3,373,990,000","3,329,829,000","3,169,130,000","2,892,884,000","2,801,860,000","2,710,183,000","2,719,200,000","3,043,000,000","2,157,300,000","2,064,300,000","2,067,600,000","2,023,600,000","1,994,800,000","2,078,900,000","2,148,600,000","2,111,600,000","1,963,100,000","1,691,900,000","1,660,100,000","1,412,600,000","1,338,800,000","1,283,300,000","1,212,100,000","1,046,400,000","1,120,000,000","1,140,600,000","1,093,100,000"
GrossProfit,"7,551,357,000","2,060,359,000","2,069,411,000","1,888,206,000","1,533,381,000","1,452,230,000","1,346,847,000","1,225,716,000","1,388,107,000","1,231,214,000","1,184,737,000","1,231,239,000","1,424,756,000","1,297,580,000","1,032,641,000","1,211,341,000","1,255,683,000","1,112,652,000","1,172,020,000","1,079,875,000","1,256,427,000","1,037,680,000","1,124,535,000","1,107,863,000","1,075,331,000","964,877,000","973,574,000","891,464,000","911,976,000","752,299,000","872,544,000","692,004,000","729,593,000","688,225,000","567,552,000","562,450,000","716,989,000","671,924,000","691,730,000","689,150,000","695,125,000","593,093,000","617,947,000","653,581,000","687,336,000","580,232,000","592,834,000","588,370,000","612,068,000","563,370,000","538,533,000","519,223,000","552,471,000","489,848,000","527,453,000","498,045,000","558,753,000","507,460,000","528,430,000","597,223,000","606,443,000","594,643,000","585,495,000","557,179,000","560,763,000","528,378,000","521,774,000","502,069,000","502,115,000","460,899,000","493,831,000","575,729,000","582,448,000","527,174,000","584,166,000","560,379,000","581,189,000","521,425,000","528,619,000","509,929,000","514,493,000","471,433,000","266,577,000","144,939,000","151,169,000","138,065,000","138,846,000","129,846,000","132,020,000","120,200,000","157,500,000","104,000,000","111,600,000","102,100,000","103,800,000","99,700,000","113,400,000","106,000,000","107,700,000","101,100,000","93,600,000","86,800,000","74,500,000","81,200,000","78,800,000","70,400,000","72,400,000","66,700,000","65,700,000","64,000,000"
OperatingExpense,"4,610,841,000","1,346,039,000","1,393,409,000","1,040,515,000","830,878,000","834,621,000","818,303,000","762,300,000","787,208,000","790,468,000","830,489,000","764,539,000","751,802,000","779,085,000","778,363,000","746,593,000","736,814,000","663,658,000","665,212,000","624,982,000","619,512,000","616,627,000","619,447,000","612,719,000","614,072,000","609,734,000","625,715,000","571,174,000","498,648,000","465,788,000","508,761,000","434,945,000","420,835,000","408,010,000","400,799,000","372,311,000","363,404,000","382,736,000","377,321,000","370,611,000","317,997,000","304,620,000","367,870,000","336,422,000","322,087,000","303,466,000","346,644,000","306,516,000","300,141,000","300,988,000","312,349,000","297,336,000","304,205,000","290,935,000","321,810,000","292,655,000","320,647,000","312,470,000","357,956,000","384,292,000","385,416,000","385,784,000","402,480,000","368,421,000","359,262,000","361,773,000","377,493,000","329,714,000","325,692,000","323,838,000","322,261,000","325,689,000","324,100,000","316,698,000","353,673,000","332,173,000","344,637,000","333,570,000","331,146,000","319,039,000","318,978,000","312,639,000","173,508,000","83,843,000","86,743,000","84,171,000","83,037,000","82,070,000","80,906,000","74,400,000","101,500,000","65,400,000","69,300,000","65,200,000","63,700,000","63,100,000","74,800,000","69,700,000","70,700,000","80,100,000","61,100,000","57,900,000","55,000,000","54,500,000","51,500,000","46,000,000","45,700,000","43,000,000","40,200,000","42,100,000"
	SellingGeneralAndAdministration,"4,029,293,000","1,170,110,000","1,215,688,000","913,414,000","730,081,000","735,068,000","720,966,000","666,885,000","693,413,000","685,953,000","721,944,000","656,943,000","628,036,000","656,585,000","657,805,000","626,548,000","617,426,000","558,522,000","560,877,000","525,463,000","521,843,000","520,547,000","520,149,000","520,032,000","522,760,000","528,296,000","556,367,000","502,744,000","442,443,000","416,491,000","459,249,000","387,611,000","376,341,000","364,060,000","358,303,000","331,173,000","323,536,000","342,213,000","338,685,000","332,307,000","284,638,000","273,865,000","314,998,000","308,806,000","296,132,000","278,033,000","318,810,000","289,288,000","279,454,000","280,191,000","291,473,000","277,647,000","284,771,000","272,026,000","303,279,000","271,098,000","297,607,000","290,117,000","332,898,000","359,877,000","363,367,000","362,984,000","379,734,000","346,394,000","339,113,000","340,686,000","356,597,000","310,112,000","299,672,000","302,684,000","301,737,000","305,883,000","305,482,000","299,880,000","333,360,000","315,833,000","323,563,000","317,682,000","314,184,000","304,299,000","304,576,000","297,592,000","167,015,000","79,638,000","82,462,000","79,645,000","78,526,000","77,944,000","76,323,000","70,200,000","94,400,000","61,200,000","65,100,000","61,000,000","59,400,000","59,000,000","70,700,000","65,800,000","66,900,000","76,200,000","57,600,000","54,800,000","51,800,000","51,400,000","48,900,000","43,300,000","42,800,000","40,000,000","38,500,000","39,600,000"
		SellingAndMarketingExpense,,,,,,,,,"693,413,000","685,953,000","721,944,000","656,943,000","628,036,000","656,585,000","657,805,000","626,548,000","617,426,000","558,522,000","560,877,000","525,463,000","521,843,000","520,547,000","520,149,000","520,032,000","522,760,000","528,296,000","556,367,000","502,744,000","442,443,000","416,491,000","459,249,000","387,611,000","376,341,000","364,060,000","358,303,000","331,173,000","323,536,000","342,213,000",,,,,,,,,,,,,,,,,,,,,,,,,,,,,,,,,,,,,,,,,,,,,,,,,,,,,,,,,,,,,,,,,,,,,,,,
	DepreciationAmortizationDepletionIncomeStatement,"581,548,000","175,929,000","177,721,000","127,101,000","100,797,000","99,553,000","97,337,000","95,415,000","93,795,000","104,515,000","108,545,000","107,596,000","123,766,000","122,500,000","120,558,000","120,045,000","119,388,000","105,136,000","104,335,000","99,519,000","97,669,000","96,080,000","99,298,000","92,687,000","91,312,000","81,438,000","69,348,000","68,430,000","56,205,000","49,297,000","49,512,000","47,334,000","44,494,000","43,950,000","42,496,000","41,138,000","39,868,000","40,523,000","38,636,000","38,304,000","33,359,000","30,755,000","29,305,000","27,616,000","25,955,000","25,433,000","23,352,000","21,625,000","20,687,000","20,797,000","20,876,000","19,689,000","19,434,000","18,909,000","18,531,000","21,557,000","23,040,000","22,353,000","22,094,000","24,279,000","22,049,000","22,800,000","22,746,000","22,027,000","20,149,000","21,087,000","20,896,000","19,602,000","20,761,000","21,154,000","20,524,000","19,806,000","18,618,000","16,818,000","20,313,000","16,340,000","17,069,000","17,269,000","16,962,000","14,740,000","14,402,000","15,047,000","9,209,000","4,205,000","4,281,000","4,526,000","4,511,000","4,126,000","4,583,000","4,200,000","7,100,000","4,200,000","4,200,000","4,200,000","4,300,000","4,100,000","4,100,000","3,900,000","3,800,000","3,900,000","3,500,000","3,100,000","3,200,000","3,100,000","2,600,000","2,700,000","2,900,000","3,000,000","1,700,000","2,500,000"
		DepreciationAndAmortizationInIncomeStatement,"581,548,000","175,929,000","177,721,000","127,101,000","100,797,000","99,553,000","97,337,000","95,415,000","93,795,000","104,515,000","108,545,000","107,596,000","123,766,000","122,500,000","120,558,000","120,045,000","119,388,000","105,136,000","104,335,000","99,519,000","97,669,000","96,080,000","99,298,000","92,687,000","91,312,000","81,438,000","69,348,000","68,430,000","56,205,000","49,297,000","49,512,000","47,334,000","44,494,000","43,950,000","42,496,000","41,138,000","39,868,000","40,523,000","38,636,000","38,304,000","33,359,000","30,755,000","29,305,000","27,616,000","25,955,000","25,433,000","23,352,000","21,625,000","20,687,000","20,797,000","20,876,000","19,689,000","19,434,000","18,909,000","18,531,000","21,557,000","23,040,000","22,353,000","22,094,000","24,279,000","22,049,000","22,800,000","22,746,000","22,027,000","20,149,000","21,087,000","20,896,000","19,602,000","20,761,000","21,154,000","20,524,000","19,806,000","18,618,000","16,818,000","20,313,000","16,340,000","17,069,000","17,269,000","16,962,000","14,740,000","14,402,000","15,047,000","9,209,000","4,205,000","4,281,000","4,526,000","4,511,000","4,126,000","4,583,000","4,200,000","7,100,000","4,200,000","4,200,000","4,200,000","4,300,000","4,100,000","4,100,000","3,900,000","3,800,000","3,900,000","3,500,000","3,100,000","3,200,000","3,100,000","2,600,000","2,700,000","2,900,000","3,000,000","1,700,000","2,500,000"
			DepreciationIncomeStatement,"348,464,000","95,585,000","95,289,000","82,320,000","75,270,000","73,945,000","71,553,000","69,594,000","69,796,000","69,244,000","72,668,000","71,716,000","75,219,000","75,362,000","73,899,000","72,447,000","72,718,000","64,907,000","64,017,000","59,478,000","57,751,000","55,854,000","59,010,000","52,419,000","51,471,000","49,342,000","49,034,000","48,283,000","45,699,000","43,773,000","43,161,000","40,880,000","37,968,000","37,319,000","35,709,000","34,395,000","33,069,000","33,712,000","32,635,000","31,370,000","27,771,000","25,816,000","25,061,000","23,578,000","21,876,000","21,304,000","19,189,000","17,556,000","16,601,000","16,658,000","16,879,000","15,949,000","15,607,000","15,053,000","14,556,000","17,440,000","18,141,000","17,375,000","17,663,000","19,611,000","18,087,000","17,799,000","18,817,000","18,767,000","16,951,000","18,558,000","18,260,000","17,114,000","17,636,000","18,050,000","17,355,000","16,801,000","15,795,000","14,152,000","17,178,000","14,704,000","15,264,000","15,803,000","15,842,000","14,310,000","13,851,000","14,247,000","7,882,000","3,744,000","3,680,000",,,,,,,,,,,,,,,,,,,,,,,,,
			Amortization,"233,084,000","80,344,000","82,432,000","44,781,000","25,527,000","25,608,000","25,784,000","25,821,000","23,999,000","35,271,000","35,877,000","35,880,000","48,547,000","47,138,000","46,659,000","47,598,000","46,670,000","40,229,000","40,318,000","40,041,000","39,918,000","40,226,000","40,288,000","40,268,000","39,841,000","32,096,000","20,314,000","20,147,000","10,506,000","5,524,000","6,351,000","6,454,000","6,526,000","6,631,000","6,787,000","6,743,000","6,799,000","6,811,000","6,001,000","6,934,000","5,588,000","4,939,000","4,244,000","4,038,000","4,079,000","4,129,000","4,163,000","4,069,000","4,086,000","4,139,000","3,997,000","3,740,000","3,827,000","3,856,000","3,975,000","4,117,000","4,899,000","4,978,000","4,431,000","4,668,000","3,962,000","5,001,000","3,929,000","3,260,000","3,198,000","2,529,000","2,636,000","2,488,000","3,125,000","3,104,000","3,169,000","3,005,000","2,823,000","2,666,000","3,135,000","1,636,000","1,805,000","1,466,000","1,120,000","430,000","551,000","800,000","1,327,000","461,000","601,000",,,,,,,,,,,,,,,,,,,,,,,,,
				AmortizationOfIntangiblesIncomeStatement,"233,084,000","80,344,000","82,432,000","44,781,000","25,527,000","25,608,000","25,784,000","25,821,000","23,999,000","35,271,000","35,877,000","35,880,000","48,547,000","47,138,000","46,659,000","47,598,000","46,670,000","40,229,000","40,318,000","40,041,000","39,918,000","40,226,000","40,288,000","40,268,000","39,841,000","32,096,000","20,314,000","20,147,000","10,506,000","5,524,000","6,351,000","6,454,000","6,526,000","6,631,000","6,787,000","6,743,000","6,799,000","6,811,000","6,001,000","6,934,000","5,588,000","4,939,000","4,244,000","4,038,000","4,079,000","4,129,000","4,163,000","4,069,000","4,086,000","4,139,000","3,997,000","3,740,000","3,827,000","3,856,000","3,975,000","4,117,000","4,899,000","4,978,000","4,431,000","4,668,000","3,962,000","5,001,000","3,929,000","3,260,000","3,198,000","2,529,000","2,636,000","2,488,000","3,125,000","3,104,000","3,169,000","3,005,000","2,823,000","2,666,000","3,135,000","1,636,000","1,805,000","1,466,000","1,120,000","430,000","551,000","800,000","1,327,000","461,000","601,000",,,,,,,,,,,,,,,,,,,,,,,,,
	OtherOperatingExpenses,,,,,,,,,,,,,,,,,,,,,,,,,,,,,,,,,,,,,,,,,,,,,,,,"-4,397,000",,,,,,,,,,,,"136,000",,,,,,,"0",,"5,259,000",,,,,,,,"4,005,000","-1,381,000",,,,,,,,,,,,,,,,,,,,,,,,,,,,,,,,
OperatingIncome,"2,940,516,000","714,320,000","676,002,000","847,691,000","702,503,000","617,609,000","528,544,000","463,416,000","600,899,000","440,746,000","354,248,000","466,700,000","672,954,000","518,495,000","254,278,000","464,748,000","518,869,000","448,994,000","506,808,000","454,893,000","636,915,000","421,053,000","505,088,000","495,144,000","461,259,000","355,143,000","347,859,000","320,290,000","413,328,000","286,511,000","363,783,000","257,059,000","308,758,000","280,215,000","166,753,000","190,139,000","353,585,000","289,188,000","314,409,000","318,539,000","377,128,000","288,473,000","250,077,000","317,159,000","365,249,000","276,766,000","246,190,000","281,854,000","311,927,000","262,382,000","226,184,000","221,887,000","248,266,000","198,913,000","205,643,000","205,390,000","238,106,000","194,990,000","170,474,000","212,931,000","221,027,000","208,859,000","183,015,000","188,758,000","201,501,000","166,605,000","144,281,000","172,355,000","176,423,000","137,061,000","171,570,000","250,040,000","258,348,000","210,476,000","230,493,000","228,206,000","236,552,000","187,855,000","197,473,000","190,890,000","195,515,000","158,794,000","93,069,000","61,096,000","64,426,000","53,894,000","55,809,000","47,776,000","51,114,000","45,800,000","56,000,000","38,600,000","42,300,000","36,900,000","40,100,000","36,600,000","38,600,000","36,300,000","37,000,000","21,000,000","32,500,000","28,900,000","19,500,000","26,700,000","27,300,000","24,400,000","26,700,000","23,700,000","25,500,000","21,900,000"
NetNonOperatingInterestIncomeExpense,"-193,832,000","-53,372,000","-54,596,000","-51,338,000","-34,526,000","-33,614,000","-34,707,000","-37,748,000","-34,421,000","-31,007,000","-36,403,000","-35,921,000","-43,275,000","-42,170,000","-43,047,000","-47,151,000","-48,637,000","-35,864,000","-35,311,000","-35,603,000","-37,299,000","-36,972,000","-43,805,000","-32,115,000","-33,113,000","-30,879,000","-28,920,000","-29,793,000","-22,946,000","-17,342,000","-17,653,000","-20,903,000","-19,474,000","-18,832,000","-18,672,000","-18,190,000","-18,510,000","-18,698,000","-24,241,000","-24,686,000","-23,906,000","-22,591,000","-19,916,000","-18,605,000","-19,056,000","-19,144,000","-18,047,000","-17,901,000","-19,279,000","-17,267,000","-14,951,000","-14,652,000","-14,521,000",,,,,,,,,,,,,,,,,,,,,,,,,,,,,,,,,,,,,,,,,,,,,,,,,,,,,,,,,
	InterestIncomeNonOperating,"10,766,000","3,260,000","5,175,000","1,673,000","658,000","964,000","1,054,000","1,429,000","7,561,000","10,595,000","11,243,000","12,789,000","6,607,000","7,066,000","6,381,000","5,694,000","1,347,000","1,519,000","842,000","1,414,000","586,000","1,015,000","1,458,000","1,525,000","746,000","708,000","1,147,000","861,000","428,000","549,000","304,000","222,000","103,000","211,000","445,000","357,000","137,000","211,000","379,000","546,000","671,000","205,000","268,000","750,000","569,000","594,000","903,000","714,000","319,000",,,,"1,379,000",,,,,,,,,,,,,,,,,,,,,,,,,,,,,,,,,,,,,,,,,,,,,,,,,,,,,,,,,
	InterestExpenseNonOperating,"204,598,000","56,632,000","59,771,000","53,011,000","35,184,000","34,578,000","35,761,000","39,177,000","41,982,000","41,602,000","47,646,000","48,710,000","49,882,000","49,236,000","49,428,000","52,845,000","49,984,000","37,383,000","36,153,000","37,017,000","37,885,000","37,987,000","45,263,000","33,640,000","33,859,000","31,587,000","30,067,000","30,654,000","23,374,000","17,891,000","17,957,000","21,125,000","19,577,000","19,043,000","19,117,000","18,547,000","18,647,000","18,909,000","24,620,000","25,232,000","24,577,000","22,796,000","20,184,000","19,355,000","19,625,000","19,738,000","18,950,000","18,615,000","19,598,000","17,267,000","14,951,000","14,652,000","15,900,000",,,,,,,,,,,,,,,,,,,,,,,,,,,,,,,,,,,,,,,,,,,,,,,,,,,,,,,,,
	TotalOtherFinanceCost,,,,,,,,,,,"36,403,000",,"43,275,000",,,,"48,637,000",,"35,311,000",,,,,,,,"28,920,000","29,793,000","22,946,000","17,342,000","17,653,000","20,903,000","19,474,000","18,832,000","18,672,000","18,190,000","18,510,000","18,698,000",,,"23,906,000","22,591,000",,"-18,605,000",,,,,,,,,,,,,,,,,,,,,,,,,,,,,,,,,,,,,,,,,,,,,,,,,,,,,,,,,,,,,,,,,,
OtherIncomeExpense,"-456,502,000","-64,743,000","-67,470,000","-222,823,000","-101,466,000","-56,113,000","-6,637,294,000","-81,833,000","-290,275,000","-180,151,000","-173,194,000","-59,664,000","-610,895,000","-43,769,000","-99,361,000","-72,395,000","-108,900,000","-54,111,000","-643,038,000","-285,915,000","-6,701,000","-20,943,000","-272,985,000","33,628,000","488,209,000","-534,664,000","156,557,000","13,809,000","-788,982,000","-376,222,000","-157,852,000","-177,824,000","-3,847,000","-120,002,000","-51,356,000","-56,018,000","-4,211,000","-1,906,000","-27,481,000","-59,000","-8,896,000","-3,558,000","-3,636,000","-62,000","142,000","1,667,000","-357,000","-488,000","-968,000","-277,000","-1,821,000","-9,086,000","504,000","-1,458,000","-4,465,000","-8,633,000","-392,000","-737,000","8,536,000","-7,012,000","-511,000","-66,000","11,749,000","-1,000","2,249,000","-783,000","-100,316,000","-4,038,000","-4,876,000","43,000","251,000","-18,683,000","3,663,000","-2,587,000","-457,000","-5,862,000","-9,738,000","1,198,000","-8,319,000","-7,957,000","-4,387,000","-9,228,000","-15,775,000","-2,909,000","-1,801,000","-774,000","0","1,123,000",,,,,,,,,,,,,,,,,,,,,,
	GainOnSaleOfSecurity,,,,,,,,,,,,,,,,,,,,,,,"-260,617,000","83,704,000","503,946,000","-467,375,000","196,487,000","14,900,000","-752,706,000","-371,405,000","-155,739,000","-145,040,000","-5,663,000","-116,297,000","-50,479,000","-35,815,000","-3,761,000",,,,,,,,,,,,,,,,,,,,,,,,,,,,,,,,,,,,,,,,,,,,,,,,,,,,,,,,,,,,,,,,,,,,,,,,,
	EarningsFromEquityInterest,,,,,,,,,,,"0","0","0",,"0",,"-42,328,000",,,,,,,,,,,,,,,,,,,,,,,,,,,,,,,,,,,,,,,,,,,,,,,,,,,,,,,,"3,663,000","-2,587,000","-457,000","-1,642,000","-5,733,000","-183,000","-4,460,000","190,000","354,000","-1,731,000","-6,285,000","-2,006,000","-1,801,000",,,,,,,,,,,,,,,,,,,,,,,,,
	SpecialIncomeCharges,"-489,142,000","-69,915,000","-114,107,000","-226,964,000","-78,156,000","-70,381,000","-6,641,681,000","-80,760,000","-291,384,000","-177,309,000","-174,407,000","-60,006,000","-625,389,000","-40,672,000","-100,181,000","-75,553,000","-37,449,000","-53,787,000","-641,810,000","-284,517,000","-11,934,000","-21,066,000","-14,192,000","-52,234,000","-16,493,000","-67,599,000","-37,517,000","-2,625,000","-24,871,000","-3,503,000","-781,000","-34,096,000","-1,967,000","-4,302,000","-2,084,000","-19,678,000","299,000","-1,929,000","-33,308,000","-59,000","-8,896,000","-3,558,000","-3,636,000","-62,000","142,000","1,667,000","-357,000","-488,000","-968,000","-277,000","-1,821,000","-9,086,000","504,000","-1,458,000","-4,465,000","-8,633,000","-392,000","-737,000","8,536,000","-7,012,000","-511,000","-66,000","11,749,000","-1,000","2,249,000","-783,000","-100,316,000","-4,038,000","-4,876,000","43,000","251,000","-18,683,000",,,"0","-4,220,000","-4,005,000","1,381,000","-3,859,000","-8,147,000","-4,741,000","-7,497,000","-9,490,000","-903,000",,"-774,000","0","1,123,000",,,,,,,,,,,,,,,,,,,,,,
		RestructuringAndMergernAcquisition,"193,303,000","32,334,000","51,062,000","73,739,000","36,168,000","38,319,000","6,185,000","27,216,000","36,917,000","14,643,000","36,451,000","41,178,000","41,567,000","26,133,000","28,438,000","36,522,000","37,449,000","30,021,000","-272,590,000","284,517,000","11,934,000","21,066,000","-15,957,000","52,234,000","17,617,000","18,868,000","6,895,000","2,625,000","24,871,000","3,503,000","781,000","1,142,000","1,967,000","4,302,000","2,084,000","19,678,000","-299,000","27,000",,,,,,,,,,,,,,,,"1,029,000","2,951,000","7,865,000","1,384,000",,"-10,546,000","3,360,000","135,000",,,"-86,000","3,577,000",,,"3,747,000",,,,,,,,,,,"3,859,000","8,147,000","4,741,000","7,497,000","12,206,000","903,000",,,,,,,,,,,,,,,,,,,,,,,,,,
		ImpairmentOfCapitalAssets,"22,643,000","4,946,000","17,697,000","0","0","0","0","0","223,652,000","138,000,000","0","0","570,000,000",,,,,,,,,,,,,,,,,,,,,,,,,,,,,,"6,506,000","0","0",,"2,500,000","0","700,000",,"1,572,000","8,900,000",,,,,,,,,,,,,,,,,,,,,,,,,,,,,,,,,,,,,,,,,,,,,,,,,,,,,,,,,,
		WriteOff,,,,,,,,,,,,,,,,,,,,,,,,,,,"30,622,000",,,,,,,,,,,,,,,,,,,,,,,,,,,,,,,,,,,,,,,,,,,,,,,,,,,,,,,,,,,,,,,,,,,,,,,,,,,,,,,,,,,
		OtherSpecialCharges,"273,196,000","32,635,000","45,348,000","153,225,000","41,988,000","32,062,000","6,635,496,000","53,544,000","30,815,000","24,666,000","137,956,000","18,828,000","13,822,000","14,539,000","12,059,000","39,031,000",,"23,766,000",,,,,"30,149,000",,"-1,124,000","48,731,000",,,,,"0","32,954,000",,,,,,"1,902,000",,,"8,896,000","3,558,000","-2,870,000","62,000","-142,000",,"-2,143,000","488,000","268,000",,"249,000","186,000",,"429,000","1,514,000","768,000","-992,000",,"2,010,000","3,652,000","376,000",,,"87,000","-5,826,000",,,"291,000",,,,,,,,,,,,,,,,,,,,,,,,,,,,,,,,,,,,,,,,,,
	OtherNonOperatingIncomeExpenses,"32,640,000","5,172,000","46,637,000","4,141,000","-23,310,000","14,268,000","4,387,000","-1,073,000","1,109,000","-2,842,000","1,213,000","342,000","14,494,000","-3,097,000","820,000","3,158,000","-29,123,000","-324,000","-1,228,000","-1,398,000","5,233,000","123,000","1,824,000","2,158,000","756,000","310,000","-2,413,000","1,534,000","-11,405,000","-1,314,000","-1,332,000","1,312,000","3,783,000","597,000","1,207,000","-525,000","-749,000","23,000",,,,,,,,,,,,,,,,,,,,,,,,,,,,,,,,,,,,,,,,,,,,,,,,,,,,,,,,,,,,,,,,,,,,,,,,
PretaxIncome,"2,290,182,000","596,205,000","553,936,000","573,530,000","566,511,000","527,882,000","-6,143,457,000","343,835,000","276,203,000","229,588,000","144,651,000","371,115,000","18,784,000","432,556,000","111,870,000","345,202,000","361,332,000","359,019,000","-171,541,000","133,375,000","592,915,000","363,138,000","188,298,000","496,657,000","916,355,000","-210,400,000","475,496,000","304,306,000","-398,600,000","-107,053,000","188,278,000","58,332,000","285,437,000","141,381,000","96,725,000","115,931,000","330,864,000","268,584,000","262,687,000","293,794,000","344,326,000","262,324,000","226,525,000","298,492,000","346,335,000","259,289,000","227,786,000","263,465,000","291,680,000","244,838,000","209,412,000","198,149,000","233,241,000","183,272,000","187,763,000","180,791,000","218,988,000","177,829,000","174,043,000","199,730,000","210,627,000","200,650,000","195,572,000","189,341,000","196,406,000","159,310,000","34,610,000","157,046,000","162,293,000","115,028,000","148,339,000","204,512,000","231,140,000","176,382,000","195,310,000","185,110,000","192,420,000","153,287,000","139,437,000","155,625,000","158,394,000","118,591,000","58,931,000","50,826,000","50,832,000","42,244,000","45,155,000","40,516,000","39,192,000","34,800,000","25,400,000","32,300,000","32,900,000","28,700,000","5,400,000","27,000,000","26,600,000","23,800,000","26,400,000","10,300,000","21,500,000","19,700,000","11,600,000","17,600,000","17,400,000","15,300,000","17,100,000","13,100,000","10,700,000","4,600,000"
TaxProvision,"674,865,000","146,789,000","117,488,000","278,082,000","132,506,000","149,175,000","-1,298,952,000","56,567,000","-694,908,000","43,020,000","12,344,000","69,113,000","-9,289,000","40,803,000","-82,134,000","67,327,000","79,172,000","-502,834,000","173,046,000","83,023,000","181,442,000","115,892,000","44,684,000","146,854,000","312,220,000","-540,777,000","111,209,000","90,143,000","114,790,000","92,894,000","120,476,000","71,112,000","105,360,000","92,450,000","46,164,000","51,821,000","126,721,000","106,359,000","109,993,000","112,523,000","132,221,000","100,208,000","79,201,000","114,073,000","131,954,000","98,789,000","86,558,000","100,260,000","110,672,000","93,531,000","79,265,000","73,015,000","89,199,000","70,743,000","72,701,000","68,026,000","85,136,000","68,009,000","61,866,000","69,822,000","81,131,000","78,463,000","73,594,000","69,873,000","67,816,000","61,334,000","13,267,000","57,202,000","62,321,000","44,171,000","56,350,000","78,737,000","88,988,000","67,908,000","75,780,000","72,564,000","76,006,000","60,548,000","55,366,000","61,771,000","62,891,000","47,078,000","23,042,000","19,320,000","19,316,000","16,053,000","17,159,000","15,396,000","14,893,000","13,200,000","12,700,000","12,300,000","12,500,000","10,900,000","2,100,000","10,500,000","10,400,000","9,300,000","10,300,000","4,000,000","8,400,000","7,900,000","-1,700,000","7,200,000","7,300,000","6,400,000","6,300,000","3,200,000","4,000,000","3,700,000"
NetIncomeCommonStockholders,"1,614,192,000","449,105,000","437,698,000","292,122,000","435,267,000","374,845,000","-4,846,072,000","289,439,000","960,277,000","187,640,000","132,619,000","301,959,000","27,135,000","393,652,000","233,288,000","275,809,000","287,455,000","861,853,000","-344,587,000","50,352,000","411,473,000","247,246,000","143,614,000","349,803,000","604,135,000","330,377,000","364,287,000","214,163,000","-513,390,000","-199,947,000","67,802,000","-12,780,000","180,077,000","41,385,000","51,023,000","168,439,000","45,634,000","168,611,000","163,494,000","181,271,000","212,105,000","162,116,000","147,324,000","184,419,000","214,381,000","160,500,000","141,228,000","163,205,000","181,008,000","151,307,000","130,147,000","118,807,000","143,387,000","111,056,000","114,907,000","-108,020,000","133,852,000","109,820,000","87,576,000","129,908,000","129,496,000","122,187,000","122,078,000","119,468,000","129,001,000","98,685,000","74,055,000","94,777,000","99,422,000","64,449,000","91,989,000","125,775,000","142,152,000","108,474,000","119,530,000","112,546,000","116,414,000","92,739,000","94,960,000","90,224,000","91,874,000","67,883,000","35,889,000","31,506,000","31,516,000","26,191,000","27,996,000","25,120,000","24,299,000","21,600,000","9,300,000","20,000,000","20,400,000","17,800,000","3,300,000","16,500,000","16,200,000","14,500,000","16,100,000","6,300,000","11,100,000","11,800,000","13,300,000","3,200,000","10,100,000","8,900,000","10,800,000","3,700,000","6,600,000","-10,800,000"
	NetIncome,"1,614,192,000","449,105,000","437,698,000","292,122,000","435,267,000","374,845,000","-4,846,072,000","289,439,000","960,277,000","187,640,000","132,619,000","301,959,000","27,135,000","393,652,000","233,288,000","275,809,000","287,455,000","861,853,000","-344,587,000","50,352,000","411,473,000","247,246,000","143,614,000","349,803,000","604,135,000","330,377,000","364,287,000","214,163,000","-513,390,000","-199,947,000","67,802,000","-12,780,000","180,077,000","41,385,000","51,023,000","168,439,000","45,634,000","168,611,000","163,494,000","181,271,000","212,105,000","162,116,000","147,324,000","184,419,000","214,381,000","160,500,000","141,228,000","163,205,000","181,008,000","151,307,000","130,147,000","118,807,000","143,387,000","111,056,000","114,907,000","-108,020,000","133,852,000","109,820,000","87,576,000","129,908,000","129,496,000","122,187,000","122,078,000","119,468,000","129,001,000","98,685,000","74,055,000","94,777,000","99,422,000","64,449,000","91,989,000","125,775,000","142,152,000","108,474,000","119,530,000","112,546,000","116,414,000","92,739,000","94,960,000","90,224,000","91,874,000","67,883,000","35,889,000","31,506,000","31,516,000","26,191,000","27,996,000","25,120,000","24,299,000","21,600,000","9,300,000","20,000,000","20,400,000","17,800,000","3,300,000","16,500,000","16,200,000","14,500,000","16,100,000","6,300,000","11,100,000","11,800,000","13,300,000","3,200,000","10,100,000","8,900,000","10,800,000","3,700,000","6,600,000","-10,800,000"
		NetIncomeIncludingNoncontrollingInterests,"1,615,317,000","449,416,000","436,448,000","295,448,000","434,005,000","378,707,000","-4,844,505,000","287,268,000","971,111,000","186,568,000","132,307,000","302,002,000","28,073,000","391,753,000","194,004,000","277,875,000","282,160,000","861,853,000","-344,587,000","50,352,000","411,473,000","247,246,000","143,614,000","349,803,000","604,135,000","330,377,000","364,287,000","214,163,000","-513,390,000","-199,947,000","67,802,000","-12,780,000","180,077,000","41,385,000","51,023,000","168,439,000","45,634,000","168,611,000","163,494,000","181,271,000","212,105,000","162,116,000","147,324,000","184,419,000","214,381,000","160,500,000","141,228,000","163,205,000","181,008,000","151,307,000","130,147,000","118,807,000","143,387,000","111,056,000","114,907,000","-108,020,000","133,852,000","109,820,000","87,576,000","129,908,000","129,496,000","122,187,000","122,078,000","119,468,000","129,001,000","98,685,000","74,055,000","94,777,000","99,422,000","64,449,000","91,989,000","125,775,000","142,152,000","108,474,000","119,530,000","112,546,000","116,414,000","92,739,000","84,071,000","93,854,000","95,503,000","71,513,000","35,889,000","31,506,000","31,516,000","26,191,000","27,996,000","25,120,000","24,299,000","21,600,000","9,300,000","20,000,000","20,400,000","17,800,000","3,300,000","16,500,000","16,200,000","14,500,000","16,100,000","6,300,000","11,100,000","11,800,000","13,300,000","3,200,000","10,100,000","8,900,000","10,800,000","3,700,000","6,600,000","-10,800,000"
			NetIncomeContinuousOperations,"1,615,317,000","449,416,000","436,448,000","295,448,000","434,005,000","378,707,000","-4,844,505,000","287,268,000","971,111,000","186,568,000","132,307,000","302,002,000","28,073,000","391,753,000","194,004,000","277,875,000","282,160,000","861,853,000","-344,587,000","50,352,000","411,473,000","247,246,000","143,614,000","349,803,000","604,135,000","330,377,000","364,287,000","214,163,000","-513,390,000","-199,947,000","67,802,000","-12,780,000","180,077,000","48,931,000","50,561,000","64,110,000","204,143,000","162,225,000","152,694,000","181,271,000","212,105,000","162,116,000","147,324,000","184,419,000","214,381,000","160,500,000","141,228,000","163,205,000","181,008,000","151,307,000","130,147,000","125,134,000","144,042,000","112,529,000","115,062,000","112,765,000","133,852,000","109,820,000","112,177,000","129,908,000","129,496,000","122,187,000","121,978,000","119,468,000","128,590,000","97,976,000","21,343,000","99,844,000","99,972,000","70,857,000","91,989,000","125,775,000","142,152,000","108,474,000","119,530,000","112,546,000","116,414,000","92,739,000","94,960,000","90,224,000","91,874,000","67,883,000","35,889,000","31,506,000","31,516,000","26,191,000","27,996,000","25,120,000","24,299,000","21,600,000","12,700,000","20,000,000","20,400,000","17,800,000","3,300,000","16,500,000","16,200,000","14,500,000","16,100,000","6,300,000","13,100,000","11,800,000","13,300,000","10,400,000","10,100,000","8,900,000","10,800,000","9,900,000","6,700,000","900,000"
			NetIncomeDiscontinuousOperations,,,,,,,,,,,,,,,,,,,,,,,,,,,"0","0","0","0","0","0","0","-7,546,000","462,000","104,329,000","-158,509,000","6,386,000",,,,,,,,,,"0","0","0","0","-6,327,000","-655,000","-1,473,000","-155,000","-220,785,000",,,,,,,"100,000",,"411,000","709,000","32,368,000","-5,067,000","-550,000","-6,408,000",,,,,,,,,,,,,,,,,,,,,,,,,,,,,,,,,,,,,,,,
			NetIncomeExtraordinary,,,,,,,,,,,,,,,,,,,,,,,,,,,,,,,,,,,,,,,,,,,,,,,,,,,,,,,,,,,,,,,,,,,"20,344,000",,,,,,,,,,,,,,,,,,,,,,,,,,,,,,,,,,,,,,,,,,,
			NetIncomeFromTaxLossCarryforward,,,,,,,,,,,,,,,,,,,,,,,,,,,,,,,,,,,,,,,,,,,,,,,,,,,,,,,,,,,,,,,,,,,,,,,,,,,,,,,,,,,,,,,,,,,,,,,,,,,"0",,"-2,000,000",,"0","-7,200,000",,,"0","-6,200,000","-100,000","-11,700,000"
		MinorityInterests,"-1,125,000","-311,000","1,250,000","-3,326,000","1,262,000","-3,862,000","-1,567,000","2,171,000","-10,834,000","1,072,000","312,000","-43,000","-938,000","1,899,000","39,284,000","-2,066,000","5,295,000",,,,,,,,,,,,,,,,,,,,,,,,,,,,,,,,,,,,,,,,,,,,,,,,,,,,,,,,,,,,,,,"-3,630,000","-3,629,000","-3,630,000",,,,,,,,,,,,,,,,,,,,,,,,,,,,
DilutedNIAvailtoComStockholders,"1,614,192,000","449,105,000","437,698,000","292,122,000","435,267,000","374,845,000","-4,846,072,000","289,439,000","960,277,000","187,640,000","132,619,000","301,959,000","27,135,000","393,652,000","233,288,000","275,809,000","287,455,000","861,853,000","-344,587,000","50,352,000","411,473,000","247,246,000","143,614,000","349,803,000","604,135,000","330,377,000","364,287,000","214,163,000","-513,390,000","-199,947,000","67,802,000","-12,780,000","180,077,000","41,385,000","51,023,000","168,439,000","45,634,000","168,611,000","163,494,000","181,271,000","212,105,000","162,116,000","147,324,000","184,419,000","214,381,000","160,500,000","141,228,000","163,205,000","181,008,000","151,307,000","130,147,000","118,807,000","143,387,000","111,056,000","114,907,000","-108,020,000","133,852,000","109,820,000","87,576,000","129,908,000","129,496,000","122,187,000","122,078,000","119,468,000","129,001,000","98,685,000","74,055,000","94,777,000","99,422,000","64,449,000","91,989,000","125,775,000","142,152,000","108,474,000","119,530,000","112,546,000","116,414,000","92,739,000","94,960,000","90,224,000","91,874,000","67,883,000","35,889,000","31,506,000","31,516,000","26,191,000","27,996,000","25,120,000","24,299,000","21,600,000","9,300,000","20,000,000","20,400,000","17,800,000","3,300,000","16,500,000","16,200,000","14,500,000","16,100,000","6,300,000","11,100,000","11,800,000","13,300,000","3,200,000","10,100,000","8,900,000","10,800,000","3,700,000","6,600,000","-10,800,000"
BasicEPS,,"2.15","2.11","1.42","2.12","1.83","-23.74","1.42","4.68","0.91","0.64","1.44","0.13","1.86",,"1.26","1.31","3.95","-1.35","0.23","1.89","1.13",,"1.62","2.91","1.6","1.72","0.98","-2.33","-0.91","0.3","-0.06","0.78","0.18","0.22","0.73","0.2","0.73",,"0.72","0.82","0.63",,"0.67","0.78","0.58",,"0.58","0.64","0.53",,"0.4","0.475","0.36",,"-0.34","0.415","0.335",,"0.35","0.345","0.32",,"0.29","0.31","0.235",,"0.228","0.228","0.153",,"0.28","0.318","0.243",,"0.255","0.265","0.218",,"0.215","0.22","0.163",,"0.15","0.15","0.125",,"0.123","0.118","0.105",,"0.103","0.105","0.093",,"0.088","0.085","0.078",,"0.035","0.06","0.063",,"0.018","0.058","0.05",,"0.02","0.058","-0.093"
DilutedEPS,,"2.13","2.08","1.4","2.1","1.81","-23.74","1.41","4.64","0.9","0.63","1.43","0.13","1.84",,"1.25","1.29","3.9","-1.35","0.23","1.86","1.11",,"1.56","2.68","1.46","1.56","0.89","-2.33","-0.91","0.29","-0.06","0.76","0.17","0.22","0.71","0.19","0.71",,"0.71","0.81","0.62",,"0.66","0.77","0.57",,"0.57","0.63","0.52",,"0.4","0.47","0.36",,"-0.34","0.41","0.33",,"0.345","0.34","0.315",,"0.29","0.305","0.23",,"0.228","0.225","0.15",,"0.273","0.308","0.235",,"0.248","0.258","0.21",,"0.205","0.21","0.158",,"0.143","0.143","0.123",,"0.12","0.118","0.105",,"0.103","0.103","0.093",,"0.085","0.085","0.075",,"0.033","0.058","0.063",,"0.018","0.058","0.05",,"0.02","0.058","-0.093"
BasicAverageShares,,"208,555,000","207,900,000","206,156,000","204,916,000","204,683,000","204,094,000","203,654,000","205,370,000","206,008,000","207,979,000","209,705,000","210,934,000","212,054,000",,"218,569,000","219,200,000","218,323,000","218,501,000","218,676,000","217,650,000","218,661,000",,"215,688,000","207,858,000","206,180,000","212,155,000","219,359,000","220,243,000","219,456,000","224,087,000","225,727,000","229,409,000","230,277,000","230,478,000","231,002,000","230,422,000","232,361,000",,"252,116,000","258,162,000","258,461,000",,"273,492,000","274,319,000","275,605,000",,"281,195,000","281,926,000","286,955,000",,"298,477,000","302,446,000","308,594,000",,"319,064,000","322,436,000","329,810,000",,"370,344,000","377,544,000","384,782,000",,"409,660,000","416,100,000","416,500,000",,"415,128,000","438,580,000","422,244,000",,"447,824,000","447,388,000","446,836,000",,"441,328,000","437,752,000","427,160,000",,"421,496,000","417,616,000","414,944,000",,"211,648,000","210,804,000","209,416,000",,"206,333,252","204,845,880","205,714,286",,"195,121,951","194,285,714","192,432,432",,"188,571,429","190,588,235","187,096,774",,"180,000,000","185,000,000","188,800,000",,"182,857,143","175,652,174","178,000,000",,"185,000,000","116,756,757","116,756,757"
DilutedAverageShares,,"211,168,000","210,810,000","208,912,000","207,315,000","206,801,000","204,094,000","205,544,000","207,062,000","207,517,000","209,680,000","211,161,000","212,563,000","213,969,000",,"220,760,000","222,303,000","220,822,000","218,501,000","221,873,000","221,221,000","221,979,000",,"224,802,000","225,450,000","226,718,000","233,395,000","240,236,000","220,243,000","219,456,000","235,074,000","225,727,000","236,268,000","237,012,000","235,127,000","235,669,000","234,587,000","235,992,000",,"255,725,000","262,363,000","263,084,000",,"279,015,000","279,766,000","280,693,000",,"286,693,000","287,162,000","291,287,000",,"300,592,000","304,584,000","310,178,000",,"322,234,000","326,536,000","334,124,000",,"375,902,000","383,594,000","389,940,000",,"414,670,000","421,542,000","420,698,000",,"417,680,000","440,936,000","446,428,000",,"472,624,000","471,784,000","472,116,000",,"467,096,000","463,024,000","453,608,000",,"451,564,000","446,816,000","444,728,000",,"238,312,000","237,396,000","218,312,000",,"208,342,756","204,845,880","205,714,286",,"195,121,951","199,024,390","192,432,432",,"194,117,647","190,588,235","193,333,333",,"193,846,154","193,043,478","188,800,000",,"182,857,143","175,652,174","178,000,000",,"185,000,000","116,756,757","116,756,757"
TotalOperatingIncomeAsReported,"2,451,374,000","644,405,000","561,895,000","620,727,000","624,347,000","547,228,000","-6,113,137,000","404,831,000","309,515,000","263,437,000","179,841,000","406,694,000","47,565,000","477,823,000","154,097,000","389,195,000","481,420,000","418,973,000","-135,002,000","170,376,000","624,981,000","399,987,000","230,279,000","526,614,000","948,712,000","-179,831,000","537,451,000","332,565,000","-364,249,000","-88,397,000","207,263,000","110,877,000","301,128,000","159,616,000","114,190,000","134,646,000","350,123,000","287,259,000","286,018,000","313,695,000","368,101,000","284,914,000","243,571,000","317,159,000","365,249,000","276,766,000","248,172,000","281,854,000","311,227,000","262,382,000","224,612,000","212,987,000","248,266,000","197,884,000","202,692,000","197,525,000","236,722,000","194,990,000","181,020,000","209,571,000","220,892,000","208,859,000","195,333,000","188,844,000","197,924,000","166,605,000","154,998,000","168,608,000","176,423,000","137,061,000","171,570,000","250,040,000","258,348,000","210,476,000","230,493,000","228,206,000","236,552,000","187,855,000","193,614,000","182,743,000","190,774,000","151,297,000","80,863,000","60,193,000","64,426,000","53,894,000","55,809,000","47,776,000","51,114,000","45,800,000","56,000,000","38,600,000","42,300,000","36,900,000","40,100,000","36,600,000","38,600,000","36,300,000","37,000,000","21,000,000","32,500,000","28,900,000","19,500,000","26,700,000","27,300,000","24,400,000","26,700,000","23,700,000","25,500,000","21,900,000"
TotalExpenses,"218,160,581,000","58,914,490,000","58,236,419,000","52,558,004,000","48,451,668,000","51,898,947,000","48,716,224,000","44,903,361,000","46,816,740,000","47,423,996,000","45,283,554,000","44,772,565,000","42,646,648,000","44,873,957,000","43,042,858,000","42,677,561,000","40,514,989,000","40,017,338,000","38,613,207,000","38,252,251,000","36,510,487,000","37,748,212,000","37,055,515,000","36,386,536,000","35,237,098,000","36,353,903,000","35,122,519,000","33,913,266,000","32,255,939,000","33,302,091,000","31,224,925,000","30,091,095,000","28,147,145,000","28,896,147,000","24,302,287,000","21,716,509,000","20,170,083,000","21,177,126,000","18,973,887,000","19,450,845,000","19,694,143,000","20,072,172,000","20,157,593,000","19,843,863,000","19,395,008,000","19,611,843,000","19,469,183,000","19,320,266,000","18,988,700,000","19,073,477,000","18,489,879,000","18,172,012,000","17,063,385,000","17,139,464,000","16,952,203,000","17,791,276,000","17,608,140,000","17,177,925,000","16,219,976,000","16,232,997,000","16,291,514,000","16,516,534,000","15,459,989,000","15,497,557,000","15,019,178,000","14,486,542,000","13,774,072,000","13,659,611,000","13,015,153,000","13,501,981,000","13,217,104,000","12,821,554,000","13,105,225,000","13,144,637,000","12,409,090,000","12,192,465,000","11,925,989,000","12,246,678,000","11,403,447,000","11,429,937,000","10,748,752,000","10,909,986,000","5,791,162,000","3,457,833,000","3,416,572,000","3,253,301,000","2,975,921,000","2,883,930,000","2,791,089,000","2,793,600,000","3,144,500,000","2,222,700,000","2,133,600,000","2,132,800,000","2,087,300,000","2,057,900,000","2,153,700,000","2,218,300,000","2,182,300,000","2,043,200,000","1,753,000,000","1,718,000,000","1,467,600,000","1,393,300,000","1,334,800,000","1,258,100,000","1,092,100,000","1,163,000,000","1,180,800,000","1,135,200,000"
NetIncomeFromContinuingAndDiscontinuedOperation,"1,614,192,000","449,105,000","437,698,000","292,122,000","435,267,000","374,845,000","-4,846,072,000","289,439,000","960,277,000","187,640,000","132,619,000","301,959,000","27,135,000","393,652,000","233,288,000","275,809,000","287,455,000","861,853,000","-344,587,000","50,352,000","411,473,000","247,246,000","143,614,000","349,803,000","604,135,000","330,377,000","364,287,000","214,163,000","-513,390,000","-199,947,000","67,802,000","-12,780,000","180,077,000","41,385,000","51,023,000","168,439,000","45,634,000","168,611,000","163,494,000","181,271,000","212,105,000","162,116,000","147,324,000","184,419,000","214,381,000","160,500,000","141,228,000","163,205,000","181,008,000","151,307,000","130,147,000","118,807,000","143,387,000","111,056,000","114,907,000","-108,020,000","133,852,000","109,820,000","87,576,000","129,908,000","129,496,000","122,187,000","122,078,000","119,468,000","129,001,000","98,685,000","53,711,000","94,777,000","99,422,000","64,449,000","91,989,000","125,775,000","142,152,000","108,474,000","119,530,000","112,546,000","116,414,000","92,739,000","94,960,000","90,224,000","91,874,000","67,883,000","35,889,000","31,506,000","31,516,000","26,191,000","27,996,000","25,120,000","24,299,000","21,600,000","12,700,000","20,000,000","20,400,000","17,800,000","3,300,000","16,500,000","16,200,000","14,500,000","16,100,000","6,300,000","13,100,000","11,800,000","13,300,000","10,400,000","10,100,000","8,900,000","10,800,000","9,900,000","6,700,000","900,000"
NormalizedIncome,"1,959,194,881","501,820,910","527,603,281.361","457,805,720","495,134,496","425,308,177","391,314,183.855","356,873,600","1,172,987,320","331,792,217","292,142,729.176","350,803,884","483,668,970","430,500,832","306,420,130","336,629,165","316,702,669","894,125,200","40,499,000","221,062,200","419,755,196","261,588,988.715","353,209,533.282","327,638,205.363","282,766,733.166","651,361,400","242,496,902.102","205,524,160.066","-46,843,800","43,743,200","169,540,000","103,658,400","184,891,530","127,320,350","84,726,950","100,180,450","206,279,054","163,390,116","174,344,200","181,307,403.02","217,584,940.754","164,314,840.853","149,688,728.238","184,457,305.811","214,293,102.15","159,468,126.299","141,449,341.066","163,507,294.574","181,608,712.233","151,478,182.737","131,278,729.256","130,871,942.276","143,730,746.112","113,424,211.936","117,798,171.823","118,149,672.052","134,091,602.097","110,275,141.4","106,675,239.676","134,468,731.467","129,810,168.915","122,227,191.089","114,650,164.103","119,468,630.967","127,117,545.442","98,457,546.72","83,205,016.411","102,411,210.066","102,975,601.338","70,830,512.093","91,833,348.155","137,265,055.962","142,152,000","108,474,000","119,530,000","115,111,739.938","118,837,022.919","91,903,491.712","97,286,713.778","95,137,275.746","94,732,566.126","72,403,857.072","41,668,413.382","32,065,751.269","31,516,000","26,670,874.87","27,996,000","24,423,737.783","24,299,000","21,600,000","12,700,000","20,000,000","20,400,000","17,800,000","3,300,000","16,500,000","16,200,000","14,500,000","16,100,000","6,300,000","13,100,000","11,800,000","13,300,000","10,400,000","10,100,000","8,900,000","10,800,000","9,900,000","6,700,000","900,000"
InterestIncome,"10,766,000","3,260,000","5,175,000","1,673,000","658,000","964,000","1,054,000","1,429,000","7,561,000","10,595,000","11,243,000","12,789,000","6,607,000","7,066,000","6,381,000","5,694,000","1,347,000","1,519,000","842,000","1,414,000","586,000","1,015,000","1,458,000","1,525,000","746,000","708,000","1,147,000","861,000","428,000","549,000","304,000","222,000","103,000","211,000","445,000","357,000","137,000","211,000","379,000","546,000","671,000","205,000","268,000","750,000","569,000","594,000","903,000","714,000","319,000",,,,"1,379,000",,,,,,,,,,,,,,,,,,,,,,,,,,,,,,,,,,,,,,,,,,,,,,,,,,,,,,,,,
InterestExpense,"204,598,000","56,632,000","59,771,000","53,011,000","35,184,000","34,578,000","35,761,000","39,177,000","41,982,000","41,602,000","47,646,000","48,710,000","49,882,000","49,236,000","49,428,000","52,845,000","49,984,000","37,383,000","36,153,000","37,017,000","37,885,000","37,987,000","45,263,000","33,640,000","33,859,000","31,587,000","30,067,000","30,654,000","23,374,000","17,891,000","17,957,000","21,125,000","19,577,000","19,043,000","19,117,000","18,547,000","18,647,000","18,909,000","24,620,000","25,232,000","24,577,000","22,796,000","20,184,000","19,355,000","19,625,000","19,738,000","18,950,000","18,615,000","19,598,000","17,267,000","14,951,000","14,652,000","15,900,000",,,,,,,,,,,,,,,,,,,,,,,,,,,,,,,,,,,,,,,,,,,,,,,,,,,,,,,,,
NetInterestIncome,"-193,832,000","-53,372,000","-54,596,000","-51,338,000","-34,526,000","-33,614,000","-34,707,000","-37,748,000","-34,421,000","-31,007,000","-36,403,000","-35,921,000","-43,275,000","-42,170,000","-43,047,000","-47,151,000","-48,637,000","-35,864,000","-35,311,000","-35,603,000","-37,299,000","-36,972,000","-43,805,000","-32,115,000","-33,113,000","-30,879,000","-28,920,000","-29,793,000","-22,946,000","-17,342,000","-17,653,000","-20,903,000","-19,474,000","-18,832,000","-18,672,000","-18,190,000","-18,510,000","-18,698,000","-24,241,000","-24,686,000","-23,906,000","-22,591,000","-19,916,000","-18,605,000","-19,056,000","-19,144,000","-18,047,000","-17,901,000","-19,279,000","-17,267,000","-14,951,000","-14,652,000","-14,521,000",,,,,,,,,,,,,,,,,,,,,,,,,,,,,,,,,,,,,,,,,,,,,,,,,,,,,,,,,
EBIT,"2,494,780,000","652,837,000","613,707,000","626,541,000","601,695,000","562,460,000","-6,107,696,000","383,012,000","318,185,000","271,190,000","192,297,000","419,825,000","68,666,000","481,792,000","161,298,000","398,047,000","411,316,000","396,402,000","-135,388,000","170,392,000","630,800,000","401,125,000","233,561,000","530,297,000","950,214,000","-178,813,000","505,563,000","334,960,000","-375,226,000","-89,162,000","206,235,000","79,457,000","305,014,000","160,424,000","115,842,000","134,478,000","349,511,000","287,493,000","287,307,000","319,026,000","368,903,000","285,120,000","246,709,000","317,847,000","365,960,000","279,027,000","246,736,000","282,080,000","311,278,000","262,105,000","224,363,000","212,801,000","249,141,000","198,913,000","205,643,000","205,390,000","238,106,000","194,990,000","170,474,000","212,931,000","221,027,000","208,859,000","183,015,000","188,758,000","201,501,000","166,605,000","144,281,000","172,355,000","176,423,000","137,061,000","171,570,000","250,040,000","258,348,000","210,476,000","230,493,000","228,206,000","236,552,000","187,855,000","197,473,000","190,890,000","195,515,000","158,794,000","93,069,000","61,096,000","64,426,000","53,894,000","55,809,000","47,776,000","51,114,000","45,800,000","56,000,000","38,600,000","42,300,000","36,900,000","40,100,000","36,600,000","38,600,000","36,300,000","37,000,000","21,000,000","32,500,000","28,900,000","19,500,000","26,700,000","27,300,000","24,400,000","26,700,000","23,700,000","25,500,000","21,900,000"
EBITDA,"3,085,685,000"
ReconciledCostOfRevenue,"213,540,383,000","57,563,978,000","56,846,434,000","51,513,466,000","47,616,505,000","51,059,596,000","47,896,198,000","44,137,691,000","46,022,504,000","46,628,698,000","44,448,223,000","44,003,326,000","41,882,015,000","44,082,140,000","42,257,596,000","41,905,595,000","39,772,053,000","39,347,092,000","37,940,259,000","37,618,906,000","35,882,517,000","37,121,414,000","36,427,255,000","35,767,389,000","34,616,867,000","35,738,138,000","34,494,365,000","33,340,539,000","31,756,836,000","32,834,430,000","30,714,161,000","29,654,217,000","27,724,563,000","28,486,377,000","23,899,836,000","21,342,338,000","19,806,296,000","20,791,517,000","18,604,333,000","19,075,686,000","19,371,653,000","19,762,686,000","19,785,349,000","19,503,045,000","19,068,485,000","19,303,951,000","19,118,120,000","19,009,366,000","18,684,058,000","18,768,082,000","18,173,484,000","17,870,814,000","16,750,584,000","16,849,625,000","16,626,656,000","17,498,469,000","17,284,185,000","16,862,251,000","15,858,895,000","15,845,625,000","15,903,156,000","16,126,775,000","15,055,201,000","15,126,207,000","14,656,836,000","14,122,162,000","13,394,165,000","13,328,720,000","12,686,900,000","13,175,826,000","12,892,167,000","12,492,755,000","12,778,380,000","12,825,148,000","12,051,316,000","11,858,391,000","11,579,678,000","11,911,332,000","11,071,002,000","11,109,471,000","10,428,272,000","10,596,148,000","5,616,759,000","3,373,409,000","3,328,812,000","3,169,130,000","2,892,884,000","2,801,860,000","2,710,183,000","2,719,200,000","3,043,000,000","2,157,100,000","2,064,300,000","2,067,600,000","2,023,600,000","1,994,600,000","2,078,900,000","2,148,600,000","2,111,600,000","1,963,100,000","1,691,900,000","1,660,100,000","1,412,600,000","1,338,800,000","1,283,300,000","1,212,100,000","1,046,400,000","1,120,500,000","1,140,100,000","1,093,100,000"
ReconciledDepreciation,"590,905,000","180,402,000","174,297,000","131,124,000","105,082,000","104,283,000","99,060,000","98,785,000","100,823,000","109,345,000","113,387,000","112,296,000","136,597,000","135,232,000","127,457,000","145,418,000","125,510,000","111,724,000","112,071,000","107,882,000","106,127,000","106,251,000","108,111,000","99,115,000","97,471,000","87,469,000","71,787,000","69,983,000","56,660,000","51,170,000","51,515,000","49,267,000","46,241,000","45,710,000","44,148,000","42,998,000","40,251,000","43,396,000","30,869,000","42,852,000","37,852,000","35,621,000","33,679,000","32,012,000","30,391,000","29,859,000","27,771,000","26,009,000","25,188,000","25,204,000","24,922,000","23,551,000","28,030,000","17,813,000","22,268,000","21,709,000","26,348,000","25,557,000","25,219,000","27,359,000","24,991,000","26,775,000","25,054,000","24,956,000","23,229,000","23,694,000","23,310,000","20,779,000","23,322,000","23,471,000","23,200,000","22,916,000","21,363,000","19,609,000","24,414,000","18,241,000","18,743,000","19,045,000","18,261,000","16,167,000","15,904,000","16,246,000","10,104,000","4,786,000","5,298,000","4,526,000","4,511,000","4,126,000","4,583,000","4,200,000","7,100,000","4,400,000","4,200,000","4,200,000","4,300,000","4,300,000","4,100,000","3,900,000","3,800,000","3,900,000","3,500,000","3,100,000","3,200,000","3,100,000","2,600,000","2,700,000","2,900,000","2,500,000","2,200,000","2,500,000"
NetIncomeFromContinuingOperationNetMinorityInterest,"1,614,192,000","449,105,000","437,698,000","292,122,000","435,267,000","374,845,000","-4,846,072,000","289,439,000","960,277,000","187,640,000","132,619,000","301,959,000","27,135,000","393,652,000","233,288,000","275,809,000","287,455,000","861,853,000","-344,587,000","50,352,000","411,473,000","247,246,000","143,614,000","349,803,000","604,135,000","330,377,000","364,287,000","214,163,000","-513,390,000","-199,947,000","67,802,000","-12,780,000","180,077,000","48,931,000","50,561,000","64,110,000","204,143,000","162,225,000","152,694,000","181,271,000","212,105,000","162,116,000","147,324,000","184,419,000","214,381,000","160,500,000","141,228,000","163,205,000","181,008,000","151,307,000","130,147,000","125,134,000","144,042,000","112,529,000","115,062,000","112,765,000","133,852,000","109,820,000","112,177,000","129,908,000","129,496,000","122,187,000","121,978,000","119,468,000","128,590,000","97,976,000","21,343,000","99,844,000","99,972,000","70,857,000","91,989,000","125,775,000","142,152,000","108,474,000","119,530,000","112,546,000","116,414,000","92,739,000","94,960,000","90,224,000","91,874,000","67,883,000","35,889,000","31,506,000","31,516,000","26,191,000","27,996,000","25,120,000","24,299,000","21,600,000","12,700,000","20,000,000","20,400,000","17,800,000","3,300,000","16,500,000","16,200,000","14,500,000","16,100,000","6,300,000","13,100,000","11,800,000","13,300,000","10,400,000","10,100,000","8,900,000","10,800,000","9,900,000","6,700,000","900,000"
TotalUnusualItemsExcludingGoodwill,"-489,142,000","-69,915,000","-114,107,000","-226,964,000","-78,156,000","-70,381,000","-6,641,681,000","-80,760,000","-291,384,000","-177,309,000","-174,407,000","-60,006,000","-625,389,000","-40,672,000","-100,181,000","-75,553,000","-37,449,000","-53,787,000","-641,810,000","-284,517,000","-11,934,000","-21,066,000","-274,809,000","31,470,000","487,453,000","-534,974,000","158,970,000","12,275,000","-777,577,000","-374,908,000","-156,520,000","-179,136,000","-7,630,000","-120,599,000","-52,563,000","-55,493,000","-3,462,000","-1,929,000","-33,308,000","-59,000","-8,896,000","-3,558,000","-3,636,000","-62,000","142,000","1,667,000","-357,000","-488,000","-968,000","-277,000","-1,821,000","-9,086,000","504,000","-1,458,000","-4,465,000","-8,633,000","-392,000","-737,000","8,536,000","-7,012,000","-511,000","-66,000","11,749,000","-1,000","2,249,000","-783,000","-100,316,000","-4,038,000","-4,876,000","43,000","251,000","-18,683,000",,,"0","-4,220,000","-4,005,000","1,381,000","-3,859,000","-8,147,000","-4,741,000","-7,497,000","-9,490,000","-903,000",,"-774,000","0","1,123,000",,,,,,,,,,,,,,,,,,,,,,
TotalUnusualItems,"-489,142,000","-69,915,000","-114,107,000","-226,964,000","-78,156,000","-70,381,000","-6,641,681,000","-80,760,000","-291,384,000","-177,309,000","-174,407,000","-60,006,000","-625,389,000","-40,672,000","-100,181,000","-75,553,000","-37,449,000","-53,787,000","-641,810,000","-284,517,000","-11,934,000","-21,066,000","-274,809,000","31,470,000","487,453,000","-534,974,000","158,970,000","12,275,000","-777,577,000","-374,908,000","-156,520,000","-179,136,000","-7,630,000","-120,599,000","-52,563,000","-55,493,000","-3,462,000","-1,929,000","-33,308,000","-59,000","-8,896,000","-3,558,000","-3,636,000","-62,000","142,000","1,667,000","-357,000","-488,000","-968,000","-277,000","-1,821,000","-9,086,000","504,000","-1,458,000","-4,465,000","-8,633,000","-392,000","-737,000","8,536,000","-7,012,000","-511,000","-66,000","11,749,000","-1,000","2,249,000","-783,000","-100,316,000","-4,038,000","-4,876,000","43,000","251,000","-18,683,000",,,"0","-4,220,000","-4,005,000","1,381,000","-3,859,000","-8,147,000","-4,741,000","-7,497,000","-9,490,000","-903,000",,"-774,000","0","1,123,000",,,,,,,,,,,,,,,,,,,,,,
NormalizedEBITDA,"3,574,827,000","903,154,000","905,535,000","984,629,000","784,933,000","737,124,000","633,045,000","562,557,000","710,392,000","557,844,000","480,091,000","592,127,000","830,652,000","657,696,000","388,936,000","619,018,000","574,275,000","561,913,000","618,493,000","562,791,000","748,861,000","528,442,000","616,481,000","597,942,000","560,232,000","443,630,000","418,380,000","392,668,000","459,011,000","336,916,000","414,270,000","307,860,000","358,885,000","326,733,000","212,553,000","232,969,000","393,224,000","332,818,000","359,251,000","361,937,000","415,651,000","324,299,000","284,024,000","349,921,000","396,209,000","307,219,000","274,864,000","308,577,000","337,434,000","287,586,000","251,106,000","245,438,000","276,667,000","219,280,000","232,376,000","235,732,000","264,846,000","221,284,000","187,157,000","247,302,000","246,529,000","235,700,000","196,320,000","213,715,000","222,481,000","191,082,000","267,907,000","197,172,000","204,621,000","160,489,000","194,519,000","291,639,000","279,711,000","230,085,000","254,907,000","250,667,000","259,300,000","205,519,000","219,593,000","215,204,000","216,160,000","182,537,000","112,663,000","66,785,000","69,724,000","59,194,000","60,320,000","50,779,000","55,697,000","50,000,000","63,100,000","43,000,000","46,500,000","41,100,000","44,400,000","40,900,000","42,700,000","40,200,000","40,800,000","24,900,000","36,000,000","32,000,000","22,700,000","29,800,000","29,900,000","27,100,000","29,600,000","26,700,000","27,700,000","24,400,000"
TaxRateForCalcs,"0.295","0.246","0.212","0.27","0.234","0.283","0.211","0.165","0.27","0.187","0.085","0.186","0.27","0.094","0.27","0.195","0.219","0.4","0.4","0.4","0.306","0.319","0.237","0.296","0.341","0.4","0.234","0.296","0.4","0.35","0.35","0.35","0.369","0.35","0.35","0.35","0.383","0.396","0.35","0.383","0.384","0.382","0.35","0.382","0.381","0.381","0.38","0.381","0.379","0.382","0.379","0.368","0.382","0.386","0.387","0.376","0.389","0.382","0.355","0.35","0.385","0.391","0.376","0.369","0.345","0.385","0.383","0.364","0.384","0.384","0.38","0.385","0.385","0.385","0.388","0.392","0.395","0.395","0.397","0.397","0.397","0.397","0.391","0.38","0.38","0.38","0.38","0.38","0.38","0.379","0.4","0.381","0.38","0.38","0.389","0.389","0.391","0.391","0.39","0.388","0.391","0.4","0.4","0.4","0.4","0.4","0.368","0.244","0.374","0.4"
TaxEffectOfUnusualItems,"-144,139,119","-17,199,090","-24,201,718.639","-61,280,280","-18,288,504","-19,917,823","-1,404,294,816.145","-13,325,400","-78,673,680","-33,156,783","-14,883,270.824","-11,161,116","-168,855,030","-3,823,168","-27,048,870","-14,732,835","-8,201,331","-21,514,800","-256,724,000","-113,806,800","-3,651,804","-6,723,011.285","-65,213,466.718","9,305,205.363","166,084,733.166","-213,989,600","37,179,902.102","3,636,160.066","-311,030,800","-131,217,800","-54,782,000","-62,697,600","-2,815,470","-42,209,650","-18,397,050","-19,422,550","-1,325,946","-763,884","-11,657,800","-22,596.98","-3,416,059.246","-1,359,159.147","-1,271,271.762","-23,694.189","54,102.15","635,126.299","-135,658.934","-185,705.426","-367,287.767","-105,817.263","-689,270.744","-3,348,057.724","192,746.112","-562,788.064","-1,728,828.177","-3,248,327.948","-152,397.903","-281,858.6","3,034,239.676","-2,451,268.533","-196,831.085","-25,808.911","4,421,164.103","-369.033","776,545.442","-301,453.28","-38,453,983.589","-1,470,789.934","-1,872,398.662","16,512.093","95,348.155","-7,192,944.038","0","0","0","-1,654,260.062","-1,581,977.081","545,491.712","-1,532,286.222","-3,233,724.254","-1,882,433.874","-2,976,142.928","-3,710,586.618","-343,248.731","0","-294,125.13","0","426,737.783","0","0","0","0","0","0","0","0","0","0","0","0","0","0","0","0","0","0","0","0","0","0"