name,ttm,02/28/2022,11/30/2021,08/31/2021,05/31/2021,02/28/2021,11/30/2020,08/31/2020,05/31/2020,02/29/2020,11/30/2019,08/31/2019,05/31/2019,02/28/2019,11/30/2018,08/31/2018,05/31/2018,02/28/2018,11/30/2017,08/31/2017,05/31/2017,02/28/2017,11/30/2016,08/31/2016,05/31/2016,02/29/2016,11/30/2015,08/31/2015,05/31/2015,02/28/2015,11/30/2014,08/31/2014,05/31/2014,02/28/2014,11/30/2013,08/31/2013,05/31/2013,02/28/2013,11/30/2012,08/31/2012,05/31/2012,02/29/2012,11/30/2011,08/31/2011,05/31/2011,02/28/2011,11/30/2010,08/31/2010,05/31/2010,02/28/2010,11/30/2009,08/31/2009,05/31/2009,02/28/2009,11/30/2008,08/31/2008,05/31/2008,02/29/2008,11/30/2007,08/31/2007,05/31/2007,02/28/2007,11/30/2006,08/31/2006,05/31/2006,02/28/2006,11/30/2005,08/31/2005,05/31/2005,02/28/2005,11/30/2004,08/31/2004,05/31/2004,02/29/2004,11/30/2003,08/31/2003,05/31/2003,02/28/2003,11/30/2002,08/31/2002,05/31/2002,02/28/2002,11/30/2001,08/31/2001,05/31/2001,02/28/2001,11/30/2000,08/31/2000,05/31/2000,02/29/2000,11/30/1999,08/31/1999,05/31/1999,02/28/1999,11/30/1998,08/31/1998,05/31/1998,02/28/1998,11/30/1997,08/31/1997,05/31/1997,02/28/1997,11/30/1996,08/31/1996,05/31/1996,02/29/1996,11/30/1995,08/31/1995,05/31/1995,02/28/1995,11/30/1994,08/31/1994,05/31/1994,02/28/1994,11/30/1993,08/31/1993,05/31/1993,02/28/1993,11/30/1992,08/31/1992,05/31/1992,02/29/1992,11/30/1991,08/31/1991,05/31/1991,02/28/1991,11/30/1990,08/31/1990,05/31/1990,02/28/1990,11/30/1989,08/31/1989,05/31/1989,02/28/1989,11/30/1988,08/31/1988,05/31/1988,02/29/1988,11/30/1987,08/31/1987,05/31/1987,02/28/1987,11/30/1986,08/31/1986,05/31/1986,02/28/1986
TotalRevenue,"16,142,000,000","4,262,000,000","4,110,000,000","3,935,000,000","3,835,000,000","3,905,000,000","3,424,000,000","3,225,000,000","3,128,000,000","3,091,000,000","2,991,945,000","2,834,126,000","2,744,280,000","2,600,946,000","2,464,625,000","2,291,076,000","2,195,360,000","2,078,947,000","2,006,595,000","1,841,074,000","1,772,190,000","1,681,646,000","1,608,419,000","1,463,967,000","1,398,709,000","1,383,335,000","1,306,404,000","1,217,768,000","1,162,158,000","1,109,181,000","1,073,328,000","1,005,409,000","1,068,208,000","1,000,120,000","1,041,699,000","995,119,000","1,010,549,000","1,007,873,000","1,153,428,000","1,080,580,000","1,124,449,000","1,045,220,000","1,152,161,000","1,013,212,000","1,023,179,000","1,027,706,000","1,007,946,000","990,319,000","943,035,000","858,700,000","757,283,000","697,507,000","704,673,000","786,390,000","915,301,000","887,257,000","886,886,000","890,445,000","911,211,000","851,686,000","745,577,000","649,407,000","682,175,000","602,191,000","635,456,000","655,478,000","510,371,000","487,039,000","496,029,000","472,882,000","429,502,000","403,713,000","410,085,000","423,281,000","358,586,000","319,122,000","320,146,000","296,895,000","294,654,000","284,879,000","317,359,000","267,896,000","264,540,000","292,118,000","344,093,000","328,969,000","355,194,000","328,867,000","300,085,000","282,232,000","281,770,000","260,876,000","245,886,000","226,902,000","246,736,000","222,932,000","227,310,000","197,813,000","227,132,000","230,039,000","228,264,000","226,459,000","207,675,000","180,909,000","204,337,000","193,642,000","269,101,000","156,654,000","167,992,000","168,592,000","337,700,000","88,400,000","90,400,000","81,300,000","86,600,000","78,800,000","79,600,000","68,500,000","70,700,000","63,000,000","69,600,000","62,600,000","62,800,000","57,200,000","57,100,000","52,600,000","53,300,000","42,800,000","35,300,000","37,200,000","37,700,000","30,000,000","28,100,000","25,500,000","25,300,000","25,200,000","18,800,000","14,200,000","12,300,000","10,600,000","9,600,000","6,900,000","5,300,000","4,900,000","3,500,000","2,400,000"
	OperatingRevenue,"16,142,000,000","4,262,000,000","4,110,000,000","3,935,000,000","3,835,000,000","3,905,000,000","3,424,000,000","3,225,000,000","3,128,000,000","3,091,000,000","2,991,945,000","2,834,126,000","2,744,280,000","2,600,946,000","2,464,625,000","2,291,076,000","2,195,360,000","2,078,947,000","2,006,595,000","1,841,074,000","1,772,190,000","1,681,646,000","1,608,419,000","1,463,967,000","1,398,709,000","1,383,335,000","1,306,404,000","1,217,768,000","1,162,158,000","1,109,181,000","1,073,328,000","1,005,409,000","1,068,208,000","1,000,120,000","1,041,699,000","995,119,000","1,010,549,000","1,007,873,000","1,153,428,000","1,080,580,000","1,124,449,000","1,045,220,000","1,152,161,000","1,013,212,000","1,023,179,000","1,027,706,000","1,007,946,000","990,319,000","943,035,000","858,700,000","757,283,000","697,507,000","704,673,000","786,390,000","915,301,000","887,257,000","886,886,000","890,445,000","911,211,000","851,686,000","745,577,000","649,407,000","682,175,000","602,191,000","635,456,000","655,478,000","510,371,000","487,039,000","496,029,000","472,882,000","429,502,000","403,713,000","410,085,000","423,281,000","358,586,000","319,122,000","320,146,000","296,895,000","294,654,000","284,879,000","317,359,000","267,896,000","264,540,000","292,118,000","344,093,000","328,969,000","355,194,000","328,867,000","300,085,000","282,232,000","281,770,000","260,876,000","245,886,000","226,902,000","246,736,000","222,932,000","227,310,000","197,813,000","227,132,000","230,039,000","228,264,000","226,459,000","207,675,000","180,909,000","204,337,000","193,642,000","269,101,000","156,654,000","167,992,000","168,592,000","337,700,000","88,400,000","90,400,000","81,300,000","86,600,000","78,800,000","79,600,000","68,500,000","70,700,000","63,000,000","69,600,000","62,600,000","62,800,000","57,200,000","57,100,000","52,600,000","53,300,000","42,800,000","35,300,000","37,200,000","37,700,000","30,000,000","28,100,000","25,500,000","25,300,000","25,200,000","18,800,000","14,200,000","12,300,000","10,600,000","9,600,000","6,900,000","5,300,000","4,900,000","3,500,000","2,400,000"
CostOfRevenue,"1,930,000,000","512,000,000","507,000,000","467,000,000","444,000,000","447,000,000","428,000,000","427,000,000","415,000,000","452,000,000","451,983,000","415,963,000","407,488,000","397,286,000","359,261,000","295,492,000","281,344,000","258,902,000","270,872,000","262,922,000","239,360,000","237,337,000","216,556,000","202,701,000","202,079,000","198,572,000","201,361,000","190,985,000","185,173,000","166,798,000","160,943,000","157,724,000","154,904,000","148,509,000","147,516,000","147,076,000","135,281,000","156,684,000","124,978,000","119,621,000","130,918,000","108,265,000","116,379,000","104,654,000","109,201,000","107,639,000","107,217,000","99,084,000","107,833,000","89,368,000","82,324,000","65,047,000","72,008,000","77,353,000","86,438,000","110,851,000","82,866,000","82,475,000","98,596,000","92,621,000","91,214,000","72,263,000","79,625,000","69,479,000","65,607,000","77,746,000","30,695,000","27,480,000","27,434,000","26,969,000","29,372,000","23,569,000","27,255,000","24,182,000","25,227,000","22,077,000","23,356,000","22,362,000","26,522,000","31,636,000","25,133,000","20,997,000","19,035,000","20,041,000","22,359,000","20,016,000","22,261,000","23,668,000","20,604,000","20,722,000","24,070,000","24,267,000","23,704,000","22,499,000","27,378,000","26,781,000","27,292,000","29,986,000","26,635,000","32,689,000","32,658,000","34,289,000","36,244,000","33,617,000","36,078,000","35,208,000","41,034,000","25,712,000","30,804,000","32,751,000","46,600,000","7,200,000","9,800,000","8,300,000","4,300,000","8,300,000","9,700,000","7,000,000","7,700,000","6,000,000","19,700,000","18,400,000","17,800,000","15,200,000","15,000,000","13,600,000","10,700,000","11,600,000","8,400,000","8,700,000","4,600,000","2,800,000","3,500,000",,,,,,,,,,,,,
GrossProfit,"14,212,000,000","3,750,000,000","3,603,000,000","3,468,000,000","3,391,000,000","3,458,000,000","2,996,000,000","2,798,000,000","2,713,000,000","2,639,000,000","2,539,962,000","2,418,163,000","2,336,792,000","2,203,660,000","2,105,364,000","1,995,584,000","1,914,016,000","1,820,045,000","1,735,723,000","1,578,152,000","1,532,830,000","1,444,309,000","1,391,863,000","1,261,266,000","1,196,630,000","1,184,763,000","1,105,043,000","1,026,783,000","976,985,000","942,383,000","912,385,000","847,685,000","913,304,000","851,611,000","894,183,000","848,043,000","875,268,000","851,189,000","1,028,450,000","960,959,000","993,531,000","936,955,000","1,035,782,000","908,558,000","913,978,000","920,067,000","900,729,000","891,235,000","835,202,000","769,332,000","674,959,000","632,460,000","632,665,000","709,037,000","828,863,000","776,406,000","804,020,000","807,970,000","812,615,000","759,065,000","654,363,000","577,144,000","602,550,000","532,712,000","569,849,000","577,732,000","479,676,000","459,559,000","468,595,000","445,913,000","400,130,000","380,144,000","382,830,000","399,099,000","333,359,000","297,045,000","296,790,000","274,533,000","268,132,000","253,243,000","292,226,000","246,899,000","245,505,000","272,077,000","321,734,000","308,953,000","332,933,000","305,199,000","279,481,000","261,510,000","257,700,000","236,609,000","222,182,000","204,403,000","219,358,000","196,151,000","200,018,000","167,827,000","200,497,000","197,350,000","195,606,000","192,170,000","171,431,000","147,292,000","168,259,000","158,434,000","228,067,000","130,942,000","137,188,000","135,841,000","291,100,000","81,200,000","80,600,000","73,000,000","82,300,000","70,500,000","69,900,000","61,500,000","63,000,000","57,000,000","49,900,000","44,200,000","45,000,000","42,000,000","42,100,000","39,000,000","42,600,000","31,200,000","26,900,000","28,500,000","33,100,000","27,200,000","24,600,000",,,,,,,,,,,,,
OperatingExpense,"8,284,000,000","2,170,000,000","2,102,000,000","2,027,000,000","1,985,000,000","2,004,000,000","1,781,000,000","1,729,000,000","1,697,000,000","1,702,000,000","1,570,030,000","1,564,351,000","1,587,245,000","1,508,830,000","1,384,818,000","1,276,978,000","1,215,532,000","1,117,312,000","1,086,383,000","1,032,478,000","1,028,748,000","975,310,000","919,868,000","892,279,000","852,857,000","877,424,000","814,088,000","781,515,000","783,334,000","767,603,000","768,495,000","773,308,000","778,412,000","772,202,000","789,053,000","738,480,000","738,967,000","752,963,000","720,960,000","680,281,000","690,579,000","650,801,000","695,149,000","630,632,000","637,840,000","617,692,000","611,593,000","591,312,000","596,376,000","580,877,000","495,923,000","464,793,000","467,781,000","488,851,000","526,242,000","555,743,000","543,842,000","531,108,000","536,783,000","503,485,000","473,972,000","430,807,000","439,696,000","422,647,000","420,706,000","428,768,000","287,746,000","275,971,000","286,391,000","275,201,000","253,751,000","239,830,000","240,991,000","235,837,000","218,201,000","205,269,000","205,329,000","194,025,000","194,665,000","183,773,000","199,363,000","177,755,000","181,181,000","179,234,000","203,835,000","193,499,000","208,771,000","199,323,000","183,669,000","173,178,000","168,921,000","160,241,000","155,321,000","149,950,000","154,085,000","162,311,000","161,594,000","142,337,000","143,034,000","142,954,000","137,538,000","125,372,000","123,485,000","112,394,000","120,457,000","116,088,000","181,817,000","92,162,000","90,437,000","86,534,000","246,300,000","54,000,000","56,300,000","50,600,000","59,500,000","53,400,000","48,000,000","42,300,000","38,100,000","48,500,000","27,600,000","25,000,000","25,800,000","23,100,000","21,600,000","19,500,000","24,400,000","15,800,000","14,800,000","12,200,000","17,800,000","14,100,000","12,500,000",,,,,,,,,,,,,
	SellingGeneralAndAdministration,"5,494,000,000","1,427,000,000","1,405,000,000","1,333,000,000","1,329,000,000","1,339,000,000","1,184,000,000","1,122,000,000","1,125,000,000","1,128,000,000","1,027,526,000","1,031,570,000","1,068,261,000","997,627,000","935,928,000","854,147,000","824,255,000","751,397,000","743,671,000","697,495,000","710,027,000","671,105,000","643,519,000","621,177,000","601,385,000","621,826,000","575,524,000","544,609,000","557,206,000","537,822,000","542,396,000","548,151,000","555,968,000","549,125,000","569,898,000","516,716,000","523,078,000","530,886,000","513,630,000","478,805,000","497,062,000","461,644,000","487,916,000","439,217,000","444,237,000","429,057,000","423,031,000","405,396,000","410,929,000","388,340,000","332,170,000","310,913,000","314,027,000","323,542,000","356,070,000","368,595,000","356,443,000","345,524,000","356,043,000","322,375,000","304,999,000","275,953,000","283,518,000","274,514,000","270,115,000","274,113,000","193,099,000","181,385,000","196,982,000","188,515,000","173,651,000","159,758,000","164,938,000","160,766,000","145,113,000","136,455,000","136,212,000","128,069,000","120,134,000","120,486,000","132,964,000","114,917,000","122,982,000","121,477,000","140,657,000","134,230,000","145,121,000","136,536,000","121,542,000","114,517,000","107,165,000","112,218,000","107,698,000","105,046,000","100,081,000","108,713,000","107,719,000","95,910,000","95,498,000","97,309,000","96,285,000","89,534,000","81,117,000","75,467,000","82,167,000","78,255,000","121,207,000","61,078,000","61,348,000","57,606,000","162,900,000","30,500,000","33,100,000","28,600,000","47,900,000","47,300,000","43,700,000","38,300,000","33,200,000","43,300,000","22,700,000","21,000,000","21,300,000","18,800,000","18,000,000","16,700,000","18,400,000","14,000,000","13,100,000","10,600,000","16,300,000","12,600,000","11,200,000",,,,,,,,,,,,,
		GeneralAndAdministrativeExpense,"1,064,000,000","269,000,000","274,000,000","265,000,000","256,000,000","290,000,000","243,000,000","230,000,000","224,000,000","271,000,000","225,938,000","219,256,000","219,334,000","216,109,000","212,355,000","184,063,000","178,040,000","170,440,000","169,567,000","147,402,000","156,929,000","150,808,000","148,477,000","143,702,000","138,596,000","146,935,000","134,052,000","122,578,000","130,208,000","145,081,000","133,534,000","141,676,000","129,138,000","138,984,000","138,358,000","128,043,000","120,870,000","132,853,000","111,449,000","110,249,000","110,603,000","102,681,000","119,586,000","98,493,000","95,547,000","100,979,000","100,323,000","102,177,000","89,953,000","91,046,000","74,287,000","79,593,000","70,818,000",,,,,,,,,,,,,,,,,,,,,,,,,,,,,,,,,,,,,,,,,,,,,,,,,,,,,,,,,,,,,,,,,,,,,,,,,,,,,,,,,,,,,,,,,,,,,
			OtherGandA,"1,064,000,000","269,000,000","274,000,000","265,000,000","256,000,000","290,000,000","243,000,000","230,000,000","224,000,000","271,000,000","225,938,000","219,256,000","219,334,000","216,109,000","212,355,000","184,063,000","178,040,000","170,440,000","169,567,000","147,402,000","156,929,000","150,808,000","148,477,000","143,702,000","138,596,000","146,935,000","134,052,000","122,578,000","130,208,000","145,081,000","133,534,000","141,676,000","129,138,000","138,984,000","138,358,000","128,043,000","120,870,000","132,853,000","111,449,000","110,249,000","110,603,000","102,681,000","119,586,000","98,493,000","95,547,000","100,979,000","100,323,000","102,177,000","89,953,000","91,046,000","74,287,000","79,593,000","70,818,000",,,,,,,,,,,,,,,,,,,,,,,,,,,,,,,,,,,,,,,,,,,,,,,,,,,,,,,,,,,,,,,,,,,,,,,,,,,,,,,,,,,,,,,,,,,,,
		SellingAndMarketingExpense,"4,430,000,000","1,158,000,000","1,131,000,000","1,068,000,000","1,073,000,000","1,049,000,000","941,000,000","892,000,000","901,000,000","857,000,000","801,588,000","812,314,000","848,927,000","781,518,000","723,573,000","670,084,000","646,215,000","580,957,000","574,104,000","550,093,000","553,098,000","520,297,000","495,042,000","477,475,000","462,789,000","474,891,000","441,472,000","422,031,000","426,998,000","392,741,000","408,862,000","406,475,000","426,830,000","410,141,000","431,540,000","388,673,000","402,208,000","398,033,000","402,181,000","368,556,000","386,459,000","358,963,000","368,330,000","340,724,000","348,690,000","328,078,000","322,708,000","303,219,000","320,976,000","297,294,000","257,883,000","231,320,000","243,209,000",,,,,,,,,,,,,,,,,,,,,,,,,,,,,,,,,,,,,,,,,,,,,,,,,,,,,,,,,,,,,,,,,,,,,,,,,,,,,,,,,,,,,,,,,,,,,
	ResearchAndDevelopment,"2,621,000,000","701,000,000","657,000,000","651,000,000","612,000,000","620,000,000","558,000,000","566,000,000","532,000,000","532,000,000","499,806,000","489,827,000","475,958,000","464,637,000","415,958,000","398,957,000","374,128,000","348,769,000","324,026,000","315,555,000","299,401,000","285,077,000","257,849,000","248,450,000","232,484,000","237,204,000","220,514,000","218,660,000","208,047,000","215,509,000","213,687,000","212,049,000","209,092,000","209,525,000","205,196,000","208,700,000","203,097,000","209,638,000","195,047,000","189,145,000","180,903,000","177,728,000","195,403,000","181,039,000","183,211,000","178,400,000","170,378,000","168,296,000","167,318,000","174,340,000","137,852,000","138,902,000","138,470,000","149,917,000","153,148,000","170,124,000","170,300,000","168,485,000","162,847,000","163,217,000","150,049,000","137,129,000","138,416,000","130,440,000","133,285,000","137,543,000","94,647,000","94,586,000","89,409,000","86,686,000","80,100,000","80,072,000","76,053,000","75,071,000","73,088,000","68,814,000","69,117,000","65,956,000","64,181,000","59,746,000","62,858,000","59,297,000","54,649,000","54,189,000","59,597,000","55,687,000","60,270,000","61,572,000","60,912,000","57,458,000","56,926,000","48,023,000","47,623,000","44,904,000","54,004,000","53,598,000","53,310,000","46,427,000","47,536,000","43,876,000","41,253,000","38,197,000","41,742,000","36,301,000","37,664,000","37,207,000","56,599,000","29,155,000","26,494,000","26,368,000","47,800,000","17,400,000","17,200,000","16,500,000",,,,,,,,,,,,,,,,,,,,,,,,,,,,,,,,
	DepreciationAmortizationDepletionIncomeStatement,"169,000,000","42,000,000","40,000,000","43,000,000","44,000,000","45,000,000","39,000,000","41,000,000","40,000,000","42,000,000","42,698,000","42,954,000","43,026,000","46,566,000","32,932,000","23,874,000","17,149,000","17,146,000","18,686,000","19,428,000","19,320,000","19,128,000","18,500,000","22,652,000","18,988,000","18,394,000","18,050,000","18,246,000","18,081,000","14,272,000","12,412,000","13,108,000","13,352,000","13,552,000","13,959,000","13,064,000","12,792,000","12,439,000","12,283,000","12,331,000","12,614,000","11,429,000","11,830,000","10,376,000","10,392,000","10,235,000","18,184,000","17,620,000","18,129,000","18,197,000","25,901,000","14,978,000","15,284,000","15,392,000","17,024,000","17,024,000","17,099,000","17,099,000","17,893,000","17,893,000","18,924,000","17,725,000","17,762,000","17,693,000","17,306,000","17,112,000",,,,,,,,,,,,,"10,350,000","3,541,000","3,541,000","3,541,000","3,550,000","3,568,000","3,581,000","3,582,000","3,380,000","1,215,000","1,215,000","1,203,000",,,,,,,,,,,,,"626,000","626,000","626,000","626,000","4,011,000","1,929,000","2,595,000","2,560,000","35,600,000","6,100,000","6,000,000","5,500,000","11,600,000","6,100,000","4,300,000","4,000,000","4,900,000","5,200,000","4,900,000","4,000,000","4,500,000","4,300,000","3,600,000","2,800,000","6,000,000","1,800,000","1,700,000","1,600,000","1,500,000","1,500,000","1,300,000",,,,,,,,,,,,,
		DepreciationAndAmortizationInIncomeStatement,"169,000,000","42,000,000","40,000,000","43,000,000","44,000,000","45,000,000","39,000,000","41,000,000","40,000,000","42,000,000","42,698,000","42,954,000","43,026,000","46,566,000","32,932,000","23,874,000","17,149,000","17,146,000","18,686,000","19,428,000","19,320,000","19,128,000","18,500,000","22,652,000","18,988,000","18,394,000","18,050,000","18,246,000","18,081,000","14,272,000","12,412,000","13,108,000","13,352,000","13,552,000","13,959,000","13,064,000","12,792,000","12,439,000","12,283,000","12,331,000","12,614,000","11,429,000","11,830,000","10,376,000","10,392,000","10,235,000","18,184,000","17,620,000","18,129,000","18,197,000","25,901,000","14,978,000","15,284,000","15,392,000","17,024,000","17,024,000","17,099,000","17,099,000","17,893,000","17,893,000","18,924,000","17,725,000","17,762,000","17,693,000","17,306,000","17,112,000",,,,,,,,,,,,,"10,350,000","3,541,000","3,541,000","3,541,000","3,550,000","3,568,000","3,581,000","3,582,000","3,380,000","1,215,000","1,215,000","1,203,000",,,,,,,,,,,,,"626,000","626,000","626,000","626,000","4,011,000","1,929,000","2,595,000","2,560,000","35,600,000","6,100,000","6,000,000","5,500,000","11,600,000","6,100,000","4,300,000","4,000,000","4,900,000","5,200,000","4,900,000","4,000,000","4,500,000","4,300,000","3,600,000","2,800,000","6,000,000","1,800,000","1,700,000","1,600,000","1,500,000","1,500,000","1,300,000",,,,,,,,,,,,,
			Amortization,"169,000,000","42,000,000","40,000,000","43,000,000","44,000,000","45,000,000","39,000,000","41,000,000","40,000,000","42,000,000","42,698,000","42,954,000","43,026,000","46,566,000","32,932,000","23,874,000","17,149,000","17,146,000","18,686,000","19,428,000","19,320,000","19,128,000","18,500,000","22,652,000","18,988,000","18,394,000","18,050,000","18,246,000","18,081,000","14,272,000","12,412,000","13,108,000","13,352,000","13,552,000","13,959,000","13,064,000","12,792,000","12,439,000","12,283,000","12,331,000","12,614,000","11,429,000","11,830,000","10,376,000","10,392,000","10,235,000","18,184,000","17,620,000","18,129,000","18,197,000","25,901,000","14,978,000","15,284,000","15,392,000","17,024,000","17,024,000","17,099,000","17,099,000","17,893,000","17,893,000","18,924,000","17,725,000","17,762,000","17,693,000","17,306,000","17,112,000",,,,,,,,,,,,,"10,350,000","3,541,000","3,541,000","3,541,000","3,550,000","3,568,000","3,581,000","3,582,000","3,380,000","1,215,000","1,215,000","1,203,000",,,,,,,,,,,,,"626,000","626,000","626,000","626,000","4,011,000","1,929,000","2,595,000","2,560,000",,,,,,,,,,,,,,,,,,,,,,,,,,,,,,,,,,,,
				AmortizationOfIntangiblesIncomeStatement,"169,000,000","42,000,000","40,000,000","43,000,000","44,000,000","45,000,000","39,000,000","41,000,000","40,000,000","42,000,000","42,698,000","42,954,000","43,026,000","46,566,000","32,932,000","23,874,000","17,149,000","17,146,000","18,686,000","19,428,000","19,320,000","19,128,000","18,500,000","22,652,000","18,988,000","18,394,000","18,050,000","18,246,000","18,081,000","14,272,000","12,412,000","13,108,000","13,352,000","13,552,000","13,959,000","13,064,000","12,792,000","12,439,000","12,283,000","12,331,000","12,614,000","11,429,000","11,830,000","10,376,000","10,392,000","10,235,000","18,184,000","17,620,000","18,129,000","18,197,000","25,901,000","14,978,000","15,284,000","15,392,000","17,024,000","17,024,000","17,099,000","17,099,000","17,893,000","17,893,000","18,924,000","17,725,000","17,762,000","17,693,000","17,306,000","17,112,000",,,,,,,,,,,,,"10,350,000","3,541,000","3,541,000","3,541,000","3,550,000","3,568,000","3,581,000","3,582,000","3,380,000","1,215,000","1,215,000","1,203,000",,,,,,,,,,,,,"626,000","626,000","626,000","626,000","4,011,000","1,929,000","2,595,000","2,560,000",,,,,,,,,,,,,,,,,,,,,,,,,,,,,,,,,,,,
	OtherOperatingExpenses,,,,,,,,,,,,,,,,,,,,,,,,,,,,,,,,,,,,,,,,,,,,,,,,,,,,,,,,,,,,,,,,,,,,,,,,,,,,,,,,,,,,,,,,,,,,,,,,,"565,000",,"0","1,769,000",,"-2,359,000",,,,,,,,,,,,,,,,,,,,,,,,,,,,,,,,,,,,,,,,,,,,
OperatingIncome,"5,928,000,000","1,580,000,000","1,501,000,000","1,441,000,000","1,406,000,000","1,454,000,000","1,215,000,000","1,069,000,000","1,016,000,000","937,000,000","969,932,000","853,812,000","749,547,000","694,830,000","720,546,000","718,606,000","698,484,000","702,733,000","649,340,000","545,674,000","504,082,000","468,999,000","471,995,000","368,987,000","343,773,000","307,339,000","290,955,000","245,268,000","193,651,000","174,780,000","143,890,000","74,377,000","134,892,000","79,409,000","105,130,000","109,563,000","136,301,000","98,226,000","307,490,000","280,678,000","302,952,000","286,154,000","340,633,000","277,926,000","276,138,000","302,375,000","289,136,000","299,923,000","238,826,000","188,455,000","179,036,000","167,667,000","164,884,000","220,186,000","302,621,000","220,663,000","260,178,000","276,862,000","275,832,000","255,580,000","180,391,000","146,337,000","162,854,000","110,065,000","149,143,000","148,964,000","191,930,000","183,588,000","182,204,000","170,712,000","146,379,000","140,314,000","141,839,000","163,262,000","115,158,000","91,776,000","91,461,000","80,508,000","73,467,000","69,470,000","92,863,000","69,144,000","64,324,000","92,843,000","117,899,000","115,454,000","124,162,000","105,876,000","95,812,000","88,332,000","88,779,000","76,368,000","66,861,000","54,453,000","65,273,000","33,840,000","38,424,000","25,490,000","57,463,000","54,396,000","58,068,000","66,798,000","47,946,000","34,898,000","47,802,000","42,346,000","46,250,000","38,780,000","46,751,000","49,307,000","44,800,000","27,200,000","24,300,000","22,400,000","22,800,000","17,100,000","21,900,000","19,200,000","24,900,000","8,500,000","22,300,000","19,200,000","19,200,000","18,900,000","20,500,000","19,500,000","18,200,000","15,400,000","12,100,000","16,300,000","15,300,000","13,100,000","12,100,000","25,500,000","-24,000,000","25,200,000","18,800,000","14,200,000","-10,900,000","10,600,000","9,600,000","6,900,000","-3,900,000","4,900,000","3,500,000","2,400,000"
NetNonOperatingInterestIncomeExpense,"-94,000,000","-28,000,000","-11,000,000","-27,000,000","-28,000,000","-30,000,000","-21,000,000","-21,000,000","-17,000,000","-14,000,000","-18,303,000","-21,769,000","-24,299,000","-24,522,000","-5,295,000","454,000","5,408,000","2,731,000","400,000","-1,629,000","-3,131,000","-3,973,000","-4,188,000","-5,432,000","-5,692,000","-7,792,000","-8,283,000","-9,125,000","-9,759,000","-8,257,000","-6,972,000","-8,087,000","-11,863,000","-11,456,000","-11,455,000","-11,415,000","-11,599,000","-11,153,000","-10,914,000","-10,678,000","-3,512,000","-10,645,000","-10,334,000","-10,329,000","-10,862,000","-10,921,000","3,232,000","-10,512,000","-9,763,000","-7,084,000","5,092,000","6,207,000","9,303,000",,,,,,,,,,,,,,,,,,,,,,,,,,,,,,,,,,,,,,,,,,,,,,,,,,,,,,,,,,,,,,,,,,,,,,,,,,,,,,,,,,,,,,,,,,,,,
	InterestIncomeNonOperating,,,,,,,"6,000,000","7,000,000","11,000,000","19,000,000","18,212,000","17,760,000","16,278,000","16,071,000","22,578,000","21,561,000","25,771,000","22,630,000","19,516,000","17,180,000","15,216,000","14,157,000","13,330,000","11,849,000","11,482,000","10,677,000","8,232,000","7,394,000","6,846,000","6,288,000","5,706,000","5,274,000","5,240,000","5,134,000","5,267,000","5,332,000","5,606,000","5,681,000","5,853,000","6,575,000","13,117,000","6,193,000","6,440,000","6,102,000","5,865,000","6,099,000","20,018,000","5,883,000","6,313,000","611,000","6,627,000","6,667,000","9,923,000",,,,,,,,,,,,,,,,,,,,,,,,,,,,,,,,,,,,,,,,,,,,,,,,,,,,,,,,,,,,,,,,,,,,,,,,,,,,,,,,,,,,,,,,,,,,,
	InterestExpenseNonOperating,"111,000,000","28,000,000","28,000,000","27,000,000","28,000,000","30,000,000","27,000,000","28,000,000","28,000,000","33,000,000","36,515,000","39,529,000","40,577,000","40,593,000","27,873,000","21,107,000","20,363,000","19,899,000","19,116,000","18,809,000","18,347,000","18,130,000","17,518,000","17,281,000","17,174,000","18,469,000","16,515,000","16,519,000","16,605,000","14,545,000","12,678,000","13,361,000","17,103,000","16,590,000","16,722,000","16,747,000","17,205,000","16,834,000","16,767,000","17,253,000","16,629,000","16,838,000","16,774,000","16,431,000","16,727,000","17,020,000","16,786,000","16,395,000","16,076,000","7,695,000","1,535,000","460,000","620,000",,,,,,,,,,,,,,,,,,,,,,,,,,,,,,,,,,,,,,,,,,,,,,,,,,,,,,,,,,,,,,,,,,,,,,,,,,,,,,,,,,,,,,,,,,,,,
OtherIncomeExpense,"-19,000,000","-9,000,000","-22,000,000","4,000,000","8,000,000","9,000,000","3,000,000","12,000,000","1,000,000","-4,000,000","5,518,000","2,445,000","-14,476,000","32,026,000","-16,034,000","-17,702,000","-13,093,000","-2,962,000","-6,728,000","-2,666,000","-8,333,000","-4,394,000","-11,107,000","-7,254,000","-8,251,000","-7,240,000","14,268,000","-3,524,000","-2,918,000","-3,275,000","-24,643,000","-3,352,000","-1,758,000","-3,061,000","-5,405,000","-4,888,000","-33,575,000","-3,589,000","-5,945,000","-6,788,000","-4,866,000","-5,132,000","-97,119,000","-10,878,000","-6,032,000","-5,367,000","-6,357,000","7,341,000","-22,264,000","-15,156,000","-23,916,000","542,000","-10,457,000","-29,516,000","-47,095,000","903,000","8,464,000","3,080,000","-12,005,000","-1,249,000","4,162,000","5,601,000","65,485,000","-5,145,000","1,425,000","-20,249,000","4,998,000","-2,044,000","-2,701,000","-1,554,000","4,158,000","-1,494,000","873,000","-1,031,000","484,000","-2,557,000","-3,566,000","-6,692,000","-14,335,000","-4,198,000","-15,743,000","-826,000","-17,961,000","-39,447,000","-31,031,000","-17,038,000","-7,889,000","9,397,000","1,390,000","5,348,000","54,895,000","8,734,000","-1,325,000","-20,000","9,763,000","-39,725,000","-1,933,000","8,644,000","9,354,000","20,945,000","-3,123,000","1,735,000","47,909,000","6,430,000","-14,699,000",,,,,,"-83,400,000","1,600,000","1,400,000","1,600,000","900,000","1,600,000","1,700,000","5,900,000","-11,400,000","2,100,000","2,000,000","2,100,000","1,800,000","1,400,000","1,500,000","1,000,000","1,400,000","1,000,000","900,000","900,000","800,000","900,000","900,000",,,,,,,,,,,,,
	GainOnSaleOfSecurity,"-15,000,000","-9,000,000","-21,000,000","7,000,000","8,000,000","5,000,000","4,000,000","11,000,000","1,000,000","-4,000,000","5,472,000","2,397,000","-14,515,000","31,849,000","-16,074,000","-17,743,000","-13,218,000","-3,014,000","-6,739,000","-2,677,000","-8,374,000","-4,414,000","-11,413,000","-7,600,000","-8,722,000","-7,655,000","-6,753,000","-4,434,000","-3,138,000","-1,890,000","-5,332,000","-3,391,000","-2,459,000","-2,575,000","-3,415,000","-5,972,000","-8,876,000","-3,742,000","4,865,000","-6,458,000","-7,738,000","-8,203,000","-8,365,000","-6,637,000","-7,629,000","-7,774,000",,"865,000",,"-3,534,000","1,478,000","607,000","-1,805,000",,,,,,,,,,,,,,,,,,,,,,,,,,,,,,,,,,,,,,,,,,,,,,,,,,,,,,,,,,,,,,,,,,,,,,,,,,,,,,,,,,,,,,,,,,,,,
	SpecialIncomeCharges,,,,,,,,,,,,,,,,,,,,,,,"285,000","338,000","466,000","419,000","-521,000","751,000","-34,000","-1,755,000","-19,385,000","-201,000","366,000","-663,000","-2,294,000","791,000","-24,992,000","-2,000","-11,404,000","-330,000","2,872,000","3,071,000","-88,754,000","-4,241,000","1,597,000","2,407,000","-17,087,000","6,476,000","-22,264,000","-15,156,000","-25,394,000","-65,000","-8,652,000","-29,516,000","-47,095,000","903,000","8,464,000","3,080,000","-12,005,000","-1,249,000","4,162,000","5,601,000","65,485,000","-5,145,000","1,425,000","-20,249,000","4,998,000","-2,044,000","-2,701,000","-1,554,000","4,158,000","-1,494,000","873,000","-1,031,000","484,000","-2,557,000","-3,566,000","-6,692,000","-14,335,000","-4,198,000","-15,743,000","-826,000","-17,961,000","-39,447,000","-31,031,000","-17,038,000","-7,889,000","9,397,000","1,390,000","5,348,000","54,895,000","8,734,000","-1,325,000","-20,000","9,763,000","-39,725,000","-1,933,000","8,644,000","9,354,000","20,945,000","-3,123,000","1,735,000","47,909,000","6,430,000","-14,699,000",,,,,,"-83,400,000","1,600,000","1,400,000","1,600,000","900,000","1,600,000","1,700,000","5,900,000","-11,400,000","2,100,000","2,000,000","2,100,000","1,800,000","1,400,000","1,500,000","1,000,000","1,400,000","1,000,000","900,000","900,000","800,000","900,000","900,000",,,,,,,,,,,,,
		RestructuringAndMergernAcquisition,,,,,,,,,,,,,,,,,,,,,,,"-285,000","-338,000","-466,000","-419,000","521,000","-751,000","34,000","1,755,000","19,385,000","201,000","-366,000","663,000","2,294,000","-791,000","24,992,000","2,000","-275,000","2,374,000","-2,191,000","-2,825,000","94,502,000","3,816,000","-586,000","41,000","2,193,000","-2,090,000","11,541,000","11,622,000",,,,"12,270,000","29,428,000","1,194,000",,"1,431,000","0","555,000",,,"-518,000","32,000","1,235,000","18,984,000",,,,,,,,,"-105,000","-439,000",,,"10,543,000",,"1,605,000",,,,,,"0",,"6,301,000","-672,000","3,271,000","4,417,000","15,340,000",,"-260,000","37,940,000",,,,,,,,,,,,,,,,,,,,,,,,,,,,,,,,,,,,,,,,,,,,,,,,,,
		OtherSpecialCharges,,,,,,,,,,,,,,,,,,,,,,,,,,,,,,,,,,,,,,,"367,000","-2,044,000","-681,000","-246,000","-5,748,000","425,000","-1,011,000","-2,448,000",,"-4,386,000","10,723,000","3,534,000",,,,"17,246,000","17,667,000","-2,097,000",,"-4,511,000","12,005,000","694,000",,,"-64,967,000","5,113,000","-2,660,000","1,265,000",,,,,,,,,"-379,000","2,996,000",,,"3,792,000",,"14,138,000",,,,,,"7,889,000",,"-7,691,000","-4,676,000","-58,166,000","-13,151,000","-14,015,000",,"-9,503,000","1,785,000",,,,,,,,,,,,,,,,,,,,,,,,,,,,,,,,,,,,,,,,,,,,,,,,,,
	OtherNonOperatingIncomeExpenses,,,"-1,000,000","-3,000,000",,"4,000,000","3,000,000","1,000,000","12,000,000","18,000,000","46,000","48,000","39,000","177,000","40,000","41,000","125,000","52,000","11,000","11,000","41,000","20,000","21,000","8,000","5,000","-4,000","21,542,000","159,000","254,000","370,000","74,000","240,000","335,000","177,000","304,000","293,000","293,000","155,000",,,,,,,,,,,,,,,,,,,,,,,,,,,,,,,,,,,,,,,,,,,,,,,,,,,,,,,,,,,,,,,,,,,,,,,,,,,,,,,,,,,,,,,,,,,,,,,,,,,,,,,,,,,,
PretaxIncome,"5,815,000,000","1,543,000,000","1,468,000,000","1,418,000,000","1,386,000,000","1,433,000,000","1,197,000,000","1,060,000,000","1,000,000,000","919,000,000","957,147,000","834,488,000","710,772,000","702,334,000","699,217,000","701,358,000","690,799,000","702,502,000","643,012,000","541,379,000","492,618,000","460,632,000","456,700,000","356,301,000","329,830,000","292,307,000","296,940,000","232,619,000","180,974,000","163,248,000","112,275,000","62,938,000","121,271,000","64,892,000","88,270,000","93,260,000","91,127,000","83,484,000","290,631,000","263,212,000","294,574,000","270,377,000","233,180,000","256,719,000","259,244,000","286,087,000","286,011,000","296,752,000","194,173,000","166,215,000","160,212,000","174,416,000","163,730,000","203,162,000","276,344,000","228,514,000","278,006,000","295,644,000","290,677,000","276,995,000","205,116,000","174,402,000","247,961,000","123,012,000","164,497,000","144,257,000","207,219,000","193,964,000","187,808,000","176,785,000","153,380,000","141,163,000","147,839,000","166,263,000","119,070,000","92,177,000","91,780,000","77,465,000","62,174,000","69,413,000","79,855,000","73,247,000","51,178,000","30,140,000","91,500,000","104,113,000","122,784,000","120,429,000","101,195,000","99,331,000","153,292,000","90,028,000","70,788,000","60,319,000","80,172,000","242,000","44,645,000","42,635,000","74,191,000","85,528,000","63,204,000","73,167,000","102,490,000","48,686,000","39,787,000","53,861,000","9,987,000","45,534,000","53,849,000","54,483,000","-38,500,000","28,800,000","25,800,000","24,000,000","23,600,000","18,700,000","23,700,000","25,100,000","13,400,000","10,700,000","24,200,000","21,200,000","20,800,000","20,300,000","22,000,000","20,500,000","19,700,000","16,400,000","13,000,000","17,200,000","16,100,000","14,000,000","13,000,000",,,,,,,,,,,,,
TaxProvision,"988,000,000","277,000,000","235,000,000","206,000,000","270,000,000","172,000,000","-1,053,000,000","105,000,000","-100,000,000","-36,000,000","105,286,000","41,725,000","78,179,000","28,093,000","20,977,000","35,067,000","27,632,000","119,426,000","141,463,000","121,810,000","118,228,000","62,186,000","57,087,000","85,513,000","85,756,000","38,000,000","74,235,000","58,154,000","33,481,000","78,360,000","24,139,000","18,252,000","32,744,000","17,846,000","22,950,000","10,258,000","14,581,000","18,367,000","68,298,000","61,855,000","70,698,000","85,168,000","59,461,000","61,618,000","29,808,000","51,496,000","17,161,000","66,687,000","45,562,000","39,061,000","192,255,000","38,371,000","37,659,000","46,727,000","30,427,000","36,906,000","63,096,000","76,265,000","68,469,000","71,752,000","52,611,000","30,551,000","64,717,000","28,616,000","41,400,000","39,185,000","50,968,000","49,048,000","38,030,000","24,891,000","39,879,000","36,702,000","38,438,000","43,228,000","35,721,000","27,653,000","27,534,000","23,240,000","22,085,000","22,212,000","25,554,000","23,439,000","16,889,000","19,846,000","30,195,000","34,357,000","43,588,000","42,159,000","35,418,000","34,766,000","55,933,000","32,873,000","25,827,000","22,043,000","29,904,000","90,000","16,665,000","15,891,000","27,372,000","32,100,000","23,098,000","26,683,000","34,732,000","18,839,000","17,778,000","20,198,000","14,207,000","16,081,000","19,947,000","20,133,000","4,500,000","10,700,000","9,600,000","8,900,000","7,900,000","7,300,000","9,200,000","9,600,000","5,000,000","4,000,000","9,000,000","7,900,000","7,700,000","7,500,000","8,700,000","8,100,000","7,600,000","6,400,000","5,100,000","7,100,000","6,100,000","4,900,000","5,400,000",,,,,,,,,,,,,
NetIncomeCommonStockholders,"4,827,000,000","1,266,000,000","1,233,000,000","1,212,000,000","1,116,000,000","1,261,000,000","2,250,000,000","955,000,000","1,100,000,000","955,000,000","851,861,000","792,763,000","632,593,000","674,241,000","678,240,000","666,291,000","663,167,000","583,076,000","501,549,000","419,569,000","374,390,000","398,446,000","399,613,000","270,788,000","244,074,000","254,307,000","222,705,000","174,465,000","147,493,000","84,888,000","88,136,000","44,686,000","88,527,000","47,046,000","65,320,000","83,002,000","76,546,000","65,117,000","222,333,000","201,357,000","223,876,000","185,209,000","173,719,000","195,101,000","229,436,000","234,591,000","268,850,000","230,065,000","148,611,000","127,154,000","-32,043,000","136,045,000","126,071,000","156,435,000","245,917,000","191,608,000","214,910,000","219,379,000","222,208,000","205,243,000","152,505,000","143,851,000","183,244,000","94,396,000","123,097,000","105,072,000","156,251,000","144,916,000","149,778,000","151,894,000","113,501,000","104,461,000","109,401,000","123,035,000","83,349,000","64,524,000","64,246,000","54,225,000","40,089,000","47,201,000","54,301,000","49,808,000","34,289,000","40,294,000","61,305,000","69,756,000","79,196,000","78,270,000","65,777,000","64,565,000","97,359,000","57,155,000","44,961,000","38,276,000","50,268,000","152,000","27,980,000","26,744,000","46,819,000","53,428,000","40,106,000","46,484,000","67,758,000","29,847,000","22,009,000","33,663,000","-4,220,000","29,453,000","33,902,000","34,350,000","-43,000,000","18,100,000","16,200,000","15,100,000","15,700,000","11,400,000","14,500,000","15,500,000","8,400,000","6,700,000","15,200,000","13,300,000","13,100,000","12,800,000","13,300,000","12,400,000","12,100,000","10,000,000","7,900,000","10,100,000","10,000,000","9,100,000","7,600,000",,,,,,,,,,,,,
	NetIncome,"4,827,000,000","1,266,000,000","1,233,000,000","1,212,000,000","1,116,000,000","1,261,000,000","2,250,000,000","955,000,000","1,100,000,000","955,000,000","851,861,000","792,763,000","632,593,000","674,241,000","678,240,000","666,291,000","663,167,000","583,076,000","501,549,000","419,569,000","374,390,000","398,446,000","399,613,000","270,788,000","244,074,000","254,307,000","222,705,000","174,465,000","147,493,000","84,888,000","88,136,000","44,686,000","88,527,000","47,046,000","65,320,000","83,002,000","76,546,000","65,117,000","222,333,000","201,357,000","223,876,000","185,209,000","173,719,000","195,101,000","229,436,000","234,591,000","268,850,000","230,065,000","148,611,000","127,154,000","-32,043,000","136,045,000","126,071,000","156,435,000","245,917,000","191,608,000","214,910,000","219,379,000","222,208,000","205,243,000","152,505,000","143,851,000","183,244,000","94,396,000","123,097,000","105,072,000","156,251,000","144,916,000","149,778,000","151,894,000","113,501,000","104,461,000","109,401,000","123,035,000","83,349,000","64,524,000","64,246,000","54,225,000","40,089,000","47,201,000","54,301,000","49,808,000","34,289,000","40,294,000","61,305,000","69,756,000","79,196,000","78,270,000","65,777,000","64,565,000","97,359,000","57,155,000","44,961,000","38,276,000","50,268,000","152,000","27,980,000","26,744,000","46,819,000","53,428,000","40,106,000","46,484,000","67,758,000","29,847,000","22,009,000","33,663,000","-4,220,000","29,453,000","33,902,000","34,350,000","-43,000,000","18,100,000","16,200,000","15,100,000","15,700,000","11,400,000","14,500,000","15,500,000","8,400,000","6,700,000","15,200,000","13,300,000","13,100,000","12,800,000","13,300,000","12,400,000","12,100,000","10,000,000","7,900,000","10,100,000","10,000,000","9,100,000","7,600,000",,,,,,,,,,,,,
		NetIncomeIncludingNoncontrollingInterests,"4,827,000,000","1,266,000,000","1,233,000,000","1,212,000,000","1,116,000,000","1,261,000,000","2,250,000,000","955,000,000","1,100,000,000","955,000,000","851,861,000","792,763,000","632,593,000","674,241,000","678,240,000","666,291,000","663,167,000","583,076,000","501,549,000","419,569,000","374,390,000","398,446,000","399,613,000","270,788,000","244,074,000","254,307,000","222,705,000","174,465,000","147,493,000","84,888,000","88,136,000","44,686,000","88,527,000","47,046,000","65,320,000","83,002,000","76,546,000","65,117,000","222,333,000","201,357,000","223,876,000","185,209,000","173,719,000","195,101,000","229,436,000","234,591,000","268,850,000","230,065,000","148,611,000","127,154,000","-32,043,000","136,045,000","126,071,000","156,435,000","245,917,000","191,608,000","214,910,000","219,379,000","222,208,000","205,243,000","152,505,000","143,851,000","183,244,000","94,396,000","123,097,000","105,072,000","156,251,000","144,916,000","149,778,000","151,894,000","113,501,000","104,461,000","109,401,000","123,035,000","83,349,000","64,524,000","64,246,000","54,225,000","40,089,000","47,201,000","54,301,000","49,808,000","34,289,000","40,294,000","61,305,000","69,756,000","79,196,000","78,270,000","65,777,000","64,565,000","97,359,000","57,155,000","44,961,000","38,276,000","50,268,000","152,000","27,980,000","26,744,000","46,819,000","53,428,000","40,106,000","46,484,000","67,758,000","29,847,000","22,009,000","33,663,000","-4,220,000","29,453,000","33,902,000","34,350,000","-43,000,000","18,100,000","16,200,000","15,100,000","15,700,000","11,400,000","14,500,000","15,500,000","8,400,000","6,700,000","15,200,000","13,300,000","13,100,000","12,800,000","13,300,000","12,400,000","12,100,000","10,000,000","7,900,000","10,100,000","10,000,000","9,100,000","7,600,000","7,000,000","6,700,000","6,400,000","4,500,000","3,600,000","2,700,000","2,400,000","2,300,000","1,600,000","900,000","1,200,000","900,000","600,000"
			NetIncomeContinuousOperations,"4,827,000,000","1,266,000,000","1,233,000,000","1,212,000,000","1,116,000,000","1,261,000,000","2,250,000,000","955,000,000","1,100,000,000","955,000,000","851,861,000","792,763,000","632,593,000","674,241,000","678,240,000","666,291,000","663,167,000","583,076,000","501,549,000","419,569,000","374,390,000","398,446,000","399,613,000","270,788,000","244,074,000","254,307,000","222,705,000","174,465,000","147,493,000","84,888,000","88,136,000","44,686,000","88,527,000","47,046,000","65,320,000","83,002,000","76,546,000","65,117,000","222,333,000","201,357,000","223,876,000","185,209,000","173,719,000","195,101,000","229,436,000","234,591,000","268,850,000","230,065,000","148,611,000","127,154,000","-32,043,000","136,045,000","126,071,000","156,435,000","245,917,000","191,608,000","214,910,000","219,379,000","222,208,000","205,243,000","152,505,000","143,851,000","183,244,000","94,396,000","123,097,000","105,072,000","156,251,000","144,916,000","149,778,000","151,894,000","113,501,000","104,461,000","109,401,000","123,035,000","83,349,000","64,524,000","64,246,000","54,225,000","40,089,000","47,201,000","54,301,000","49,808,000","34,289,000","40,294,000","61,305,000","69,756,000","79,196,000","78,270,000","65,777,000","64,565,000","97,359,000","57,155,000","44,961,000","38,276,000","50,268,000","152,000","27,980,000","26,744,000","46,819,000","53,428,000","40,106,000","46,484,000","67,758,000","29,847,000","22,009,000","33,663,000","-4,220,000","29,453,000","33,902,000","34,350,000","-43,000,000","18,100,000","16,200,000","15,100,000","15,700,000","11,400,000","14,500,000","15,500,000","8,400,000","6,700,000","15,200,000","13,300,000","13,100,000","12,800,000","13,300,000","12,400,000","12,100,000","10,000,000","7,900,000","10,100,000","10,000,000","9,100,000","7,600,000","7,000,000","6,700,000","6,400,000","4,500,000","3,600,000","2,700,000","2,400,000","2,300,000","1,600,000","900,000","1,200,000","900,000","600,000"
DilutedNIAvailtoComStockholders,"4,827,000,000","1,266,000,000","1,233,000,000","1,212,000,000","1,116,000,000","1,261,000,000","2,250,000,000","955,000,000","1,100,000,000","955,000,000","851,861,000","792,763,000","632,593,000","674,241,000","678,240,000","666,291,000","663,167,000","583,076,000","501,549,000","419,569,000","374,390,000","398,446,000","399,613,000","270,788,000","244,074,000","254,307,000","222,705,000","174,465,000","147,493,000","84,888,000","88,136,000","44,686,000","88,527,000","47,046,000","65,320,000","83,002,000","76,546,000","65,117,000","222,333,000","201,357,000","223,876,000","185,209,000","173,719,000","195,101,000","229,436,000","234,591,000","268,850,000","230,065,000","148,611,000","127,154,000","-32,043,000","136,045,000","126,071,000","156,435,000","245,917,000","191,608,000","214,910,000","219,379,000","222,208,000","205,243,000","152,505,000","143,851,000","183,244,000","94,396,000","123,097,000","105,072,000","156,251,000","144,916,000","149,778,000","151,894,000","113,501,000","104,461,000","109,401,000","123,035,000","83,349,000","64,524,000","64,246,000","54,225,000","40,089,000","47,201,000","54,301,000","49,808,000","34,289,000","40,294,000","61,305,000","69,756,000","79,196,000","78,270,000","65,777,000","64,565,000","97,359,000","57,155,000","44,961,000","38,276,000","50,268,000","152,000","27,980,000","26,744,000","46,819,000","53,428,000","40,106,000","46,484,000","67,758,000","29,847,000","22,009,000","33,663,000","-4,220,000","29,453,000","33,902,000","34,350,000","-43,000,000","18,100,000","16,200,000","15,100,000","15,700,000","11,400,000","14,500,000","15,500,000","8,400,000","6,700,000","15,200,000","13,300,000","13,100,000","12,800,000","13,300,000","12,400,000","12,100,000","10,000,000","7,900,000","10,100,000","10,000,000","9,100,000","7,600,000",,,,,,,,,,,,,
BasicEPS,,"2.68","2.59","2.54","2.34","2.63","4.69","1.99","2.28","1.98","1.76","1.63","1.3","1.38","1.39","1.36","1.35","1.18","1.02","0.85","0.76","0.81","0.81","0.54","0.49","0.51","0.45","0.35","0.3","0.17","0.15","0.09","0.18","0.09","0.13","0.16","0.15","0.13","0.45","0.41","0.45","0.37","0.35","0.39","0.46","0.47",,"0.44","0.28","0.24",,"0.26","0.24","0.3",,"0.36","0.4","0.39",,"0.35","0.26","0.24",,"0.16","0.21","0.18",,"0.29","0.31","0.31",,"0.22","0.23","0.26",,"0.14","0.14","0.115",,"0.1","0.115","0.105",,"0.085","0.13","0.145",,"0.165","0.138","0.135",,"0.118","0.093","0.079",,"0","0.053","0.049",,"0.09","0.068","0.079",,"0.05","0.036","0.055",,"0.055","0.064","0.068",,"0.05","0.045","0.04",,"0.03","0.04","0.045",,"0.02","0.045","0.04",,"0.035","0.04","0.035",,"0.03","0.025","0.03",,"0.03","0.025","0.02",,"0.02","0.015","0.015",,"0.01","0.01","0.005",,"0.005","0.005","0.005"
DilutedEPS,,"2.66","2.57","2.52","2.32","2.61","4.64","1.97","2.27","1.96","1.74","1.61","1.29","1.36","1.37","1.34","1.33","1.17","1","0.84","0.75","0.8","0.8","0.54","0.48","0.5","0.44","0.34","0.29","0.17","0.14","0.09","0.17","0.09","0.13","0.16","0.15","0.13","0.44","0.4","0.45","0.37","0.35","0.39","0.45","0.46",,"0.44","0.28","0.24",,"0.26","0.24","0.3",,"0.35","0.4","0.38",,"0.34","0.25","0.24",,"0.16","0.2","0.17",,"0.29","0.29","0.3",,"0.21","0.22","0.25",,"0.135","0.135","0.115",,"0.095","0.11","0.1",,"0.08","0.125","0.14",,"0.155","0.13","0.128",,"0.11","0.088","0.075",,"0","0.051","0.049",,"0.09","0.068","0.079",,"0.05","0.036","0.055",,"0.055","0.064","0.068",,"0.05","0.045","0.04",,"0.03","0.04","0.045",,"0.02","0.045","0.04",,"0.035","0.04","0.035",,"0.03","0.025","0.03",,"0.03","0.025","0.02",,"0.02","0.015","0.015",,"0.01","0.01","0.005",,"0.005","0.005","0.005"
BasicAverageShares,,"473,000,000","476,000,000","477,000,000","478,000,000","479,000,000","479,000,000","480,000,000","481,000,000","482,000,000","483,731,000","485,848,000","487,535,000","488,056,000","488,246,000","490,025,000","491,914,000","492,061,000","492,108,000","493,426,000","494,371,000","494,612,000","495,641,000","498,584,000","499,974,000","499,125,000","498,384,000","498,630,000","499,290,000","498,754,000","498,124,000","498,468,000","497,931,000","496,948,000","499,363,000","504,116,000","503,384,000","498,607,000","494,906,000","494,051,000","495,950,000","494,016,000","491,523,000","494,537,000","499,686,000","504,134,000",,"518,710,000","526,148,000","524,173,000",,"525,911,000","524,159,000","524,268,000",,"531,060,000","533,391,000","561,113,000",,"583,670,000","587,929,000","587,969,000",,"586,433,000","595,284,000","598,451,000",,"491,710,000","488,765,000","486,260,000",,"476,942,000","477,238,000","476,768,000",,"466,728,000","464,248,000","462,168,000",,"476,020,000","476,404,000","473,162,000",,"476,102,000","476,326,000","480,156,000",,"476,928,000","475,032,000","474,512,000",,"487,584,000","484,576,000","487,784,000",,"538,224,000","533,880,000","542,096,000",,"596,224,000","593,424,000","591,512,000",,"594,472,000","605,104,000","611,152,000",,"536,968,000","530,592,000","512,344,000",,"362,000,000","360,000,000","377,500,000",,"380,000,000","362,500,000","344,444,444",,"335,000,000","337,777,778","332,500,000",,"365,714,286","332,500,000","354,285,714",,"333,333,333","316,000,000","336,666,667",,"303,333,333","304,000,000","328,832,000",,"328,832,000","327,648,000","326,240,000",,"336,864,000","337,408,000","330,432,000",,"324,928,000","329,260,265","329,260,265"
DilutedAverageShares,,"475,000,000","480,000,000","481,000,000","481,000,000","483,000,000","484,000,000","485,000,000","485,000,000","488,000,000","488,851,000","491,042,000","492,212,000","494,188,000","495,118,000","496,866,000","498,252,000","499,433,000","500,060,000","500,398,000","500,351,000","500,861,000","501,176,000","503,669,000","504,725,000","505,676,000","506,012,000","505,809,000","505,582,000","507,526,000","507,451,000","507,811,000","506,687,000","508,340,000","511,082,000","514,058,000","512,446,000","507,840,000","502,154,000","499,757,000","501,377,000","500,378,000","496,288,000","498,741,000","506,280,000","511,345,000",,"523,179,000","533,259,000","532,645,000",,"531,809,000","528,013,000","527,830,000",,"541,311,000","542,376,000","571,259,000",,"597,334,000","603,417,000","604,249,000",,"600,882,000","613,804,000","621,839,000",,"507,821,000","508,156,000","506,182,000",,"494,226,000","493,946,000","492,174,000",,"480,990,000","478,474,000","470,588,000",,"486,750,000","495,374,000","490,490,000",,"497,132,000","500,254,000","507,218,000",,"511,656,000","510,696,000","505,956,000",,"518,632,000","512,400,000","507,072,000",,"547,296,000","551,920,000","556,680,000",,"596,224,000","593,424,000","591,512,000",,"594,472,000","605,104,000","611,152,000",,"536,968,000","530,592,000","512,344,000",,"362,000,000","360,000,000","377,500,000",,"380,000,000","362,500,000","344,444,444",,"335,000,000","337,777,778","332,500,000",,"365,714,286","332,500,000","354,285,714",,"333,333,333","316,000,000","336,666,667",,"303,333,333","304,000,000","328,832,000",,"328,832,000","327,648,000","326,240,000",,"336,864,000","337,408,000","330,432,000",,"324,928,000","329,260,265","329,260,265"
TotalOperatingIncomeAsReported,"5,928,000,000","1,580,000,000","1,501,000,000","1,441,000,000","1,406,000,000","1,454,000,000","1,215,000,000","1,069,000,000","1,016,000,000","937,000,000","969,932,000","853,812,000","749,547,000","694,830,000","720,546,000","718,606,000","698,484,000","702,733,000","649,340,000","545,674,000","504,082,000","468,999,000","472,280,000","369,325,000","344,239,000","307,758,000","290,434,000","246,019,000","193,617,000","173,025,000","124,505,000","74,176,000","135,258,000","78,746,000","102,836,000","110,354,000","111,309,000","98,224,000","307,765,000","278,304,000","305,143,000","288,979,000","246,131,000","274,110,000","276,724,000","302,334,000","286,943,000","302,013,000","227,285,000","176,833,000","153,642,000","167,602,000","161,353,000","207,916,000","273,193,000","219,469,000","260,178,000","275,431,000","275,832,000","255,025,000","180,391,000","146,337,000","163,372,000","110,033,000","147,908,000","129,980,000","191,930,000","183,588,000","182,204,000","170,712,000","146,379,000","140,314,000","141,839,000","163,262,000","115,263,000","92,215,000","91,461,000","80,508,000","62,924,000","69,470,000","90,848,000","63,785,000","52,261,000","92,843,000","117,899,000","115,454,000","123,692,000","105,876,000","89,511,000","89,004,000","81,928,000","71,951,000","51,521,000","54,453,000","72,531,000","-6,100,000","37,244,000","21,672,000","57,463,000","51,584,000","54,911,000","66,798,000","36,439,000","34,898,000","33,103,000","42,346,000","-267,000","38,780,000","46,751,000","49,307,000","44,800,000","27,200,000","24,300,000","22,400,000","22,800,000","17,100,000","21,900,000","19,200,000","24,900,000","8,500,000","22,300,000","19,200,000","19,200,000","18,900,000","20,500,000","19,500,000","18,200,000","15,400,000","12,100,000","16,300,000","15,300,000","13,100,000","12,100,000",,,,,,,,,,,,,
TotalExpenses,"10,214,000,000","2,682,000,000","2,609,000,000","2,494,000,000","2,429,000,000","2,451,000,000","2,209,000,000","2,156,000,000","2,112,000,000","2,154,000,000","2,022,013,000","1,980,314,000","1,994,733,000","1,906,116,000","1,744,079,000","1,572,470,000","1,496,876,000","1,376,214,000","1,357,255,000","1,295,400,000","1,268,108,000","1,212,647,000","1,136,424,000","1,094,980,000","1,054,936,000","1,075,996,000","1,015,449,000","972,500,000","968,507,000","934,401,000","929,438,000","931,032,000","933,316,000","920,711,000","936,569,000","885,556,000","874,248,000","909,647,000","845,938,000","799,902,000","821,497,000","759,066,000","811,528,000","735,286,000","747,041,000","725,331,000","718,810,000","690,396,000","704,209,000","670,245,000","578,247,000","529,840,000","539,789,000","566,204,000","612,680,000","666,594,000","626,708,000","613,583,000","635,379,000","596,106,000","565,186,000","503,070,000","519,321,000","492,126,000","486,313,000","506,514,000","318,441,000","303,451,000","313,825,000","302,170,000","283,123,000","263,399,000","268,246,000","260,019,000","243,428,000","227,346,000","228,685,000","216,387,000","221,187,000","215,409,000","224,496,000","198,752,000","200,216,000","199,275,000","226,194,000","213,515,000","231,032,000","222,991,000","204,273,000","193,900,000","192,991,000","184,508,000","179,025,000","172,449,000","181,463,000","189,092,000","188,886,000","172,323,000","169,669,000","175,643,000","170,196,000","159,661,000","159,729,000","146,011,000","156,535,000","151,296,000","222,851,000","117,874,000","121,241,000","119,285,000","292,900,000","61,200,000","66,100,000","58,900,000","63,800,000","61,700,000","57,700,000","49,300,000","45,800,000","54,500,000","47,300,000","43,400,000","43,600,000","38,300,000","36,600,000","33,100,000","35,100,000","27,400,000","23,200,000","20,900,000","22,400,000","16,900,000","16,000,000",,,,,,,,,,,,,
NetIncomeFromContinuingAndDiscontinuedOperation,"4,827,000,000","1,266,000,000","1,233,000,000","1,212,000,000","1,116,000,000","1,261,000,000","2,250,000,000","955,000,000","1,100,000,000","955,000,000","851,861,000","792,763,000","632,593,000","674,241,000","678,240,000","666,291,000","663,167,000","583,076,000","501,549,000","419,569,000","374,390,000","398,446,000","399,613,000","270,788,000","244,074,000","254,307,000","222,705,000","174,465,000","147,493,000","84,888,000","88,136,000","44,686,000","88,527,000","47,046,000","65,320,000","83,002,000","76,546,000","65,117,000","222,333,000","201,357,000","223,876,000","185,209,000","173,719,000","195,101,000","229,436,000","234,591,000","268,850,000","230,065,000","148,611,000","127,154,000","-32,043,000","136,045,000","126,071,000","156,435,000","245,917,000","191,608,000","214,910,000","219,379,000","222,208,000","205,243,000","152,505,000","143,851,000","183,244,000","94,396,000","123,097,000","105,072,000","156,251,000","144,916,000","149,778,000","151,894,000","113,501,000","104,461,000","109,401,000","123,035,000","83,349,000","64,524,000","64,246,000","54,225,000","40,089,000","47,201,000","54,301,000","49,808,000","34,289,000","40,294,000","61,305,000","69,756,000","79,196,000","78,270,000","65,777,000","64,565,000","97,359,000","57,155,000","44,961,000","38,276,000","50,268,000","152,000","27,980,000","26,744,000","46,819,000","53,428,000","40,106,000","46,484,000","67,758,000","29,847,000","22,009,000","33,663,000","-4,220,000","29,453,000","33,902,000","34,350,000","-43,000,000","18,100,000","16,200,000","15,100,000","15,700,000","11,400,000","14,500,000","15,500,000","8,400,000","6,700,000","15,200,000","13,300,000","13,100,000","12,800,000","13,300,000","12,400,000","12,100,000","10,000,000","7,900,000","10,100,000","10,000,000","9,100,000","7,600,000",,,,,,,,,,,,,
NormalizedIncome,"4,839,451,418.745","1,273,380,000","1,250,638,283.379","1,206,050,000","1,109,600,000","1,256,600,000","2,247,080,000","945,100,000","1,099,270,000","957,920,000","846,990,919.028","790,485,850","645,511,350","643,665,960","693,831,768.736","683,146,850","675,856,279.235","585,577,620","506,805,416.227","421,630,290","380,754,240","402,242,040","409,350,012.183","276,307,120","250,183,440","260,602,320","228,160,500","177,227,250","150,062,320","87,075,000","107,538,872.518","47,236,320","90,054,890","49,377,360","69,544,672.935","87,613,090","104,995,120","68,037,320","227,335,341.412","206,549,815.358","227,574,156.035","188,724,434.331","246,072,613.35","203,368,049.49","234,774,437.734","238,991,933.622","274,825,572.443","224,373,691.551","165,650,832.026","138,748,296.688","-16,497,600","135,622,238.384","134,122,819.746","179,162,357.774","287,826,580.505","190,850,838.408","208,366,982.08","217,093,523.819","231,385,220.902","206,168,462.579","149,410,527.555","139,231,159.339","134,850,368.179","98,344,130.426","122,030,638.759","119,820,698.004","152,482,318.084","146,443,130.313","151,932,063.608","153,229,199.683","110,424,085.422","105,566,564.022","108,754,979.173","123,797,942.356","83,010,200","66,313,902.774","66,742,200","58,909,356.806","49,332,024.657","50,055,649.677","65,006,161.142","50,369,680.451","46,322,778.753","63,962,200","82,095,770","81,171,507.458","84,284,425.56","72,162,640.56","64,873,496.566","61,088,808.076","62,494,021.364","51,610,149.842","45,802,573.784","38,288,691.192","44,146,580.003","25,103,239.669","29,191,453.466","21,321,808.467","40,916,061.288","40,343,987.045","42,087,694.798","45,381,730.671","36,084,490.175","25,905,082.2","30,828,400","33,663,000","-4,220,000","29,453,000","33,902,000","34,350,000","7,040,000","17,094,444.444","15,320,930.233","14,093,333.333","15,101,271.186","10,424,598.93","13,459,915.612","11,856,573.705","15,546,268.657","5,385,046.729","13,943,801.653","11,982,547.17","11,966,346.154","11,917,241.379","12,393,181.818","11,795,121.951","11,240,101.523","9,390,243.902","7,353,076.923","9,560,000","9,503,105.59","8,515,000","7,060,000",,,,,,,,,,,,,
InterestIncome,,,,,,,"6,000,000","7,000,000","11,000,000","19,000,000","18,212,000","17,760,000","16,278,000","16,071,000","22,578,000","21,561,000","25,771,000","22,630,000","19,516,000","17,180,000","15,216,000","14,157,000","13,330,000","11,849,000","11,482,000","10,677,000","8,232,000","7,394,000","6,846,000","6,288,000","5,706,000","5,274,000","5,240,000","5,134,000","5,267,000","5,332,000","5,606,000","5,681,000","5,853,000","6,575,000","13,117,000","6,193,000","6,440,000","6,102,000","5,865,000","6,099,000","20,018,000","5,883,000","6,313,000","611,000","6,627,000","6,667,000","9,923,000",,,,,,,,,,,,,,,,,,,,,,,,,,,,,,,,,,,,,,,,,,,,,,,,,,,,,,,,,,,,,,,,,,,,,,,,,,,,,,,,,,,,,,,,,,,,,
InterestExpense,"111,000,000","28,000,000","28,000,000","27,000,000","28,000,000","30,000,000","27,000,000","28,000,000","28,000,000","33,000,000","36,515,000","39,529,000","40,577,000","40,593,000","27,873,000","21,107,000","20,363,000","19,899,000","19,116,000","18,809,000","18,347,000","18,130,000","17,518,000","17,281,000","17,174,000","18,469,000","16,515,000","16,519,000","16,605,000","14,545,000","12,678,000","13,361,000","17,103,000","16,590,000","16,722,000","16,747,000","17,205,000","16,834,000","16,767,000","17,253,000","16,629,000","16,838,000","16,774,000","16,431,000","16,727,000","17,020,000","16,786,000","16,395,000","16,076,000","7,695,000","1,535,000","460,000","620,000",,,,,,,,,,,,,,,,,,,,,,,,,,,,,,,,,,,,,,,,,,,,,,,,,,,,,,,,,,,,,,,,,,,,,,,,,,,,,,,,,,,,,,,,,,,,,
NetInterestIncome,"-94,000,000","-28,000,000","-11,000,000","-27,000,000","-28,000,000","-30,000,000","-21,000,000","-21,000,000","-17,000,000","-14,000,000","-18,303,000","-21,769,000","-24,299,000","-24,522,000","-5,295,000","454,000","5,408,000","2,731,000","400,000","-1,629,000","-3,131,000","-3,973,000","-4,188,000","-5,432,000","-5,692,000","-7,792,000","-8,283,000","-9,125,000","-9,759,000","-8,257,000","-6,972,000","-8,087,000","-11,863,000","-11,456,000","-11,455,000","-11,415,000","-11,599,000","-11,153,000","-10,914,000","-10,678,000","-3,512,000","-10,645,000","-10,334,000","-10,329,000","-10,862,000","-10,921,000","3,232,000","-10,512,000","-9,763,000","-7,084,000","5,092,000","6,207,000","9,303,000",,,,,,,,,,,,,,,,,,,,,,,,,,,,,,,,,,,,,,,,,,,,,,,,,,,,,,,,,,,,,,,,,,,,,,,,,,,,,,,,,,,,,,,,,,,,,
EBIT,"5,926,000,000","1,571,000,000","1,496,000,000","1,445,000,000","1,414,000,000","1,463,000,000","1,224,000,000","1,088,000,000","1,028,000,000","952,000,000","993,662,000","874,017,000","751,349,000","742,927,000","727,090,000","722,465,000","711,162,000","722,401,000","662,128,000","560,188,000","510,965,000","478,762,000","474,218,000","373,582,000","347,004,000","310,776,000","313,455,000","249,138,000","197,579,000","177,793,000","124,953,000","76,299,000","138,374,000","81,482,000","104,992,000","110,007,000","108,332,000","100,318,000","307,398,000","280,465,000","311,203,000","287,215,000","249,954,000","273,150,000","275,971,000","303,107,000","302,797,000","313,147,000","210,249,000","173,910,000","161,747,000","174,876,000","164,350,000","220,186,000","302,621,000","220,663,000","260,178,000","276,862,000","275,832,000","255,580,000","180,391,000","146,337,000","162,854,000","110,065,000","149,143,000","148,964,000","191,930,000","183,588,000","182,204,000","170,712,000","146,379,000","140,314,000","141,839,000","163,262,000","115,158,000","91,776,000","91,461,000","80,508,000","73,467,000","69,470,000","92,863,000","69,144,000","64,324,000","92,843,000","117,899,000","115,454,000","124,162,000","105,876,000","95,812,000","88,332,000","88,779,000","76,368,000","66,861,000","54,453,000","65,273,000","33,840,000","38,424,000","25,490,000","57,463,000","54,396,000","58,068,000","66,798,000","47,946,000","34,898,000","47,802,000","42,346,000","46,250,000","38,780,000","46,751,000","49,307,000","44,800,000","27,200,000","24,300,000","22,400,000","22,800,000","17,100,000","21,900,000","19,200,000","24,900,000","8,500,000","22,300,000","19,200,000","19,200,000","18,900,000","20,500,000","19,500,000","18,200,000","15,400,000","12,100,000","16,300,000","15,300,000","13,100,000","12,100,000","25,500,000","-24,000,000","25,200,000","18,800,000","14,200,000","-10,900,000","10,600,000","9,600,000","6,900,000","-3,900,000","4,900,000","3,500,000","2,400,000"
EBITDA,"6,731,000,000"
ReconciledCostOfRevenue,"1,294,000,000","341,000,000","342,000,000","317,000,000","294,000,000","296,000,000","277,000,000","277,000,000","267,000,000","306,000,000","199,069,000","308,368,000","304,904,000","298,954,000","285,473,000","232,476,000","222,133,000","199,526,000","208,324,000","200,031,000","177,045,000","175,656,000","153,196,000","141,339,000","136,606,000","135,766,000","133,052,000","121,681,000","117,325,000","101,435,000","95,208,000","90,678,000","90,603,000","84,425,000","80,125,000","77,965,000","67,123,000","92,371,000","58,640,000","57,842,000","66,358,000","49,833,000","54,919,000","51,021,000","52,973,000","51,588,000","49,304,000","43,550,000","51,056,000","38,984,000","23,188,000","16,104,000","22,567,000","24,005,000","33,730,000","65,196,000","31,309,000","30,372,000","38,299,000","28,750,000","23,116,000","21,500,000","6,374,000","16,724,000","10,335,000","21,075,000","30,695,000","27,480,000","27,434,000","26,969,000","29,372,000","23,569,000","27,255,000","24,182,000","25,227,000","22,077,000","23,356,000","22,362,000","19,757,000","18,336,000","12,952,000","10,735,000","8,395,000","9,822,000","11,464,000","9,406,000","13,298,000","15,019,000","11,674,000","11,002,000","24,070,000","24,267,000","23,704,000","22,499,000","27,378,000","26,781,000","27,292,000","29,986,000","26,635,000","32,689,000","32,658,000","34,289,000","2,276,000","26,081,000","31,437,000","28,236,000","22,212,000","13,511,000","20,152,000","25,086,000","46,600,000","7,200,000","9,800,000","8,300,000","4,300,000","8,300,000","9,700,000","7,000,000","7,700,000","6,000,000","19,700,000","18,400,000","17,800,000","15,200,000","15,000,000","13,600,000","10,700,000","11,600,000","8,400,000","8,700,000","4,600,000","2,800,000","3,500,000",,,,,,,,,,,,,
ReconciledDepreciation,"805,000,000","213,000,000","205,000,000","193,000,000","194,000,000","196,000,000","190,000,000","191,000,000","188,000,000","188,000,000","295,612,000","150,549,000","145,610,000","144,898,000","106,720,000","86,890,000","76,360,000","76,522,000","81,234,000","82,319,000","81,635,000","80,809,000","81,860,000","84,014,000","84,461,000","81,200,000","86,359,000","87,550,000","85,929,000","79,635,000","78,147,000","80,154,000","77,653,000","77,636,000","81,350,000","82,175,000","80,950,000","76,752,000","78,621,000","74,110,000","77,174,000","69,861,000","73,290,000","64,009,000","66,620,000","66,286,000","76,097,000","73,154,000","74,906,000","68,581,000","85,037,000","63,921,000","64,725,000","68,740,000","69,732,000","62,679,000","68,656,000","69,202,000","78,190,000","81,764,000","87,022,000","68,488,000","91,013,000","70,448,000","72,578,000","73,783,000","16,455,000","17,798,000","15,128,000","14,954,000","17,801,000","14,828,000","14,741,000","13,438,000","12,775,000","12,182,000","12,065,000","11,992,000","17,115,000","16,841,000","15,722,000","13,803,000","14,190,000","13,787,000","14,476,000","14,192,000","12,343,000","9,864,000","10,145,000","10,923,000","11,201,000","12,473,000","14,703,000","12,393,000","14,834,000","13,461,000","12,511,000","15,458,000","24,652,000","13,083,000","10,439,000","11,210,000","34,594,000","8,162,000","5,267,000","7,598,000","22,833,000","14,130,000","13,247,000","10,225,000","35,600,000","6,100,000","6,000,000","5,500,000","11,600,000","6,100,000","4,300,000","4,000,000","4,900,000","5,200,000","4,900,000","4,000,000","4,500,000","4,300,000","3,600,000","2,800,000","6,000,000","1,800,000","1,700,000","1,600,000","1,500,000","1,500,000","1,300,000",,,,,,,,,,,,,
NetIncomeFromContinuingOperationNetMinorityInterest,"4,827,000,000","1,266,000,000","1,233,000,000","1,212,000,000","1,116,000,000","1,261,000,000","2,250,000,000","955,000,000","1,100,000,000","955,000,000","851,861,000","792,763,000","632,593,000","674,241,000","678,240,000","666,291,000","663,167,000","583,076,000","501,549,000","419,569,000","374,390,000","398,446,000","399,613,000","270,788,000","244,074,000","254,307,000","222,705,000","174,465,000","147,493,000","84,888,000","88,136,000","44,686,000","88,527,000","47,046,000","65,320,000","83,002,000","76,546,000","65,117,000","222,333,000","201,357,000","223,876,000","185,209,000","173,719,000","195,101,000","229,436,000","234,591,000","268,850,000","230,065,000","148,611,000","127,154,000","-32,043,000","136,045,000","126,071,000","156,435,000","245,917,000","191,608,000","214,910,000","219,379,000","222,208,000","205,243,000","152,505,000","143,851,000","183,244,000","94,396,000","123,097,000","105,072,000","156,251,000","144,916,000","149,778,000","151,894,000","113,501,000","104,461,000","109,401,000","123,035,000","83,349,000","64,524,000","64,246,000","54,225,000","40,089,000","47,201,000","54,301,000","49,808,000","34,289,000","40,294,000","61,305,000","69,756,000","79,196,000","78,270,000","65,777,000","64,565,000","97,359,000","57,155,000","44,961,000","38,276,000","50,268,000","152,000","27,980,000","26,744,000","46,819,000","53,428,000","40,106,000","46,484,000","67,758,000","29,847,000","22,009,000","33,663,000","-4,220,000","29,453,000","33,902,000","34,350,000","-43,000,000","18,100,000","16,200,000","15,100,000","15,700,000","11,400,000","14,500,000","15,500,000","8,400,000","6,700,000","15,200,000","13,300,000","13,100,000","12,800,000","13,300,000","12,400,000","12,100,000","10,000,000","7,900,000","10,100,000","10,000,000","9,100,000","7,600,000",,,,,,,,,,,,,
TotalUnusualItemsExcludingGoodwill,"-15,000,000","-9,000,000","-21,000,000","7,000,000","8,000,000","5,000,000","4,000,000","11,000,000","1,000,000","-4,000,000","5,472,000","2,397,000","-14,515,000","31,849,000","-16,074,000","-17,743,000","-13,218,000","-3,014,000","-6,739,000","-2,677,000","-8,374,000","-4,414,000","-11,128,000","-7,262,000","-8,256,000","-7,236,000","-7,274,000","-3,683,000","-3,172,000","-3,645,000","-24,717,000","-3,592,000","-2,093,000","-3,238,000","-5,709,000","-5,181,000","-33,868,000","-3,744,000","-6,539,000","-6,788,000","-4,866,000","-5,132,000","-97,119,000","-10,878,000","-6,032,000","-5,367,000","-6,357,000","7,341,000","-22,264,000","-15,156,000","-23,916,000","542,000","-10,457,000","-29,516,000","-47,095,000","903,000","8,464,000","3,080,000","-12,005,000","-1,249,000","4,162,000","5,601,000","65,485,000","-5,145,000","1,425,000","-20,249,000","4,998,000","-2,044,000","-2,701,000","-1,554,000","4,158,000","-1,494,000","873,000","-1,031,000","484,000","-2,557,000","-3,566,000","-6,692,000","-14,335,000","-4,198,000","-15,743,000","-826,000","-17,961,000","-39,447,000","-31,031,000","-17,038,000","-7,889,000","9,397,000","1,390,000","5,348,000","54,895,000","8,734,000","-1,325,000","-20,000","9,763,000","-39,725,000","-1,933,000","8,644,000","9,354,000","20,945,000","-3,123,000","1,735,000","47,909,000","6,430,000","-14,699,000",,,,,,"-83,400,000","1,600,000","1,400,000","1,600,000","900,000","1,600,000","1,700,000","5,900,000","-11,400,000","2,100,000","2,000,000","2,100,000","1,800,000","1,400,000","1,500,000","1,000,000","1,400,000","1,000,000","900,000","900,000","800,000","900,000","900,000",,,,,,,,,,,,,
TotalUnusualItems,"-15,000,000","-9,000,000","-21,000,000","7,000,000","8,000,000","5,000,000","4,000,000","11,000,000","1,000,000","-4,000,000","5,472,000","2,397,000","-14,515,000","31,849,000","-16,074,000","-17,743,000","-13,218,000","-3,014,000","-6,739,000","-2,677,000","-8,374,000","-4,414,000","-11,128,000","-7,262,000","-8,256,000","-7,236,000","-7,274,000","-3,683,000","-3,172,000","-3,645,000","-24,717,000","-3,592,000","-2,093,000","-3,238,000","-5,709,000","-5,181,000","-33,868,000","-3,744,000","-6,539,000","-6,788,000","-4,866,000","-5,132,000","-97,119,000","-10,878,000","-6,032,000","-5,367,000","-6,357,000","7,341,000","-22,264,000","-15,156,000","-23,916,000","542,000","-10,457,000","-29,516,000","-47,095,000","903,000","8,464,000","3,080,000","-12,005,000","-1,249,000","4,162,000","5,601,000","65,485,000","-5,145,000","1,425,000","-20,249,000","4,998,000","-2,044,000","-2,701,000","-1,554,000","4,158,000","-1,494,000","873,000","-1,031,000","484,000","-2,557,000","-3,566,000","-6,692,000","-14,335,000","-4,198,000","-15,743,000","-826,000","-17,961,000","-39,447,000","-31,031,000","-17,038,000","-7,889,000","9,397,000","1,390,000","5,348,000","54,895,000","8,734,000","-1,325,000","-20,000","9,763,000","-39,725,000","-1,933,000","8,644,000","9,354,000","20,945,000","-3,123,000","1,735,000","47,909,000","6,430,000","-14,699,000",,,,,,"-83,400,000","1,600,000","1,400,000","1,600,000","900,000","1,600,000","1,700,000","5,900,000","-11,400,000","2,100,000","2,000,000","2,100,000","1,800,000","1,400,000","1,500,000","1,000,000","1,400,000","1,000,000","900,000","900,000","800,000","900,000","900,000",,,,,,,,,,,,,
NormalizedEBITDA,"6,746,000,000","1,793,000,000","1,722,000,000","1,631,000,000","1,600,000,000","1,654,000,000","1,410,000,000","1,268,000,000","1,215,000,000","1,144,000,000","1,283,802,000","1,022,169,000","911,474,000","855,976,000","849,884,000","827,098,000","800,740,000","801,937,000","750,101,000","645,184,000","600,974,000","563,985,000","567,206,000","464,858,000","439,721,000","399,212,000","407,088,000","340,371,000","286,680,000","261,073,000","227,817,000","160,045,000","218,120,000","162,356,000","192,051,000","197,363,000","223,150,000","180,814,000","392,558,000","361,363,000","393,243,000","362,208,000","420,363,000","348,037,000","348,623,000","374,760,000","385,251,000","378,960,000","307,419,000","257,647,000","270,700,000","238,255,000","239,532,000","318,442,000","419,448,000","282,439,000","320,370,000","342,984,000","366,027,000","338,593,000","263,251,000","209,224,000","188,382,000","185,658,000","220,296,000","242,996,000","203,387,000","203,430,000","200,033,000","187,220,000","160,022,000","156,636,000","155,707,000","177,731,000","127,449,000","106,515,000","107,092,000","99,192,000","104,917,000","90,509,000","124,328,000","83,773,000","96,475,000","146,077,000","163,406,000","146,684,000","144,394,000","106,343,000","104,567,000","93,907,000","45,085,000","80,107,000","82,889,000","66,866,000","70,344,000","87,026,000","52,868,000","32,304,000","72,761,000","46,534,000","71,630,000","76,273,000","34,631,000","36,630,000","67,768,000","49,944,000","69,083,000","52,910,000","59,998,000","59,532,000","163,800,000","31,700,000","28,900,000","26,300,000","33,500,000","21,600,000","24,500,000","17,300,000","41,200,000","11,600,000","25,200,000","21,100,000","21,900,000","21,800,000","22,600,000","21,300,000","22,800,000","16,200,000","12,900,000","17,000,000","16,000,000","13,700,000","12,500,000","25,500,000","-24,000,000","25,200,000","18,800,000","14,200,000","-10,900,000","10,600,000","9,600,000","6,900,000","-3,900,000","4,900,000","3,500,000","2,400,000"
TaxRateForCalcs,"0.17","0.18","0.16","0.15","0.2","0.12","0.27","0.1","0.27","0.27","0.11","0.05","0.11","0.04","0.03","0.05","0.04","0.17","0.22","0.23","0.24","0.14","0.125","0.24","0.26","0.13","0.25","0.25","0.19","0.4","0.215","0.29","0.27","0.28","0.26","0.11","0.16","0.22","0.235","0.235","0.24","0.315","0.255","0.24","0.115","0.18","0.06","0.225","0.235","0.235","0.35","0.22","0.23","0.23","0.11","0.162","0.227","0.258","0.236","0.259","0.256","0.175","0.261","0.233","0.252","0.272","0.246","0.253","0.202","0.141","0.26","0.26","0.26","0.26","0.3","0.3","0.3","0.3","0.355","0.32","0.32","0.32","0.33","0.4","0.33","0.33","0.355","0.35","0.35","0.35","0.365","0.365","0.365","0.365","0.373","0.372","0.373","0.373","0.369","0.375","0.365","0.365","0.339","0.387","0.4","0.375","0.4","0.353","0.37","0.37","0.4","0.372","0.372","0.371","0.335","0.39","0.388","0.382","0.373","0.374","0.372","0.373","0.37","0.369","0.395","0.395","0.386","0.39","0.392","0.4","0.379","0.35","0.4",,,,,,,,,,,,,
TaxEffectOfUnusualItems,"-2,548,581.255","-1,620,000","-3,361,716.621","1,050,000","1,600,000","600,000","1,080,000","1,100,000","270,000","-1,080,000","601,919.028","119,850","-1,596,650","1,273,960","-482,231.264","-887,150","-528,720.765","-512,380","-1,482,583.773","-615,710","-2,009,760","-617,960","-1,390,987.817","-1,742,880","-2,146,560","-940,680","-1,818,500","-920,750","-602,680","-1,458,000","-5,314,127.482","-1,041,680","-565,110","-906,640","-1,484,327.065","-569,910","-5,418,880","-823,680","-1,536,658.588","-1,595,184.642","-1,167,843.965","-1,616,565.669","-24,765,386.65","-2,610,950.51","-693,562.266","-966,066.378","-381,427.557","1,649,691.551","-5,224,167.974","-3,561,703.312","-8,370,600","119,238.384","-2,405,180.254","-6,788,642.226","-5,185,419.495","145,838.408","1,920,982.08","794,523.819","-2,827,779.098","-323,537.421","1,067,527.555","981,159.339","17,091,368.179","-1,196,869.574","358,638.759","-5,500,301.996","1,229,318.084","-516,869.687","-546,936.392","-218,800.317","1,081,085.422","-388,435.978","226,979.173","-268,057.644","145,200","-767,097.226","-1,069,800","-2,007,643.194","-5,091,975.343","-1,343,350.323","-5,037,838.858","-264,319.549","-5,927,221.247","-15,778,800","-10,240,230","-5,622,492.542","-2,800,574.44","3,289,640.56","486,496.566","1,871,808.076","20,030,021.364","3,189,149.842","-483,426.216","-7,308.808","3,641,580.003","-14,773,760.331","-721,546.534","3,221,808.467","3,451,061.288","7,860,987.045","-1,141,305.202","632,730.671","16,235,490.175","2,488,082.2","-5,879,600","0","0","0","0","0","-33,360,000","594,444.444","520,930.233","593,333.333","301,271.186","624,598.93","659,915.612","2,256,573.705","-4,253,731.343","785,046.729","743,801.653","782,547.17","666,346.154","517,241.379","593,181.818","395,121.951","540,101.523","390,243.902","353,076.923","360,000","303,105.59","315,000","360,000",,,,,,,,,,,,,