name,ttm,01/31/2022,10/31/2021,07/31/2021,04/30/2021,01/31/2021,10/31/2020,07/31/2020,04/30/2020,01/31/2020,10/31/2019,07/31/2019,04/30/2019,01/31/2019,10/31/2018,07/31/2018,04/30/2018,01/31/2018,10/31/2017,07/31/2017,04/30/2017,01/31/2017,10/31/2016,07/31/2016,04/30/2016,01/31/2016,10/31/2015,07/31/2015,04/30/2015,01/31/2015,10/31/2014,07/31/2014,04/30/2014,01/31/2014,10/31/2013,07/31/2013,04/30/2013,01/31/2013,10/31/2012,07/31/2012,04/30/2012,01/31/2012,10/31/2011,07/31/2011,04/30/2011,01/31/2011,10/31/2010,07/31/2010,04/30/2010,01/31/2010,10/31/2009,07/31/2009,04/30/2009,01/31/2009,10/31/2008,07/31/2008,04/30/2008,01/31/2008,10/31/2007,07/31/2007,04/30/2007,01/31/2007,10/31/2006,07/31/2006,04/30/2006,01/31/2006,10/31/2005,07/31/2005,04/30/2005,01/31/2005,10/31/2004,07/31/2004,04/30/2004,01/31/2004,10/31/2003,07/31/2003,04/30/2003,01/31/2003,10/31/2002,07/31/2002,04/30/2002,01/31/2002,10/31/2001,07/31/2001,04/30/2001,01/31/2001,10/31/2000,07/31/2000,04/30/2000,01/31/2000,10/31/1999,07/31/1999,04/30/1999,01/31/1999,10/31/1998,07/31/1998,04/30/1998,01/31/1998,10/31/1997,07/31/1997,04/30/1997,01/31/1997,10/31/1996,07/31/1996,04/30/1996,01/31/1996,10/31/1995,07/31/1995,04/30/1995,01/31/1995,10/31/1994,07/31/1994,04/30/1994,01/31/1994,10/31/1993,07/31/1993,04/30/1993,01/31/1993,10/31/1992,07/31/1992,04/30/1992,01/31/1992,10/31/1991,07/31/1991,04/30/1991,01/31/1991,10/31/1990,07/31/1990,04/30/1990,01/31/1990,10/31/1989,07/31/1989,04/30/1989,01/31/1989,10/31/1988,07/31/1988,04/30/1988,01/31/1988,10/31/1987,07/31/1987,04/30/1987,01/31/1987,10/31/1986,07/31/1986,04/30/1986,01/31/1986,10/31/1985
TotalRevenue,"8,444,121,000","2,684,293,000","2,339,568,000","1,758,853,000","1,661,407,000","1,558,458,000","1,526,295,000","1,456,136,000","1,317,060,000","1,303,565,000","1,443,219,000","1,480,143,000","1,526,602,000","1,541,101,000","1,596,586,000","1,572,679,000","1,513,053,000","1,518,624,000","1,541,170,000","1,433,902,000","1,147,982,000","984,449,000","1,003,623,000","869,591,000","778,766,000","769,429,000","978,722,000","863,365,000","821,019,000","771,986,000","814,247,000","727,752,000","694,536,000","628,238,000","678,133,000","674,172,000","659,250,000","622,134,000","694,964,000","683,026,000","675,094,000","648,058,000","716,134,000","757,902,000","790,780,000","728,504,000","769,990,000","720,290,000","668,240,000","602,983,000","571,600,000","491,991,000","474,748,000","476,569,000","660,696,000","658,986,000","649,340,000","613,909,000","505,059,000","680,312,000","669,132,000","691,614,000","644,342,000","663,660,000","643,872,000","621,302,000","622,130,000","582,416,000","603,726,000","580,536,000","632,124,000","717,793,000","678,530,000","605,353,000","557,517,000","520,445,000","501,883,000","467,423,000","455,718,000","445,448,000","413,368,000","392,974,000","423,313,000","479,886,000","601,442,000","772,274,000","805,617,000","700,658,000","580,995,000","490,300,000","431,100,000","378,800,000","340,100,000","300,500,000","271,800,000","294,900,000","333,100,000","330,700,000","332,500,000","318,100,000","300,800,000","292,100,000","304,700,000","305,000,000","303,300,000","280,800,000","257,100,000","246,300,000","230,000,000","208,000,000","203,300,000","197,000,000","192,000,000","181,100,000","179,000,000","173,100,000","162,900,000","151,300,000","148,800,000","144,300,000","142,900,000","131,300,000","132,200,000","130,300,000","142,100,000","133,100,000","138,500,000","120,700,000","116,400,000","109,700,000","110,900,000","113,300,000","115,000,000","114,100,000","115,100,000","113,300,000","109,600,000","101,200,000","99,800,000","95,900,000","93,700,000","81,000,000","85,200,000","87,000,000","83,000,000","79,300,000","78,700,000"
	OperatingRevenue,"8,444,121,000","2,684,293,000","2,339,568,000","1,758,853,000","1,661,407,000","1,558,458,000","1,526,295,000","1,456,136,000","1,317,060,000","1,303,565,000","1,443,219,000","1,480,143,000","1,526,602,000","1,541,101,000","1,596,586,000","1,572,679,000","1,513,053,000","1,518,624,000","1,541,170,000","1,433,902,000","1,147,982,000","984,449,000","1,003,623,000","869,591,000","778,766,000","769,429,000","978,722,000","863,365,000","821,019,000","771,986,000","814,247,000","727,752,000","694,536,000","628,238,000","678,133,000","674,172,000","659,250,000","622,134,000","694,964,000","683,026,000","675,094,000","648,058,000","716,134,000","757,902,000","790,780,000","728,504,000","769,990,000","720,290,000","668,240,000","602,983,000","571,600,000","491,991,000","474,748,000","476,569,000","660,696,000","658,986,000","649,340,000","613,909,000","505,059,000","680,312,000","669,132,000","691,614,000","644,342,000","663,660,000","643,872,000","621,302,000","622,130,000","582,416,000","603,726,000","580,536,000","632,124,000","717,793,000","678,530,000","605,353,000","557,517,000","520,445,000","501,883,000","467,423,000","455,718,000","445,448,000","413,368,000","392,974,000","423,313,000","479,886,000","601,442,000","772,274,000","805,617,000","700,658,000","580,995,000","490,300,000","431,100,000","378,800,000","340,100,000","300,500,000","271,800,000","294,900,000","333,100,000","330,700,000","332,500,000","318,100,000","300,800,000","292,100,000","304,700,000","305,000,000","303,300,000","280,800,000","257,100,000","246,300,000","230,000,000","208,000,000","203,300,000","197,000,000","192,000,000","181,100,000","179,000,000","173,100,000","162,900,000","151,300,000","148,800,000","144,300,000","142,900,000","131,300,000","132,200,000","130,300,000","142,100,000","133,100,000","138,500,000","120,700,000","116,400,000","109,700,000","110,900,000","113,300,000","115,000,000","114,100,000","115,100,000","113,300,000","109,600,000","101,200,000","99,800,000","95,900,000","93,700,000","81,000,000","85,200,000","87,000,000","83,000,000","79,300,000","78,700,000"
CostOfRevenue,"3,562,483,000","1,282,296,000","1,217,748,000","537,669,000","524,770,000","513,087,000","503,211,000","483,558,000","470,386,000","455,423,000","501,028,000","482,332,000","492,510,000","501,445,000","502,932,000","502,033,000","479,241,000","483,434,000","535,145,000","667,278,000","507,539,000","335,945,000","336,936,000","297,301,000","267,863,000","292,136,000","336,926,000","294,328,000","276,197,000","268,379,000","328,210,000","251,462,000","235,793,000","219,120,000","233,263,000","239,110,000","237,055,000","231,850,000","251,682,000","235,152,000","234,639,000","238,668,000","255,620,000","248,262,000","256,566,000","246,331,000","253,761,000","240,088,000","233,725,000","234,507,000","249,746,000","225,762,000","213,196,000","207,567,000","257,039,000","257,192,000","253,319,000","238,106,000","173,085,000","291,727,000","287,494,000","274,594,000","269,770,000","273,550,000","263,201,000","260,515,000","259,455,000","244,178,000","257,327,000","245,008,000","255,832,000","287,271,000","277,008,000","259,888,000","246,605,000","233,846,000","228,423,000","214,286,000","213,084,000","208,182,000","192,537,000","189,177,000","203,432,000","226,008,000","206,427,000","320,020,000","333,730,000","300,519,000","257,184,000","225,100,000","205,900,000","190,500,000","176,400,000","162,800,000","152,000,000","161,500,000","169,400,000","162,700,000","164,300,000","158,800,000","150,500,000","148,600,000","152,100,000","152,300,000","150,400,000","138,200,000","126,600,000","121,200,000","113,700,000","103,100,000","101,400,000","99,900,000","98,500,000","94,600,000","78,300,000","76,600,000","71,400,000","64,700,000","63,300,000","61,600,000","62,300,000","59,500,000","54,600,000","53,700,000","57,900,000","53,500,000","59,200,000","47,900,000","46,400,000","44,000,000","44,500,000","43,600,000","41,800,000",,,,,,,,,,,,,,
GrossProfit,"4,881,638,000","1,401,997,000","1,121,820,000","1,221,184,000","1,136,637,000","1,045,371,000","1,023,084,000","972,578,000","846,674,000","848,142,000","942,191,000","997,811,000","1,034,092,000","1,039,656,000","1,093,654,000","1,070,646,000","1,033,812,000","1,035,190,000","1,006,025,000","766,624,000","640,443,000","648,504,000","666,687,000","572,290,000","510,903,000","477,293,000","641,796,000","569,037,000","544,822,000","503,607,000","486,037,000","476,290,000","458,743,000","409,118,000","444,870,000","435,062,000","422,195,000","390,284,000","443,282,000","447,874,000","440,455,000","409,390,000","460,514,000","509,640,000","534,214,000","482,173,000","516,229,000","480,202,000","434,515,000","368,476,000","321,854,000","266,229,000","261,552,000","269,002,000","403,657,000","401,794,000","396,021,000","375,803,000","331,974,000","388,585,000","381,638,000","417,020,000","374,572,000","390,110,000","380,671,000","360,787,000","362,675,000","338,238,000","346,399,000","335,528,000","376,292,000","430,522,000","401,522,000","345,465,000","310,912,000","286,599,000","273,460,000","253,137,000","242,634,000","237,266,000","220,831,000","203,797,000","219,881,000","253,878,000","395,015,000","452,254,000","471,887,000","400,139,000","323,811,000","265,200,000","225,200,000","188,300,000","163,700,000","137,700,000","119,800,000","133,400,000","163,700,000","168,000,000","168,200,000","159,300,000","150,300,000","143,500,000","152,600,000","152,700,000","152,900,000","142,600,000","130,500,000","125,100,000","116,300,000","104,900,000","101,900,000","97,100,000","93,500,000","86,500,000","100,700,000","96,500,000","91,500,000","86,600,000","85,500,000","82,700,000","80,600,000","71,800,000","77,600,000","76,600,000","84,200,000","79,600,000","79,300,000","72,800,000","70,000,000","65,700,000","66,400,000","69,700,000","73,200,000",,,,,,,,,,,,,,
OperatingExpense,"3,144,794,000","977,512,000","930,170,000","620,476,000","616,636,000","581,073,000","553,361,000","521,624,000","501,334,000","563,578,000","539,042,000","550,158,000","556,235,000","562,048,000","578,440,000","570,538,000","568,747,000","572,524,000","557,815,000","571,803,000","494,608,000","332,773,000","309,706,000","303,583,000","289,840,000","282,248,000","533,166,000","303,768,000","295,814,000","295,673,000","301,471,000","273,744,000","238,343,000","226,824,000","229,231,000","226,720,000","230,813,000","222,724,000","228,003,000","229,567,000","227,529,000","223,423,000","222,983,000","230,799,000","235,728,000","222,767,000","230,489,000","229,057,000","220,440,000","202,879,000","193,482,000","187,284,000","191,724,000","207,674,000","242,920,000","240,604,000","238,836,000","229,890,000","213,784,000","250,941,000","239,731,000","5,253,771,000","240,050,000","235,724,000","229,280,000","228,582,000","239,899,000","203,624,000","212,455,000","210,875,000","218,152,000","207,824,000","213,760,000","199,868,000","189,748,000","186,847,000","184,994,000","179,276,000","201,115,000","201,344,000","206,659,000","177,172,000","198,838,000","218,847,000","216,380,000","217,569,000","203,992,000","180,627,000","161,775,000","147,500,000","150,900,000","121,700,000","111,100,000","98,800,000","82,800,000","120,300,000","100,100,000","110,700,000","103,500,000","98,800,000","94,700,000","90,800,000","95,100,000","94,100,000","94,800,000","89,700,000","83,675,000","82,400,000","78,900,000","74,000,000","72,800,000","70,600,000","68,500,000","65,300,000","81,900,000","79,300,000","76,700,000","74,600,000","75,300,000","74,400,000","73,500,000","71,300,000","79,900,000","74,100,000","73,500,000","72,900,000","94,100,000","65,500,000","63,100,000","58,800,000","59,800,000","59,000,000","59,800,000",,,,,,,,,,,,,,
	SellingGeneralAndAdministration,"1,027,508,000","297,365,000","317,455,000","206,076,000","206,612,000","185,275,000","165,115,000","153,753,000","141,775,000","199,280,000","154,799,000","162,825,000","163,128,000","167,342,000","175,396,000","171,487,000","172,146,000","176,908,000","185,721,000","183,980,000","190,686,000","130,659,000","118,881,000","122,909,000","112,186,000","107,462,000","121,400,000","120,030,000","117,371,000","120,171,000","121,424,000","132,989,000","102,085,000","98,178,000","98,197,000","97,773,000","102,703,000","97,560,000","97,609,000","99,873,000","99,992,000","99,045,000","99,094,000","102,323,000","105,268,000","100,022,000","102,349,000","102,070,000","97,660,000","88,481,000","83,356,000","79,706,000","82,276,000","87,846,000","106,381,000","104,767,000","104,183,000","100,351,000","93,116,000","102,379,000","93,045,000","104,681,000","100,710,000","99,663,000","97,432,000","96,281,000","84,715,000","84,407,000","85,813,000","83,341,000","86,354,000","89,162,000","85,282,000","79,238,000","75,007,000","72,178,000","71,509,000","69,315,000","69,204,000","67,138,000","62,354,000","58,358,000","57,447,000","66,583,000","77,563,000","85,553,000","80,569,000","77,198,000","71,073,000","64,500,000","59,700,000","54,600,000","49,200,000","46,200,000","46,600,000","48,200,000","57,000,000","55,600,000","50,700,000","48,900,000","46,900,000","45,100,000","48,400,000","48,600,000","50,000,000","48,800,000","48,300,000","47,400,000","45,600,000","43,700,000","43,800,000","43,300,000","42,200,000","41,000,000","66,000,000","64,500,000","61,800,000","60,400,000","61,100,000","60,400,000","60,000,000","58,000,000","66,400,000","60,800,000","60,700,000","59,900,000","79,900,000","54,400,000","52,400,000","48,000,000","48,900,000","48,300,000","49,900,000",,,,,,,,,,,,,,
	ResearchAndDevelopment,"1,434,756,000","426,780,000","399,121,000","306,617,000","302,238,000","288,150,000","280,239,000","260,794,000","252,413,000","257,073,000","277,018,000","280,102,000","285,846,000","287,382,000","295,699,000","291,642,000","289,472,000","288,597,000","273,746,000","275,670,000","235,232,000","183,954,000","172,926,000","163,227,000","160,235,000","157,428,000","170,736,000","160,784,000","154,233,000","151,706,000","154,797,000","140,095,000","136,258,000","128,646,000","131,034,000","128,947,000","128,110,000","125,164,000","130,394,000","129,694,000","127,537,000","124,378,000","123,889,000","128,476,000","130,460,000","122,745,000","128,140,000","126,987,000","122,780,000","114,398,000","110,126,000","107,578,000","109,448,000","119,828,000","133,451,000","135,837,000","134,653,000","129,539,000","80,173,000","148,562,000","146,686,000","143,894,000","137,550,000","136,061,000","131,848,000","131,288,000","123,704,000","119,217,000","126,642,000","127,534,000","131,121,000","132,856,000","127,802,000","119,953,000","114,422,000","113,672,000","112,829,000","109,309,000","109,299,000","107,040,000","102,821,000","104,709,000","106,054,000","112,101,000","124,821,000","121,710,000","123,423,000","103,429,000","90,702,000","83,000,000","75,400,000","67,100,000","61,900,000","52,600,000","53,100,000","55,100,000","56,200,000","55,000,000","52,700,000","49,900,000","47,800,000","45,700,000","46,500,000","45,600,000","44,800,000","40,900,000","35,700,000","35,000,000","33,300,000","30,300,000","29,100,000","27,200,000","26,400,000","24,200,000",,,,,,,,,,,,,,,,,,,,,,,,,,,,,,,,,
	DepreciationAmortizationDepletionIncomeStatement,"682,530,000","253,367,000","213,594,000","107,783,000","107,786,000","107,648,000","108,007,000","107,077,000","107,146,000","107,225,000","107,225,000","107,231,000","107,261,000","107,324,000","107,345,000","107,409,000","107,129,000","107,019,000","98,348,000","112,153,000","68,690,000","18,160,000","17,899,000","17,447,000","17,419,000","17,358,000","17,358,000","22,954,000","24,210,000","23,796,000","25,250,000","660,000",,,,,,,,,,,,,,,,,,,,,,,,,,,,,,,,,,,,,,,"677,000","680,000","676,000","677,000","660,000","656,000","656,000","652,000","14,207,000","14,327,000","14,234,000","14,105,000","14,487,000","14,006,000","66,204,000","10,306,000",,,,,,,,,,,,,,,,,,,,,,,,,,,,,"15,900,000","14,800,000","14,900,000","14,200,000","14,200,000","14,000,000","13,500,000","13,300,000","13,500,000","13,300,000","12,800,000","13,000,000","14,200,000","11,100,000","10,700,000","10,800,000","10,900,000","10,700,000","9,900,000",,,,,,,,,,,,,,
		DepreciationAndAmortizationInIncomeStatement,"682,530,000","253,367,000","213,594,000","107,783,000","107,786,000","107,648,000","108,007,000","107,077,000","107,146,000","107,225,000","107,225,000","107,231,000","107,261,000","107,324,000","107,345,000","107,409,000","107,129,000","107,019,000","98,348,000","112,153,000","68,690,000","18,160,000","17,899,000","17,447,000","17,419,000","17,358,000","17,358,000","22,954,000","24,210,000","23,796,000","25,250,000","660,000",,,,,,,,,,,,,,,,,,,,,,,,,,,,,,,,,,,,,,,"677,000","680,000","676,000","677,000","660,000","656,000","656,000","652,000","14,207,000","14,327,000","14,234,000","14,105,000","14,487,000","14,006,000","66,204,000","10,306,000",,,,,,,,,,,,,,,,,,,,,,,,,,,,,"15,900,000","14,800,000","14,900,000","14,200,000","14,200,000","14,000,000","13,500,000","13,300,000","13,500,000","13,300,000","12,800,000","13,000,000","14,200,000","11,100,000","10,700,000","10,800,000","10,900,000","10,700,000","9,900,000",,,,,,,,,,,,,,
			DepreciationIncomeStatement,,,,,,,,,,,,,,,,,,,,,,,,,,,,,,,,,,,,,,,,,,,,,,,,,,,,,,,,,,,,,,,,,,,,,,,,,,,,,,,,,,,,,"52,208,000",,,,,,,,,,,,,,,,,,,,,,,,,,,,,,,,,,,,,,,,,,,,,,,,,,,,,,,,,,,,,,
			Amortization,"682,530,000","253,367,000","213,594,000","107,783,000","107,786,000","107,648,000","108,007,000","107,077,000","107,146,000","107,225,000","107,225,000","107,231,000","107,261,000","107,324,000","107,345,000","107,409,000","107,129,000","107,019,000","98,348,000","112,153,000","68,690,000","18,160,000","17,899,000","17,447,000","17,419,000","17,358,000","17,358,000","22,954,000","24,210,000","23,796,000","25,250,000","660,000",,,,,,,,,,,,,,,,,,,,,,,,,,,,,,,,,,,,,,,"677,000","680,000","676,000","677,000","660,000","656,000","656,000","652,000","14,207,000","14,327,000","14,234,000","14,105,000","14,487,000","14,006,000","13,996,000","10,306,000",,,,,,,,,,,,,,,,,,,,,,,,,,,,,,,,,,,,,,,,,,,,,,,,,,,,,,,,,,,,,
				AmortizationOfIntangiblesIncomeStatement,"682,530,000","253,367,000","213,594,000","107,783,000","107,786,000","107,648,000","108,007,000","107,077,000","107,146,000","107,225,000","107,225,000","107,231,000","107,261,000","107,324,000","107,345,000","107,409,000","107,129,000","107,019,000","98,348,000","112,153,000","68,690,000","18,160,000","17,899,000","17,447,000","17,419,000","17,358,000","17,358,000","22,954,000","24,210,000","23,796,000","25,250,000","660,000",,,,,,,,,,,,,,,,,,,,,,,,,,,,,,,,,,,,,,,"677,000","680,000","676,000","677,000","660,000","656,000","656,000","652,000","14,207,000","14,327,000","14,234,000","14,105,000","14,487,000","14,006,000","13,996,000","10,306,000",,,,,,,,,,,,,,,,,,,,,,,,,,,,,,,,,,,,,,,,,,,,,,,,,,,,,,,,,,,,,
	OtherOperatingExpenses,,,,,,,,,,,,,,,,,,,,,,,,,,,,,,,,,,,,,,,,,,,,,,,,,,,,,,,,,,,,,,"5,005,196,000",,,,"1,013,000",,,,,,"-14,874,000",,,,"341,000",,,"8,405,000","12,839,000","27,250,000",,"20,850,000","26,157,000","-52,208,000",,,,,,"15,800,000",,,,"-16,900,000","17,000,000","-13,100,000","100,000",,,,,"200,000","-100,000",,,"-325,000",,,,,"100,000","-100,000","100,000",,,,,,,,,,,,,,,,,,,,,,,,,,,,,,,,,
OperatingIncome,"1,736,844,000","424,485,000","191,650,000","600,708,000","520,001,000","464,298,000","469,723,000","450,954,000","345,340,000","284,564,000","403,149,000","447,653,000","477,857,000","477,608,000","515,214,000","500,108,000","465,065,000","462,666,000","448,210,000","194,821,000","145,835,000","315,731,000","356,981,000","268,707,000","221,063,000","195,045,000","108,630,000","265,269,000","249,008,000","207,934,000","184,566,000","202,546,000","220,400,000","182,294,000","215,639,000","208,342,000","191,382,000","167,560,000","215,279,000","218,307,000","212,926,000","185,967,000","237,531,000","278,841,000","298,486,000","259,406,000","285,740,000","251,145,000","214,075,000","165,597,000","128,372,000","78,945,000","69,828,000","61,328,000","160,737,000","161,190,000","157,185,000","145,913,000","118,190,000","137,644,000","141,907,000","-4,836,751,000","134,522,000","154,386,000","151,391,000","132,205,000","122,776,000","134,614,000","133,944,000","124,653,000","158,140,000","222,698,000","187,762,000","145,597,000","121,164,000","99,752,000","88,466,000","73,861,000","41,519,000","35,922,000","14,172,000","26,625,000","21,043,000","35,031,000","178,635,000","234,685,000","267,895,000","219,512,000","162,036,000","117,700,000","74,300,000","66,600,000","52,600,000","38,900,000","37,000,000","13,100,000","63,600,000","57,300,000","64,700,000","60,500,000","55,600,000","52,700,000","57,500,000","58,600,000","58,100,000","52,900,000","46,825,000","42,700,000","37,400,000","30,900,000","29,100,000","26,500,000","25,000,000","21,200,000","18,800,000","17,200,000","14,800,000","12,000,000","10,200,000","8,300,000","7,100,000","500,000","-2,300,000","2,500,000","10,700,000","6,700,000","-14,800,000","7,300,000","6,900,000","6,900,000","6,600,000","10,700,000","13,400,000","114,100,000","-268,700,000","113,300,000","109,600,000","101,200,000","-236,200,000","95,900,000","93,700,000","81,000,000","-208,800,000","87,000,000","83,000,000","79,300,000","-197,100,000"
NetNonOperatingInterestIncomeExpense,"-193,081,000","-51,746,000","-54,200,000","-44,359,000","-42,776,000","-42,270,000","-48,066,000","-45,410,000","-48,651,000","-46,873,000","-48,787,000","-57,246,000","-56,773,000","-56,040,000","-56,311,000","-59,077,000","-62,880,000","-65,938,000","-61,129,000","-67,549,000","-59,215,000","-32,614,000","-31,650,000","-12,811,000","-13,212,000","-9,863,000","-4,396,000","-4,526,000","-4,871,000","-4,612,000","-11,115,000","-4,736,000","-3,473,000","-3,287,000","-3,308,000","-4,547,000","-3,313,000","-3,181,000","-2,764,000","-2,953,000","-2,923,000","-3,334,000","-3,896,000","-3,764,000","-1,881,000","-545,000","-283,000","592,000","-543,000","-358,000","-986,000","1,190,000","3,527,000","7,796,000",,,,,,,,,,,,,,,,,,,,,,,,,,,,,,,,,,,,,,,,,,,,,,,,,,,,,,,,,,,,,,,,,,,,,,,,,,,,,,,,,,,,,,,,,,,,,
	InterestIncomeNonOperating,"1,229,000","218,000","421,000","300,000","290,000","209,000","527,000","504,000","1,334,000","1,940,000","1,988,000","2,625,000","2,928,000","2,688,000","2,791,000","2,588,000","1,912,000","2,092,000","2,388,000","5,524,000","12,421,000","10,000,000","7,114,000","5,665,000","5,243,000","3,199,000","2,343,000","2,229,000","2,009,000","2,044,000","2,046,000","3,442,000","3,401,000","3,284,000","3,351,000","3,125,000","3,044,000","3,233,000","3,627,000","3,506,000","3,967,000","3,348,000","2,183,000","2,395,000","2,197,000","2,285,000","2,426,000","3,206,000","2,025,000","2,180,000","1,740,000","2,558,000","3,527,000","7,796,000",,,,,,,,,,,,,,,,,,,,,,,,,,,,,,,,,,,,,,,,,,,,,,,,,,,,,,,,,,,,,,,,,,,,,,,,,,,,,,,,,,,,,,,,,,,,,
	InterestExpenseNonOperating,"194,310,000","51,964,000","54,621,000","44,659,000","43,066,000","42,479,000","48,593,000","45,914,000","49,985,000","48,813,000","50,775,000","59,871,000","59,701,000","58,728,000","59,102,000","61,665,000","64,792,000","68,030,000","63,517,000","73,073,000","71,636,000","42,614,000","38,764,000","18,476,000","18,455,000","13,062,000","6,739,000","6,755,000","6,880,000","6,656,000","13,161,000","8,178,000","6,874,000","6,571,000","6,659,000","7,672,000","6,357,000","6,414,000","6,391,000","6,459,000","6,890,000","6,682,000","6,079,000","6,159,000","4,078,000","2,830,000","2,709,000","2,614,000","2,568,000","2,538,000","2,726,000","1,368,000",,,,,,,,,,,,,,,,,,,,,,,,,,,,,,,,,,,,,,,,,,,,,,,,,,,,,,,,,,,,,,,,,,,,,,,,,,,,,,,,,,,,,,,,,,,,,,,
OtherIncomeExpense,"-328,112,000","-49,184,000","-293,617,000","15,929,000","-1,240,000","14,590,000","-4,347,000","-32,515,000","-1,628,000","-11,474,000","-66,535,000","-849,000","-12,687,000","-21,622,000","-1,381,000","-437,000","-638,000","-57,874,000","-5,417,000","-474,000","94,000","-49,808,000","-1,897,000","504,000","-12,941,000","-3,005,000","443,000","-1,265,000","1,052,000","-2,552,000","-34,753,000","-422,000","441,000","-3,116,000","70,181,000","-8,754,000","-408,000","-14,270,000","9,000","-5,885,000","1,451,000","-2,547,000","-2,635,000","-206,000","151,000","-41,000","2,600,000","-416,000","488,000","-16,972,000","-160,000","-108,000","-19,770,000","-41,166,000","-2,101,000","-664,000","-114,000","-173,000","-25,870,000","-1,272,000","105,000","2,269,000","-16,777,000","-5,935,000","13,351,000","-3,668,000","-30,870,000","-94,000","94,000","-568,000","382,000","-523,000","-57,000","-2,212,000","-9,554,000","-1,103,000","403,000","-118,000","-7,888,000","-12,818,000","-27,202,000","1,091,000","49,207,000","-25,945,000","1,173,000","18,616,000","-1,732,000","44,020,000","12,324,000","9,400,000","-19,000,000","10,500,000","1,400,000","-1,100,000","-5,800,000","-20,600,000","12,100,000","-800,000","-400,000","-400,000","-500,000",,"-600,000","200,000","-400,000","-800,000","-200,000","-600,000","-700,000","-700,000","-4,000,000","900,000","100,000",,,,,"-1,700,000","-300,000","-200,000","-400,000","-300,000","-300,000","-1,100,000","-1,200,000","-600,000","-10,400,000","-500,000","-800,000","-4,900,000","-4,100,000","-1,100,000","-200,000",,,,,,,,,,,,,,
	EarningsFromEquityInterest,,,,,,,,,,,,,,,,,,,,,,,,,,,,,,,,,,,,,,,,,,,,,,,,,,,,,,,,,,,,,,,,,,,,,,,,,,,,,,,,,,,,,,,,,,,"-2,200,000",,,"-1,100,000","-2,700,000","-3,600,000",,,,,,,,,,,,,,,,,,,,,,,,,,,,,,,,,,,,,,,,,,,,,,,,,,,
	SpecialIncomeCharges,"-358,896,000","-59,728,000","-307,795,000","8,938,000","-311,000","-438,000","-8,051,000","-31,830,000","-1,320,000","-11,136,000","-64,788,000","-927,000","-8,162,000","-21,782,000","-1,842,000","-1,069,000","-1,089,000","-57,318,000","0","0","0","-49,463,000","0","0","-13,684,000",,"0","0","0","0","-34,637,000","0","0","-2,685,000","-15,777,000","0","0","-14,071,000","9,000","-5,885,000","1,451,000","-2,547,000","-2,635,000","-206,000","151,000","-41,000","2,600,000","-416,000","488,000","-16,972,000","-160,000","-108,000","-19,770,000","-41,166,000","-2,101,000","-664,000","-114,000","-173,000","-25,870,000","-1,272,000","105,000","2,269,000","-16,777,000","-5,935,000","13,351,000","-3,668,000","-30,870,000","-94,000","94,000","-568,000","382,000","-523,000","-57,000","-2,212,000","-9,554,000","-1,103,000","403,000","-118,000","-7,888,000","-12,818,000","-27,202,000","1,091,000","49,207,000","-25,945,000","1,173,000","18,616,000","-1,732,000","44,020,000","12,324,000","9,400,000","-16,800,000","10,500,000","1,400,000",,"-3,100,000","-17,000,000","12,100,000","-800,000","-400,000","-400,000","-500,000",,"-600,000","200,000","-400,000","-800,000","-200,000","-600,000","-700,000","-700,000","-4,000,000","900,000","100,000",,,,,"-1,700,000","-300,000","-200,000","-400,000","-300,000","-300,000","-1,100,000","-1,200,000","-600,000","-10,400,000","-500,000","-800,000","-4,900,000","-4,100,000","-1,100,000","-200,000",,,,,,,,,,,,,,
		RestructuringAndMergernAcquisition,"60,351,000","59,728,000","9,250,000","-8,938,000","311,000","438,000","8,051,000","31,830,000","1,320,000","11,136,000","64,788,000","927,000","8,162,000","1,127,000","17,959,000","1,069,000","1,089,000","57,318,000","0","0","0","49,463,000","0","0","13,684,000",,"0","0","0","0","35,647,000","0","0","2,685,000","15,777,000","0","0","14,071,000",,,,,,,,,,,,,,,,,,,,,,,"10,116,000",,,,,,,,,,,,,,,,,,,,,,,,,,,,,,,,,,,,,,,,,,,,,,,,,,,,,,,,,,,,,,,,,,,,,,,,,,,,,,,,,,,,,,
		OtherSpecialCharges,,,"215,150,000",,,,,,,,,,,"20,655,000",,"1,069,000",,,,,,,,,,,,,,,,,,,,,,,,,,,,,,,,,,,,,,,,,,,,,"-10,221,000",,,,,,,,,,,,,,,,,,,,,,,,,,,,,,,,,,,,,,,,,,,,,,,,,,,,,,,,,,,,,,,,,,,,,,,,,,,,,,,,,,,,,,
	OtherNonOperatingIncomeExpenses,"30,784,000","10,544,000","14,178,000","6,991,000","-929,000","15,028,000","3,704,000","-685,000","-308,000","-338,000","-1,747,000","78,000","-4,525,000","160,000","461,000","632,000","451,000","-556,000","-5,417,000","-474,000","94,000","-345,000","-1,897,000","504,000","743,000","-3,005,000","443,000","-1,265,000","1,052,000","-2,552,000","-116,000","-422,000","441,000","-431,000","85,958,000","-8,754,000","-408,000","-199,000",,,,,,,,,,,,,,,,,,,,,,,,,,,,,,,,,,,,,,,,,,,,,,,,,,,,,,,,,,,,,,,,,,,,,,,,,,,,,,,,,,,,,,,,,,,,,,,,,,,,,,,,,,,,,
PretaxIncome,"1,215,651,000","323,555,000","-156,167,000","572,278,000","475,985,000","436,618,000","417,310,000","373,029,000","295,061,000","226,217,000","287,827,000","389,558,000","408,397,000","399,946,000","457,522,000","440,594,000","401,547,000","338,854,000","381,664,000","126,798,000","86,714,000","233,309,000","323,434,000","256,400,000","194,910,000","182,177,000","104,677,000","259,478,000","245,189,000","200,770,000","138,698,000","197,388,000","217,368,000","175,891,000","282,512,000","195,041,000","187,661,000","150,109,000","212,524,000","209,469,000","211,454,000","180,086,000","231,000,000","274,871,000","296,756,000","258,820,000","288,057,000","251,321,000","214,020,000","148,267,000","127,226,000","80,027,000","62,233,000","27,958,000","171,365,000","168,731,000","167,740,000","158,266,000","146,393,000","154,093,000","162,883,000","195,551,000","143,819,000","175,163,000","190,616,000","152,797,000","144,666,000","153,676,000","150,712,000","138,636,000","171,217,000","216,731,000","194,994,000","149,794,000","112,279,000","101,226,000","91,418,000","76,913,000","46,360,000","39,662,000","20,036,000","34,292,000","32,707,000","49,685,000","147,172,000","277,680,000","285,345,000","278,941,000","174,360,000","127,100,000","97,600,000","71,800,000","50,700,000","37,400,000","137,270,000","10,300,000","63,800,000","58,200,000","66,200,000","61,300,000","56,200,000","52,200,000","57,900,000","59,200,000","59,500,000","54,200,000","47,600,000","42,900,000","37,800,000","31,100,000","28,500,000","25,700,000","23,200,000","19,400,000","17,200,000","15,300,000","13,100,000","10,100,000","8,400,000","6,700,000","5,200,000","-1,300,000","-4,500,000",,"8,300,000","4,900,000","-28,400,000","6,800,000","6,100,000","2,000,000","600,000","9,600,000","13,200,000",,,,,,,,,,,,,,
TaxProvision,"-66,329,000","43,478,000","-231,854,000","68,967,000","53,080,000","48,099,000","30,784,000","10,364,000","27,365,000","22,343,000","10,133,000","27,184,000","40,460,000","44,940,000","24,557,000","26,130,000","21,716,000","70,682,000","34,014,000","57,882,000","-6,850,000","16,180,000","27,277,000","25,970,000","24,337,000","17,673,000","8,372,000","43,000,000","39,851,000","22,013,000","30,003,000","16,782,000","29,935,000","23,305,000","80,958,000","18,802,000","23,189,000","18,887,000","33,337,000","39,701,000","48,555,000","40,704,000","47,473,000","54,936,000","54,930,000","43,214,000","63,063,000","51,830,000","46,880,000","28,667,000","21,617,000","14,567,000","10,479,000","3,373,000","27,123,000","39,536,000","37,848,000","36,418,000","44,716,000","33,658,000","37,527,000","42,543,000","6,148,000","30,478,000","44,795,000","32,240,000","76,325,000","32,272,000","33,113,000","31,193,000","38,951,000","47,681,000","42,411,000","32,955,000","24,252,000","22,270,000","20,112,000","16,921,000","11,590,000","8,249,000","5,610,000","9,602,000","8,506,000","10,382,000","44,676,000","87,303,000","85,473,000","86,740,000","52,308,000","34,100,000","24,400,000","17,200,000","11,600,000","7,500,000","200,000","1,600,000","15,400,000","13,900,000","15,300,000","15,300,000","14,100,000","13,000,000","13,900,000","15,400,000","15,500,000","14,100,000","12,500,000","11,100,000","9,100,000","7,500,000","6,800,000","6,000,000","5,300,000","4,200,000","3,100,000","3,100,000","2,900,000","2,000,000","1,400,000","1,700,000","1,300,000","-300,000","-1,800,000",,"1,700,000","1,200,000","-4,800,000","1,600,000","1,400,000","1,200,000","100,000","1,900,000","3,000,000",,,,,,,,,,,,,,
NetIncomeCommonStockholders,"1,281,980,000","280,077,000","75,687,000","503,311,000","422,905,000","388,519,000","386,526,000","362,665,000","267,696,000","203,874,000","277,215,000","361,562,000","367,029,000","353,969,000","431,495,000","412,938,000","378,299,000","266,929,000","345,407,000","68,916,000","93,564,000","217,129,000","296,157,000","230,430,000","170,573,000","164,504,000","96,305,000","216,478,000","205,338,000","178,757,000","108,695,000","180,606,000","187,433,000","152,586,000","201,554,000","176,239,000","164,472,000","131,222,000","179,187,000","169,768,000","162,899,000","139,382,000","183,527,000","219,935,000","241,826,000","222,106,000","224,994,000","199,491,000","167,140,000","120,459,000","105,609,000","65,460,000","51,754,000","24,949,000","143,871,000","138,608,000","133,086,000","370,719,000","97,889,000","120,435,000","125,356,000","153,227,000","138,419,000","144,685,000","145,821,000","120,557,000","68,341,000","121,404,000","117,599,000","107,443,000","132,266,000","169,050,000","152,583,000","116,839,000","88,027,000","78,956,000","71,306,000","59,992,000","34,770,000","31,413,000","14,426,000","24,690,000","24,201,000","39,303,000","102,496,000","190,377,000","199,872,000","192,201,000","122,052,000","93,000,000","73,200,000","54,600,000","39,100,000","29,900,000","-19,100,000","8,800,000","48,400,000","44,300,000","50,900,000","46,000,000","42,100,000","39,200,000","44,000,000","43,800,000","44,000,000","40,100,000","35,200,000","31,800,000","28,700,000","23,600,000","21,700,000","19,700,000","17,900,000","15,300,000","14,100,000","12,200,000","10,200,000","8,100,000","7,000,000","5,000,000","3,900,000","-1,000,000","-2,700,000","600,000","6,600,000","3,700,000","-23,600,000","5,200,000","4,700,000","800,000","500,000","7,700,000","10,200,000",,,,,,,,,,,,,,
	NetIncome,"1,281,980,000","280,077,000","75,687,000","503,311,000","422,905,000","388,519,000","386,526,000","362,665,000","267,696,000","203,874,000","277,694,000","362,374,000","367,937,000","355,006,000","432,965,000","414,464,000","379,831,000","268,172,000","347,650,000","68,916,000","93,564,000","217,129,000","296,157,000","230,430,000","170,573,000","164,504,000","96,305,000","216,478,000","205,338,000","178,757,000","108,695,000","180,606,000","187,433,000","152,586,000","201,554,000","176,239,000","164,472,000","131,222,000","179,187,000","169,768,000","162,899,000","139,382,000","183,527,000","219,935,000","241,826,000","222,106,000","224,994,000","199,491,000","167,140,000","120,459,000","105,609,000","65,460,000","51,754,000","24,949,000","143,871,000","138,608,000","133,086,000","370,719,000","97,889,000","120,435,000","125,356,000","153,227,000","138,419,000","144,685,000","145,821,000","120,557,000","68,341,000","121,404,000","117,599,000","107,443,000","132,266,000","169,050,000","152,583,000","116,839,000","88,027,000","78,956,000","71,306,000","59,992,000","34,770,000","31,413,000","14,426,000","24,690,000","24,201,000","39,303,000","102,496,000","190,377,000","199,872,000","192,201,000","122,052,000","93,000,000","73,200,000","54,600,000","39,100,000","29,900,000","-19,100,000","8,800,000","48,400,000","44,300,000","50,900,000","46,000,000","42,100,000","39,200,000","44,000,000","43,800,000","44,000,000","40,100,000","35,200,000","31,800,000","28,700,000","23,600,000","21,700,000","19,700,000","17,900,000","15,300,000","14,100,000","12,200,000","10,200,000","8,100,000","7,000,000","5,000,000","3,900,000","-1,000,000","-2,700,000","600,000","6,600,000","3,700,000","-23,600,000","5,200,000","4,700,000","800,000","500,000","7,700,000","10,200,000",,,,,,,,,,,,,,
		NetIncomeIncludingNoncontrollingInterests,"1,281,980,000","280,077,000","75,687,000","503,311,000","422,905,000","388,519,000","386,526,000","362,665,000","267,696,000","203,874,000","277,694,000","362,374,000","367,937,000","355,006,000","432,965,000","414,464,000","379,831,000","268,172,000","347,650,000","68,916,000","93,564,000","217,129,000","296,157,000","230,430,000","170,573,000","164,504,000","96,305,000","216,478,000","205,338,000","178,757,000","108,695,000","180,606,000","187,433,000","152,586,000","201,554,000","176,239,000","164,472,000","131,222,000","179,187,000","169,768,000","162,899,000","139,382,000","183,527,000","219,935,000","241,826,000","222,106,000","224,994,000","199,491,000","167,140,000","120,459,000","105,609,000","65,460,000","51,754,000","24,949,000","143,871,000","138,608,000","133,086,000","370,719,000","97,889,000","120,435,000","125,356,000","153,008,000","137,671,000","144,685,000","145,821,000","120,557,000","68,341,000","121,404,000","117,599,000","107,443,000","132,266,000","169,050,000","152,583,000","116,839,000","88,027,000","78,956,000","71,306,000","59,992,000","34,770,000","31,413,000","14,426,000","24,690,000","24,201,000","39,303,000","102,496,000","190,377,000","199,872,000","192,201,000","122,052,000","93,000,000","73,200,000","54,600,000","39,100,000","29,900,000","-19,100,000","8,800,000","48,400,000","44,300,000","50,900,000","46,000,000","42,100,000","39,200,000","44,000,000","43,800,000","44,000,000","40,100,000","35,200,000","31,800,000","28,700,000","23,600,000","21,700,000","19,700,000","17,900,000","15,300,000","14,100,000","12,200,000","10,200,000","8,100,000","7,000,000","5,000,000","3,900,000","-1,000,000","-2,700,000","600,000","6,600,000","3,700,000","-23,600,000","5,200,000","4,700,000","800,000","500,000","7,700,000","10,200,000","9,500,000","11,200,000","10,900,000","9,500,000","6,400,000","6,100,000","5,000,000","4,700,000","2,800,000","5,100,000","6,400,000","6,000,000","6,000,000","5,700,000"
			NetIncomeContinuousOperations,"1,281,980,000","280,077,000","75,687,000","503,311,000","422,905,000","388,519,000","386,526,000","362,665,000","267,696,000","203,874,000","277,694,000","362,374,000","367,937,000","355,006,000","432,965,000","414,464,000","379,831,000","268,172,000","347,650,000","68,916,000","93,564,000","217,129,000","296,157,000","230,430,000","170,573,000","164,504,000","96,305,000","216,478,000","205,338,000","178,757,000","108,695,000","180,606,000","187,433,000","152,586,000","201,554,000","176,239,000","164,472,000","131,222,000","179,187,000","169,768,000","162,899,000","139,382,000","183,527,000","219,935,000","241,826,000","215,606,000","224,994,000","199,491,000","167,140,000","119,600,000","105,609,000","65,460,000","51,754,000","24,585,000","144,242,000","129,195,000","129,892,000","121,848,000","101,677,000","120,435,000","125,356,000","153,227,000","138,419,000","144,685,000","145,821,000","120,557,000","68,341,000","121,404,000","117,599,000","107,443,000","132,266,000","169,050,000","152,583,000","116,839,000","88,027,000","78,956,000","71,306,000","59,992,000","34,770,000","31,413,000","14,426,000","24,690,000","24,201,000","39,303,000","102,496,000","190,377,000","199,872,000","192,201,000","122,052,000","93,000,000","73,200,000","54,600,000","39,100,000","29,900,000","18,000,000","8,800,000","48,400,000","44,300,000","50,900,000","46,000,000","42,100,000","39,200,000","44,000,000","43,800,000","44,000,000","40,100,000","35,200,000","31,800,000","28,700,000","23,600,000","21,700,000","19,700,000","17,900,000","15,300,000","14,100,000","12,200,000","10,200,000","8,100,000","7,000,000","5,000,000","3,900,000","-1,000,000","-2,700,000","600,000","6,600,000","3,700,000","-23,600,000","5,200,000","4,700,000","800,000","500,000","7,700,000","10,200,000","9,500,000","11,200,000","10,900,000","9,500,000","6,400,000","6,100,000","5,000,000","4,700,000","2,800,000","5,100,000","6,400,000","6,000,000","6,000,000","5,700,000"
			NetIncomeDiscontinuousOperations,,,,,,,,,,,,,,,,,,,,,,,,,,,,,,,,,,,,,,,"0","0","0","0","0","0","0","6,500,000","0","0",,"859,000","0","0","0","364,000","-371,000","9,413,000","3,194,000","248,871,000",,,,,,,,,,,,,,,,,,,,,,,,,,,,,,,,,,,,,,,,,,,,,,,,,,,,,,,,,,,,,,,,,,,,,,,,,,,,,,,,,,,,,,,,,
		MinorityInterests,,,,,,,,,,,,,,,,,,,,,,,,,,,,,,,,,,,,,,,,,,,,,,,,,,,,,,,,,,,"0",,,"219,000",,,,,,,,,,,,,,,,,,,,,,,,,,,,,,,,,,,,,,,,,,,,,,,,,,,,,,,,,,,,,,,,,,,,,,,,,,,,,,,,,,,,,
	OtherunderPreferredStockDividend,,,,,,,,,"0",,"479,000","812,000","908,000","1,037,000","1,470,000","1,526,000","1,532,000","1,243,000",,,,,,,,,,,,,,,,,,,,,,,,,,,,,,,,,,,,,,,,,,,,,,,,,,,,,,,,,,,,,,,,,,,,,,,,,,,,,,,,,,,,,,,,,,,,,,,,,,,,,,,,,,,,,,,,,,,,,,,,,,,,,,,,,
DilutedNIAvailtoComStockholders,"1,281,980,000","280,077,000","75,687,000","503,311,000","422,905,000","388,519,000","386,526,000","362,665,000","267,696,000","203,874,000","277,215,000","361,562,000","367,029,000","353,969,000","431,495,000","412,938,000","378,299,000","266,929,000","345,407,000","68,916,000","93,564,000","217,129,000","296,157,000","230,430,000","170,573,000","164,504,000","96,305,000","216,478,000","205,338,000","178,757,000","108,695,000","180,606,000","187,433,000","152,586,000","201,554,000","176,239,000","164,472,000","131,222,000","179,187,000","169,768,000","162,899,000","139,382,000","183,527,000","219,935,000","241,826,000","222,106,000","224,994,000","199,491,000","167,140,000","120,459,000","105,609,000","65,460,000","51,754,000","24,949,000","143,871,000","138,608,000","133,086,000","370,719,000","97,889,000","120,435,000","125,356,000","153,227,000","138,419,000","144,685,000","145,821,000","120,557,000","68,341,000","121,404,000","117,599,000","107,443,000","132,266,000","169,050,000","152,583,000","116,839,000","88,027,000","78,956,000","71,306,000","59,992,000","34,770,000","31,413,000","14,426,000","24,690,000","24,201,000","39,303,000","102,496,000","190,377,000","199,872,000","192,201,000","122,052,000","93,000,000","73,200,000","54,600,000","39,100,000","29,900,000","-19,100,000","8,800,000","48,400,000","44,300,000","50,900,000","46,000,000","42,100,000","39,200,000","44,000,000","43,800,000","44,000,000","40,100,000","35,200,000","31,800,000","28,700,000","23,600,000","21,700,000","19,700,000","17,900,000","15,300,000","14,100,000","12,200,000","10,200,000","8,100,000","7,000,000","5,000,000","3,900,000","-1,000,000","-2,700,000","600,000","6,600,000","3,700,000","-23,600,000","5,200,000","4,700,000","800,000","500,000","7,700,000","10,200,000",,,,,,,,,,,,,,
BasicEPS,,"0.53","0.16","1.37","1.15","1.05","1.05","0.98","0.73","0.55","0.75","0.98","0.99","0.96",,"1.11","1.02","0.72",,"0.18","0.27","0.7",,"0.75","0.55","0.53",,"0.69","0.66","0.57",,"0.57","0.6","0.49",,"0.57","0.53","0.43",,"0.57","0.55","0.47",,"0.73","0.81","0.74",,"0.67","0.56","0.41",,"0.22","0.18","0.09",,"0.48","0.46","0.41",,"0.38","0.38","0.45",,"0.4","0.4","0.33",,"0.33","0.32","0.29",,"0.45","0.41","0.31",,"0.22","0.2","0.17",,"0.09","0.04","0.07",,"0.11","0.29","0.53",,"0.54","0.35","0.27",,"0.16","0.12","0.1",,"0.03","0.14","0.01",,"0.14","0.13","0.11",,"0.13","0.13","0.13",,"0.1","0.09","0.08",,"0.07","0.06","0.05",,"0.04","0.04","0.03",,"0.02","0.01","-0.01",,"0.01","0.03","0.01",,"0.02","0.02","0.01",,"0.03","0.04","0.04",,"0.04","0.04","0.03",,"0.02","0.02","0.01",,"0.03","0.03","0.03",
DilutedEPS,,"0.53","0.16","1.35","1.14","1.04","1.04","0.97","0.72","0.55","0.74","0.97","0.98","0.95",,"1.1","1.01","0.71",,"0.18","0.27","0.69",,"0.74","0.55","0.52",,"0.68","0.65","0.57",,"0.57","0.59","0.48",,"0.56","0.52","0.42",,"0.56","0.53","0.46",,"0.71","0.78","0.72",,"0.65","0.55","0.4",,"0.22","0.18","0.09",,"0.47","0.45","0.4",,"0.37","0.37","0.44",,"0.39","0.39","0.32",,"0.32","0.31","0.28",,"0.43","0.39","0.3",,"0.21","0.19","0.16",,"0.08","0.04","0.06",,"0.1","0.27","0.5",,"0.5","0.32","0.25",,"0.15","0.11","0.09",,"0.03","0.13","0.01",,"0.13","0.12","0.1",,"0.13","0.13","0.13",,"0.1","0.09","0.08",,"0.07","0.06","0.05",,"0.04","0.04","0.03",,"0.02","0.01","-0.01",,"0.01","0.03","0.01",,"0.02","0.02","0.01",,"0.03","0.04","0.04",,"0.04","0.04","0.03",,"0.02","0.02","0.01",,"0.03","0.03","0.03",
BasicAverageShares,,"525,291,000","483,345,000","368,476,000","368,823,000","369,203,000","369,284,000","368,791,000","368,217,000","368,241,000","369,051,000","369,533,000","369,246,000","368,703,000",,"371,315,000","370,384,000","369,093,000",,"367,315,000","341,316,000","308,786,000",,"307,135,000","308,790,000","311,166,000",,"313,877,000","312,660,000","311,274,000",,"314,190,000","313,488,000","312,286,000",,"309,117,000","307,444,000","303,484,000",,"298,445,000","298,130,000","297,788,000",,"299,616,000","299,923,000","299,218,000",,"298,027,000","297,825,000","295,611,000",,"291,387,000","291,227,000","291,187,000",,"290,376,000","290,389,000","299,141,000",,"318,465,000","329,988,000","338,698,000",,"357,887,000","364,225,000","366,135,000",,"370,985,000","370,674,000","375,561,000",,"377,144,000","374,864,000","372,052,000",,"366,025,000","364,267,000","363,138,000",,"365,065,000","364,545,000","363,147,000",,"359,535,000","358,739,000","357,070,000",,"355,018,000","352,706,000","349,352,000",,"345,420,000","334,024,000","319,144,000",,"324,902,000","324,248,000","322,046,000",,"355,546,000","353,442,000","469,200,000",,"345,850,000","345,160,000","496,491,000",,"319,244,000","472,998,000","470,115,000",,"137,752,000","307,977,000","305,514,000",,"305,000,000","255,000,000","270,000,000",,"250,000,000","284,554,000","283,170,000",,"257,500,000","220,000,000","280,056,000",,"260,000,000","235,000,000","284,270,000",,"256,666,667","255,000,000","274,410,000",,"269,688,000","269,688,000","263,254,000",,"263,254,000","263,254,000","263,254,000",,"255,414,000","255,414,000","256,042,000",
DilutedAverageShares,,"530,142,000","487,781,000","371,849,000","372,418,000","373,106,000","372,322,000","372,003,000","371,305,000","372,264,000","372,584,000","373,077,000","373,342,000","372,506,000",,"375,815,000","374,778,000","374,189,000",,"371,159,000","345,654,000","313,076,000",,"310,558,000","312,250,000","314,793,000",,"318,187,000","317,047,000","315,684,000",,"318,876,000","318,347,000","318,017,000",,"315,307,000","313,368,000","310,275,000",,"305,359,000","305,921,000","305,531,000",,"308,744,000","309,619,000","308,848,000",,"306,168,000","305,836,000","304,871,000",,"293,084,000","292,446,000","291,248,000",,"295,001,000","295,360,000","304,260,000",,"327,331,000","338,840,000","349,208,000",,"369,542,000","376,811,000","380,337,000",,"382,830,000","382,337,000","388,107,000",,"394,203,000","395,052,000","392,904,000",,"384,166,000","379,163,000","378,197,000",,"380,770,000","383,455,000","383,471,000",,"381,903,000","380,777,000","383,392,000",,"383,544,000","382,321,000","374,458,000",,"366,960,000","361,396,000","353,714,000",,"357,092,000","358,854,000","356,292,000",,"355,546,000","353,442,000","469,200,000",,"345,850,000","345,160,000","496,491,000",,"319,244,000","472,998,000","470,115,000",,"137,752,000","307,977,000","305,514,000",,"305,000,000","255,000,000","270,000,000",,"250,000,000","284,554,000","283,170,000",,"257,500,000","220,000,000","280,056,000",,"260,000,000","235,000,000","284,270,000",,"256,666,667","255,000,000","274,410,000",,"269,688,000","269,688,000","263,254,000",,"263,254,000","263,254,000","263,254,000",,"255,414,000","255,414,000","256,042,000",
TotalOperatingIncomeAsReported,"1,593,098,000","364,757,000","99,005,000","609,646,000","519,690,000","463,860,000","461,672,000","419,124,000","344,020,000","273,428,000","338,361,000","446,726,000","469,695,000","455,826,000","513,372,000","499,039,000","463,976,000","405,348,000","448,210,000","194,821,000","145,835,000","266,268,000","356,981,000","268,707,000","207,379,000","195,045,000","108,630,000","265,269,000","249,008,000","207,934,000","149,929,000","202,546,000","220,400,000","179,609,000","199,862,000","208,342,000","191,382,000","153,489,000","215,279,000","212,471,000","212,926,000","183,372,000","235,292,000","278,841,000","298,486,000","259,406,000","285,740,000","251,145,000","214,075,000","149,114,000","128,372,000","78,945,000","57,909,000","19,591,000","160,737,000","161,190,000","157,185,000","145,913,000","133,502,000","137,644,000","131,791,000","163,249,000","119,324,000","148,886,000","151,391,000","132,205,000","122,776,000","134,614,000","133,944,000","124,653,000","158,140,000","222,698,000","187,762,000","145,597,000","111,630,000","99,752,000","88,466,000","73,861,000","41,519,000","35,922,000","14,172,000","26,625,000","21,043,000","35,031,000","126,427,000","225,185,000","267,895,000","219,512,000","162,036,000","117,700,000","90,000,000","66,600,000","47,400,000","38,900,000","20,100,000","13,100,000","63,600,000","57,400,000","64,700,000","60,500,000","55,600,000","52,600,000","57,500,000","58,600,000","58,100,000","52,900,000","46,600,000","42,700,000","37,500,000","30,900,000","29,000,000","26,600,000","25,000,000","21,200,000","18,800,000","17,200,000","14,800,000","12,000,000","10,200,000","8,300,000","7,100,000","500,000","-2,300,000","2,500,000","10,700,000","6,700,000","-14,800,000","7,300,000","6,900,000","6,900,000","6,600,000","10,700,000","13,400,000",,,,,,,,,,,,,,
TotalExpenses,"6,707,277,000","2,259,808,000","2,147,918,000","1,158,145,000","1,141,406,000","1,094,160,000","1,056,572,000","1,005,182,000","971,720,000","1,019,001,000","1,040,070,000","1,032,490,000","1,048,745,000","1,063,493,000","1,081,372,000","1,072,571,000","1,047,988,000","1,055,958,000","1,092,960,000","1,239,081,000","1,002,147,000","668,718,000","646,642,000","600,884,000","557,703,000","574,384,000","870,092,000","598,096,000","572,011,000","564,052,000","629,681,000","525,206,000","474,136,000","445,944,000","462,494,000","465,830,000","467,868,000","454,574,000","479,685,000","464,719,000","462,168,000","462,091,000","478,603,000","479,061,000","492,294,000","469,098,000","484,250,000","469,145,000","454,165,000","437,386,000","443,228,000","413,046,000","404,920,000","415,241,000","499,959,000","497,796,000","492,155,000","467,996,000","386,869,000","542,668,000","527,225,000","5,528,365,000","509,820,000","509,274,000","492,481,000","489,097,000","499,354,000","447,802,000","469,782,000","455,883,000","473,984,000","495,095,000","490,768,000","459,756,000","436,353,000","420,693,000","413,417,000","393,562,000","414,199,000","409,526,000","399,196,000","366,349,000","402,270,000","444,855,000","422,807,000","537,589,000","537,722,000","481,146,000","418,959,000","372,600,000","356,800,000","312,200,000","287,500,000","261,600,000","234,800,000","281,800,000","269,500,000","273,400,000","267,800,000","257,600,000","245,200,000","239,400,000","247,200,000","246,400,000","245,200,000","227,900,000","210,275,000","203,600,000","192,600,000","177,100,000","174,200,000","170,500,000","167,000,000","159,900,000","160,200,000","155,900,000","148,100,000","139,300,000","138,600,000","136,000,000","135,800,000","130,800,000","134,500,000","127,800,000","131,400,000","126,400,000","153,300,000","113,400,000","109,500,000","102,800,000","104,300,000","102,600,000","101,600,000",,,,,,,,,,,,,,
NetIncomeFromContinuingAndDiscontinuedOperation,"1,281,980,000","280,077,000","75,687,000","503,311,000","422,905,000","388,519,000","386,526,000","362,665,000","267,696,000","203,874,000","277,694,000","362,374,000","367,937,000","355,006,000","432,965,000","414,464,000","379,831,000","268,172,000","347,650,000","68,916,000","93,564,000","217,129,000","296,157,000","230,430,000","170,573,000","164,504,000","96,305,000","216,478,000","205,338,000","178,757,000","108,695,000","180,606,000","187,433,000","152,586,000","201,554,000","176,239,000","164,472,000","131,222,000","179,187,000","169,768,000","162,899,000","139,382,000","183,527,000","219,935,000","241,826,000","222,106,000","224,994,000","199,491,000","167,140,000","120,459,000","105,609,000","65,460,000","51,754,000","24,949,000","143,871,000","138,608,000","133,086,000","370,719,000","97,889,000","120,435,000","125,356,000","153,227,000","138,419,000","144,685,000","145,821,000","120,557,000","68,341,000","121,404,000","117,599,000","107,443,000","132,266,000","169,050,000","152,583,000","116,839,000","88,027,000","78,956,000","71,306,000","59,992,000","34,770,000","31,413,000","14,426,000","24,690,000","24,201,000","39,303,000","102,496,000","190,377,000","199,872,000","192,201,000","122,052,000","93,000,000","73,200,000","54,600,000","39,100,000","29,900,000","18,000,000","8,800,000","48,400,000","44,300,000","50,900,000","46,000,000","42,100,000","39,200,000","44,000,000","43,800,000","44,000,000","40,100,000","35,200,000","31,800,000","28,700,000","23,600,000","21,700,000","19,700,000","17,900,000","15,300,000","14,100,000","12,200,000","10,200,000","8,100,000","7,000,000","5,000,000","3,900,000","-1,000,000","-2,700,000","600,000","6,600,000","3,700,000","-23,600,000","5,200,000","4,700,000","800,000","500,000","7,700,000","10,200,000",,,,,,,,,,,,,,
NormalizedIncome,"1,497,317,600","331,801,448","300,377,350","495,454,498","423,181,168","388,908,820","393,983,096.226","393,603,760","268,893,240","213,907,536","340,201,127.101","363,236,110","375,290,962","374,348,416","434,708,132.636","415,469,929","380,861,194","313,510,538","347,650,000","68,916,000","93,564,000","263,179,053","296,157,000","230,430,000","182,546,500","164,504,000","96,305,000","216,478,000","205,338,000","178,757,000","135,839,361.959","180,606,000","187,433,000","154,916,580","212,809,866.859","176,239,000","164,472,000","143,520,054","179,179,411.761","174,537,606.386","161,781,185.019","141,353,313.45","185,620,478.983","220,099,828.629","241,702,950.336","215,640,154.416","222,963,206.095","199,821,208.204","166,758,893.935","133,290,512.386","105,741,814.362","65,548,341.185","68,195,061.495","60,784,517.491","146,010,461.716","129,703,415.644","129,980,277.62","121,981,191.614","119,644,962.881","121,429,161.448","125,275,191.199","151,451,631.16","154,478,813.842","149,587,322.266","135,607,501.81","123,451,056.009","86,863,000","121,478,259.976","117,525,652.781","107,883,200.41","131,970,903.065","169,457,939.566","152,627,602.557","118,564,355.275","95,517,358.464","79,816,336.949","70,991,660.176","60,084,039.785","40,686,000","41,565,080.934","34,011,548.612","23,904,487.636","-12,208,900.235","59,826,625.541","101,679,079.608","177,613,897.753","201,085,192.115","161,869,539.153","113,425,200","86,121,951.22","85,800,000","46,615,320.334","38,020,315.582","29,900,000","21,095,483.354","23,159,223.301","39,220,689.655","44,908,934.708","51,207,552.87","46,300,163.132","42,474,555.16","39,200,000","44,455,958.549","43,652,027.027","44,295,798.319","40,691,881.919","35,347,478.992","32,244,755.245","29,231,481.481","24,131,189.711","24,745,614.035","19,010,116.732","17,822,844.828","15,300,000","14,100,000","12,200,000","10,200,000","9,463,366.337","7,250,000","5,149,253.731","4,200,000","-769,230.769","-2,520,000","1,260,000","7,554,216.867","4,153,061.224","-14,957,746.479","5,582,352.941","5,316,393.443","3,740,000","3,916,666.667","8,582,291.667","10,354,545.455",,,,,,,,,,,,,,
InterestIncome,"1,229,000","218,000","421,000","300,000","290,000","209,000","527,000","504,000","1,334,000","1,940,000","1,988,000","2,625,000","2,928,000","2,688,000","2,791,000","2,588,000","1,912,000","2,092,000","2,388,000","5,524,000","12,421,000","10,000,000","7,114,000","5,665,000","5,243,000","3,199,000","2,343,000","2,229,000","2,009,000","2,044,000","2,046,000","3,442,000","3,401,000","3,284,000","3,351,000","3,125,000","3,044,000","3,233,000","3,627,000","3,506,000","3,967,000","3,348,000","2,183,000","2,395,000","2,197,000","2,285,000","2,426,000","3,206,000","2,025,000","2,180,000","1,740,000","2,558,000","3,527,000","7,796,000",,,,,,,,,,,,,,,,,,,,,,,,,,,,,,,,,,,,,,,,,,,,,,,,,,,,,,,,,,,,,,,,,,,,,,,,,,,,,,,,,,,,,,,,,,,,,
InterestExpense,"194,310,000","51,964,000","54,621,000","44,659,000","43,066,000","42,479,000","48,593,000","45,914,000","49,985,000","48,813,000","50,775,000","59,871,000","59,701,000","58,728,000","59,102,000","61,665,000","64,792,000","68,030,000","63,517,000","73,073,000","71,636,000","42,614,000","38,764,000","18,476,000","18,455,000","13,062,000","6,739,000","6,755,000","6,880,000","6,656,000","13,161,000","8,178,000","6,874,000","6,571,000","6,659,000","7,672,000","6,357,000","6,414,000","6,391,000","6,459,000","6,890,000","6,682,000","6,079,000","6,159,000","4,078,000","2,830,000","2,709,000","2,614,000","2,568,000","2,538,000","2,726,000","1,368,000",,,,,,,,,,,,,,,,,,,,,,,,,,,,,,,,,,,,,,,,,,,,,,,,,,,,,,,,,,,,,,,,,,,,,,,,,,,,,,,,,,,,,,,,,,,,,,,
NetInterestIncome,"-193,081,000","-51,746,000","-54,200,000","-44,359,000","-42,776,000","-42,270,000","-48,066,000","-45,410,000","-48,651,000","-46,873,000","-48,787,000","-57,246,000","-56,773,000","-56,040,000","-56,311,000","-59,077,000","-62,880,000","-65,938,000","-61,129,000","-67,549,000","-59,215,000","-32,614,000","-31,650,000","-12,811,000","-13,212,000","-9,863,000","-4,396,000","-4,526,000","-4,871,000","-4,612,000","-11,115,000","-4,736,000","-3,473,000","-3,287,000","-3,308,000","-4,547,000","-3,313,000","-3,181,000","-2,764,000","-2,953,000","-2,923,000","-3,334,000","-3,896,000","-3,764,000","-1,881,000","-545,000","-283,000","592,000","-543,000","-358,000","-986,000","1,190,000","3,527,000","7,796,000",,,,,,,,,,,,,,,,,,,,,,,,,,,,,,,,,,,,,,,,,,,,,,,,,,,,,,,,,,,,,,,,,,,,,,,,,,,,,,,,,,,,,,,,,,,,,
EBIT,"1,409,961,000","375,519,000","-101,546,000","616,937,000","519,051,000","479,097,000","465,903,000","418,943,000","345,046,000","275,030,000","338,602,000","449,429,000","468,098,000","458,674,000","516,624,000","502,259,000","466,339,000","406,884,000","445,181,000","199,871,000","158,350,000","275,923,000","362,198,000","274,876,000","213,365,000","195,239,000","111,416,000","266,233,000","252,069,000","207,426,000","151,859,000","205,566,000","224,242,000","182,462,000","289,171,000","202,713,000","194,018,000","156,523,000","218,915,000","215,928,000","218,344,000","186,768,000","237,079,000","281,030,000","300,834,000","261,650,000","290,766,000","253,935,000","216,588,000","150,805,000","129,952,000","81,395,000","69,828,000","61,328,000","160,737,000","161,190,000","157,185,000","145,913,000","118,190,000","137,644,000","141,907,000","-4,836,751,000","134,522,000","154,386,000","151,391,000","132,205,000","122,776,000","134,614,000","133,944,000","124,653,000","158,140,000","222,698,000","187,762,000","145,597,000","121,164,000","99,752,000","88,466,000","73,861,000","41,519,000","35,922,000","14,172,000","26,625,000","21,043,000","35,031,000","178,635,000","234,685,000","267,895,000","219,512,000","162,036,000","117,700,000","74,300,000","66,600,000","52,600,000","38,900,000","37,000,000","13,100,000","63,600,000","57,300,000","64,700,000","60,500,000","55,600,000","52,700,000","57,500,000","58,600,000","58,100,000","52,900,000","46,825,000","42,700,000","37,400,000","30,900,000","29,100,000","26,500,000","25,000,000","21,200,000","18,800,000","17,200,000","14,800,000","12,000,000","10,200,000","8,300,000","7,100,000","500,000","-2,300,000","2,500,000","10,700,000","6,700,000","-14,800,000","7,300,000","6,900,000","6,900,000","6,600,000","10,700,000","13,400,000","114,100,000","-268,700,000","113,300,000","109,600,000","101,200,000","-236,200,000","95,900,000","93,700,000","81,000,000","-208,800,000","87,000,000","83,000,000","79,300,000","-197,100,000"
EBITDA,"2,853,052,000"
ReconciledCostOfRevenue,"2,801,922,000","965,853,000","952,379,000","449,301,000","434,389,000","419,382,000","409,002,000","389,172,000","374,220,000","358,716,000","403,089,000","385,436,000","398,396,000","408,184,000","409,087,000","409,577,000","386,827,000","391,988,000","443,757,000","576,976,000","438,687,000","299,779,000","301,172,000","262,100,000","233,359,000","257,938,000","303,294,000","259,734,000","243,217,000","235,663,000","296,357,000","222,159,000","235,793,000","219,120,000","233,263,000","239,110,000","237,055,000","231,850,000","251,682,000","235,152,000","234,639,000","238,668,000","255,620,000","248,262,000","256,566,000","246,331,000","253,761,000","240,088,000","233,725,000","234,507,000","249,746,000","225,762,000","213,196,000","207,567,000","257,039,000","257,192,000","253,319,000","238,106,000","173,085,000","291,727,000","287,494,000","274,594,000","269,770,000","273,550,000","263,201,000","260,515,000","259,455,000","244,178,000","257,327,000","245,008,000","218,075,000","249,945,000","239,736,000","222,323,000","207,285,000","191,549,000","185,920,000","172,747,000","164,548,000","162,835,000","147,819,000","146,649,000","162,406,000","186,529,000","220,423,000","281,042,000","333,730,000","300,519,000","257,184,000","225,100,000","205,900,000","190,500,000","176,400,000","162,800,000","152,000,000","161,500,000","169,400,000","162,700,000","164,300,000","158,800,000","150,500,000","148,600,000","152,100,000","152,300,000","150,400,000","138,200,000","126,600,000","121,200,000","113,700,000","103,100,000","101,400,000","99,900,000","98,500,000","94,600,000","78,300,000","76,600,000","71,400,000","64,700,000","63,300,000","61,600,000","62,300,000","59,500,000","54,600,000","53,700,000","57,800,000","53,500,000","59,200,000","47,900,000","46,400,000","44,000,000","44,500,000","43,500,000","41,800,000",,,,,,,,,,,,,,
ReconciledDepreciation,"1,443,091,000","569,810,000","478,963,000","196,151,000","198,167,000","201,353,000","202,216,000","201,463,000","203,312,000","203,932,000","205,164,000","204,127,000","201,375,000","200,585,000","201,190,000","199,865,000","199,543,000","198,465,000","189,736,000","202,455,000","137,542,000","54,326,000","53,663,000","52,648,000","51,923,000","51,556,000","50,990,000","57,548,000","57,190,000","56,512,000","57,103,000","29,963,000","27,514,000","27,390,000","27,570,000","27,503,000","27,533,000","27,810,000","27,538,000","27,163,000","26,889,000","28,243,000","29,048,000","29,480,000","29,806,000","29,885,000","29,946,000","29,191,000","30,692,000","31,082,000","32,148,000","31,979,000","35,031,000","40,712,000","37,935,000","38,682,000","38,881,000","37,974,000","37,677,000","38,909,000","38,974,000","39,223,000","42,263,000","43,326,000","43,091,000","43,483,000","38,396,000","38,473,000","39,698,000","38,997,000","38,434,000","38,006,000","37,948,000","38,242,000","39,980,000","42,953,000","43,159,000","42,191,000","62,743,000","59,674,000","58,952,000","56,633,000","55,513,000","53,485,000","52,208,000","49,284,000","46,227,000","37,129,000","37,415,000","35,900,000","35,800,000","35,900,000","35,700,000","35,200,000","34,300,000","32,300,000","31,300,000","29,700,000","28,000,000","27,000,000","24,800,000","23,800,000","24,400,000","22,300,000","19,800,000","17,300,000","17,000,000","16,400,000","15,700,000","15,000,000","15,200,000","15,500,000","15,300,000","15,300,000","15,900,000","14,800,000","14,900,000","14,200,000","14,200,000","14,000,000","13,500,000","13,300,000","13,500,000","13,300,000","12,900,000","13,000,000","14,200,000","11,100,000","10,700,000","10,800,000","10,900,000","10,800,000","9,900,000",,,,,,,,,,,,,,
NetIncomeFromContinuingOperationNetMinorityInterest,"1,281,980,000","280,077,000","75,687,000","503,311,000","422,905,000","388,519,000","386,526,000","362,665,000","267,696,000","203,874,000","277,694,000","362,374,000","367,937,000","355,006,000","432,965,000","414,464,000","379,831,000","268,172,000","347,650,000","68,916,000","93,564,000","217,129,000","296,157,000","230,430,000","170,573,000","164,504,000","96,305,000","216,478,000","205,338,000","178,757,000","108,695,000","180,606,000","187,433,000","152,586,000","201,554,000","176,239,000","164,472,000","131,222,000","179,187,000","169,768,000","162,899,000","139,382,000","183,527,000","219,935,000","241,826,000","215,606,000","224,994,000","199,491,000","167,140,000","119,600,000","105,609,000","65,460,000","51,754,000","24,585,000","144,242,000","129,195,000","129,892,000","121,848,000","101,677,000","120,435,000","125,356,000","153,227,000","138,419,000","144,685,000","145,821,000","120,557,000","68,341,000","121,404,000","117,599,000","107,443,000","132,266,000","169,050,000","152,583,000","116,839,000","88,027,000","78,956,000","71,306,000","59,992,000","34,770,000","31,413,000","14,426,000","24,690,000","24,201,000","39,303,000","102,496,000","190,377,000","199,872,000","192,201,000","122,052,000","93,000,000","73,200,000","54,600,000","39,100,000","29,900,000","18,000,000","8,800,000","48,400,000","44,300,000","50,900,000","46,000,000","42,100,000","39,200,000","44,000,000","43,800,000","44,000,000","40,100,000","35,200,000","31,800,000","28,700,000","23,600,000","21,700,000","19,700,000","17,900,000","15,300,000","14,100,000","12,200,000","10,200,000","8,100,000","7,000,000","5,000,000","3,900,000","-1,000,000","-2,700,000","600,000","6,600,000","3,700,000","-23,600,000","5,200,000","4,700,000","800,000","500,000","7,700,000","10,200,000",,,,,,,,,,,,,,
TotalUnusualItemsExcludingGoodwill,"-358,896,000","-59,728,000","-307,795,000","8,938,000","-311,000","-438,000","-8,051,000","-31,830,000","-1,320,000","-11,136,000","-64,788,000","-927,000","-8,162,000","-21,782,000","-1,842,000","-1,069,000","-1,089,000","-57,318,000","0","0","0","-49,463,000","0","0","-13,684,000",,"0","0","0","0","-34,637,000","0","0","-2,685,000","-15,777,000","0","0","-14,071,000","9,000","-5,885,000","1,451,000","-2,547,000","-2,635,000","-206,000","151,000","-41,000","2,600,000","-416,000","488,000","-16,972,000","-160,000","-108,000","-19,770,000","-41,166,000","-2,101,000","-664,000","-114,000","-173,000","-25,870,000","-1,272,000","105,000","2,269,000","-16,777,000","-5,935,000","13,351,000","-3,668,000","-30,870,000","-94,000","94,000","-568,000","382,000","-523,000","-57,000","-2,212,000","-9,554,000","-1,103,000","403,000","-118,000","-7,888,000","-12,818,000","-27,202,000","1,091,000","49,207,000","-25,945,000","1,173,000","18,616,000","-1,732,000","44,020,000","12,324,000","9,400,000","-16,800,000","10,500,000","1,400,000",,"-3,100,000","-17,000,000","12,100,000","-800,000","-400,000","-400,000","-500,000",,"-600,000","200,000","-400,000","-800,000","-200,000","-600,000","-700,000","-700,000","-4,000,000","900,000","100,000",,,,,"-1,700,000","-300,000","-200,000","-400,000","-300,000","-300,000","-1,100,000","-1,200,000","-600,000","-10,400,000","-500,000","-800,000","-4,900,000","-4,100,000","-1,100,000","-200,000",,,,,,,,,,,,,,
TotalUnusualItems,"-358,896,000","-59,728,000","-307,795,000","8,938,000","-311,000","-438,000","-8,051,000","-31,830,000","-1,320,000","-11,136,000","-64,788,000","-927,000","-8,162,000","-21,782,000","-1,842,000","-1,069,000","-1,089,000","-57,318,000","0","0","0","-49,463,000","0","0","-13,684,000",,"0","0","0","0","-34,637,000","0","0","-2,685,000","-15,777,000","0","0","-14,071,000","9,000","-5,885,000","1,451,000","-2,547,000","-2,635,000","-206,000","151,000","-41,000","2,600,000","-416,000","488,000","-16,972,000","-160,000","-108,000","-19,770,000","-41,166,000","-2,101,000","-664,000","-114,000","-173,000","-25,870,000","-1,272,000","105,000","2,269,000","-16,777,000","-5,935,000","13,351,000","-3,668,000","-30,870,000","-94,000","94,000","-568,000","382,000","-523,000","-57,000","-2,212,000","-9,554,000","-1,103,000","403,000","-118,000","-7,888,000","-12,818,000","-27,202,000","1,091,000","49,207,000","-25,945,000","1,173,000","18,616,000","-1,732,000","44,020,000","12,324,000","9,400,000","-16,800,000","10,500,000","1,400,000",,"-3,100,000","-17,000,000","12,100,000","-800,000","-400,000","-400,000","-500,000",,"-600,000","200,000","-400,000","-800,000","-200,000","-600,000","-700,000","-700,000","-4,000,000","900,000","100,000",,,,,"-1,700,000","-300,000","-200,000","-400,000","-300,000","-300,000","-1,100,000","-1,200,000","-600,000","-10,400,000","-500,000","-800,000","-4,900,000","-4,100,000","-1,100,000","-200,000",,,,,,,,,,,,,,
NormalizedEBITDA,"3,211,948,000","1,005,057,000","685,212,000","804,150,000","717,529,000","680,888,000","676,170,000","652,236,000","549,678,000","490,098,000","608,554,000","654,483,000","677,635,000","681,041,000","719,656,000","703,193,000","666,971,000","662,667,000","634,917,000","402,326,000","295,892,000","379,712,000","415,861,000","327,524,000","278,972,000","246,795,000","162,406,000","323,781,000","309,259,000","263,938,000","243,599,000","235,529,000","251,756,000","212,537,000","332,518,000","230,216,000","221,551,000","198,404,000","246,444,000","248,976,000","243,782,000","217,558,000","268,762,000","310,716,000","330,489,000","291,576,000","318,112,000","283,542,000","246,792,000","198,859,000","162,260,000","113,482,000","124,629,000","143,206,000","200,773,000","200,536,000","196,180,000","184,060,000","181,737,000","177,825,000","180,776,000","-4,799,797,000","193,562,000","203,647,000","181,131,000","179,356,000","192,042,000","173,181,000","173,548,000","164,218,000","196,192,000","261,227,000","225,767,000","186,051,000","170,698,000","143,808,000","131,222,000","116,170,000","112,150,000","108,414,000","100,326,000","82,167,000","27,349,000","114,461,000","243,666,000","265,353,000","315,854,000","212,621,000","187,127,000","144,200,000","126,900,000","92,000,000","86,900,000","74,100,000","74,400,000","62,400,000","82,800,000","87,800,000","93,100,000","87,900,000","80,900,000","76,500,000","82,500,000","80,700,000","78,300,000","71,000,000","64,025,000","59,700,000","53,800,000","46,600,000","48,300,000","41,100,000","40,200,000","36,500,000","34,700,000","32,000,000","29,700,000","27,900,000","24,700,000","22,500,000","21,000,000","14,100,000","11,500,000","16,900,000","24,800,000","20,300,000","9,800,000","18,900,000","18,400,000","22,600,000","21,600,000","22,600,000","23,500,000","114,100,000","-268,700,000","113,300,000","109,600,000","101,200,000","-236,200,000","95,900,000","93,700,000","81,000,000","-208,800,000","87,000,000","83,000,000","79,300,000","-197,100,000"
TaxRateForCalcs,"0.4","0.134","0.27","0.121","0.112","0.11","0.074","0.028","0.093","0.099","0.035","0.07","0.099","0.112","0.054","0.059","0.054","0.209","0.089","0.4","0.4","0.069","0.084","0.101","0.125","0.097","0.08","0.166","0.163","0.11","0.216","0.085","0.138","0.132","0.287","0.096","0.124","0.126","0.157","0.19","0.23","0.226","0.206","0.2","0.185","0.167","0.219","0.206","0.219","0.193","0.17","0.182","0.168","0.121","0.158","0.234","0.226","0.23","0.305","0.218","0.23","0.218","0.043","0.174","0.235","0.211","0.4","0.21","0.22","0.225","0.227","0.22","0.217","0.22","0.216","0.22","0.22","0.22","0.25","0.208","0.28","0.28","0.26","0.209","0.304","0.314","0.3","0.311","0.3","0.268","0.25","0.24","0.229","0.201","0.001","0.155","0.241","0.239","0.231","0.25","0.251","0.249","0.24","0.26","0.261","0.26","0.263","0.259","0.241","0.241","0.239","0.233","0.228","0.216","0.18","0.203","0.221","0.198","0.167","0.254","0.25","0.231","0.4","0.4","0.205","0.245","0.169","0.235","0.23","0.4","0.167","0.198","0.227",,,,,,,,,,,,,,
TaxEffectOfUnusualItems,"-143,558,400","-8,003,552","-83,104,650","1,081,498","-34,832","-48,180","-593,903.774","-891,240","-122,760","-1,102,464","-2,280,872.899","-64,890","-808,038","-2,439,584","-98,867.364","-63,071","-58,806","-11,979,462","0","0","0","-3,412,947","0","0","-1,710,500","0","0","0","0","0","-7,492,638.041","0","0","-354,420","-4,521,133.141","0","0","-1,772,946","1,411.761","-1,115,393.614","333,185.019","-575,686.55","-541,521.017","-41,171.371","27,950.336","-6,845.584","569,206.095","-85,791.796","106,893.935","-3,281,487.614","-27,185.638","-19,658.815","-3,328,938.505","-4,966,482.509","-332,538.284","-155,584.356","-25,722.38","-39,808.386","-7,902,037.119","-277,838.552","24,191.199","493,631.16","-717,186.158","-1,032,677.734","3,137,501.81","-773,943.991","-12,348,000","-19,740.024","20,652.781","-127,799.59","86,903.065","-115,060.434","-12,397.443","-486,644.725","-2,063,641.536","-242,663.051","88,660.176","-25,960.215","-1,972,000","-2,665,919.066","-7,616,451.388","305,487.636","12,797,099.765","-5,421,374.459","356,079.608","5,852,897.753","-518,807.885","13,688,539.153","3,697,200","2,521,951.22","-4,200,000","2,515,320.334","320,315.582","0","-4,516.646","-2,640,776.699","2,920,689.655","-191,065.292","-92,447.13","-99,836.868","-125,444.84","0","-144,041.451","52,027.027","-104,201.681","-208,118.081","-52,521.008","-155,244.755","-168,518.519","-168,810.289","-954,385.965","210,116.732","22,844.828","0","0","0","0","-336,633.663","-50,000","-50,746.269","-100,000","-69,230.769","-120,000","-440,000","-245,783.133","-146,938.776","-1,757,746.479","-117,647.059","-183,606.557","-1,960,000","-683,333.333","-217,708.333","-45,454.545",,,,,,,,,,,,,,