name,ttm,12/31/2021,09/30/2021,06/30/2021,03/31/2021,12/31/2020,09/30/2020,06/30/2020,03/31/2020,12/31/2019,09/30/2019,06/30/2019,03/31/2019,12/31/2018,09/30/2018,06/30/2018,03/31/2018,12/31/2017,09/30/2017,06/30/2017,03/31/2017,12/31/2016,09/30/2016,06/30/2016,03/31/2016,12/31/2015,09/30/2015,06/30/2015,03/31/2015,12/31/2014,09/30/2014,06/30/2014,03/31/2014,12/31/2013,09/30/2013,06/30/2013,03/31/2013,09/30/2012,06/30/2012,03/31/2012,12/31/2011,09/30/2011,06/30/2011,03/31/2011,12/31/2010,09/30/2010,06/30/2010,03/31/2010,12/31/2009,09/30/2009,06/30/2009,03/31/2009,12/31/2008,09/30/2008,06/30/2008,03/31/2008,12/31/2007,09/30/2007,06/30/2007,03/31/2007,12/31/2006,09/30/2006,06/30/2006,03/31/2006,12/31/2005,09/30/2005,06/30/2005,03/31/2005,12/31/2004,09/30/2004,06/30/2004,03/31/2004,12/31/2003,09/30/2003,06/30/2003,03/31/2003,12/31/2002,09/30/2002,06/30/2002,03/31/2002,12/31/2001,09/30/2001,06/30/2001,03/31/2001,12/31/2000,09/30/2000,06/30/2000,03/31/2000,12/31/1999,09/30/1999,06/30/1999,03/31/1999,12/31/1998,09/30/1998,06/30/1998,03/31/1998,12/31/1997,09/30/1997,06/30/1997,03/31/1997,12/31/1996,09/30/1996,06/30/1996,03/31/1996,12/31/1995,09/30/1995,06/30/1995,03/31/1995,12/31/1994,09/30/1994,06/30/1994,03/31/1994,12/31/1993,09/30/1993,06/30/1993,03/31/1993,12/31/1992,09/30/1992,06/30/1992,03/31/1992,12/31/1991,09/30/1991,06/30/1991,03/31/1991,12/31/1990,09/30/1990,06/30/1990,03/31/1990,12/31/1989,09/30/1989,06/30/1989,03/31/1989,12/31/1988,09/30/1988,06/30/1988,03/31/1988,12/31/1987,09/30/1987,06/30/1987,03/31/1987,12/31/1986,09/30/1986,06/30/1986,03/31/1986,12/31/1985,09/30/1985
TotalRevenue,"85,249,000,000","23,090,000,000","20,340,000,000","22,926,000,000","18,893,000,000","17,978,000,000","15,126,000,000","16,281,000,000","14,970,000,000","16,329,000,000","16,726,000,000","16,297,000,000","15,304,000,000","15,947,000,000","15,800,000,000","17,068,000,000","15,526,000,000","16,070,000,000","14,827,000,000","14,943,000,000","14,988,000,000","16,501,000,000","15,832,000,000","15,629,000,000","14,384,000,000","16,445,000,000","16,565,000,000","17,186,000,000","17,506,000,000","20,894,000,000","18,117,000,000","21,494,000,000","20,696,000,000","24,143,000,000","21,393,000,000","22,541,000,000","21,727,000,000","21,808,000,000","22,675,000,000","21,155,000,000","23,306,000,000","21,902,000,000","22,870,000,000","20,077,000,000","20,930,000,000","16,799,000,000","15,703,000,000","15,145,000,000","15,913,000,000","14,921,000,000","16,532,000,000","14,842,000,000","16,673,000,000","21,160,000,000","21,784,000,000","18,708,000,000","16,496,000,000","12,828,000,000","12,213,889,000","11,381,150,000","10,976,039,000","9,446,922,000","9,547,336,000","9,122,841,000","9,298,985,000","8,626,949,000","9,423,702,000","8,484,171,000","9,063,526,000","8,972,411,000","9,685,969,000","9,309,019,000","9,188,504,000","7,967,902,000","8,048,226,000","7,908,530,000","7,807,382,000","6,943,895,000","7,068,806,000","5,326,399,000","5,554,224,000","5,504,132,000","5,345,292,000","5,130,346,000","4,940,999,000","4,634,784,000","3,123,682,000","3,111,809,000","3,420,300,000","3,221,000,000","3,192,200,000","3,378,100,000","3,911,500,000","3,801,400,000","4,046,700,000","4,280,300,000","4,130,300,000","3,651,300,000","3,449,900,000","3,466,000,000","3,548,100,000","3,389,400,000","3,291,500,000","3,486,700,000","3,415,100,000","3,120,700,000","3,135,200,000","3,299,700,000","3,221,800,000","3,015,200,000","2,929,200,000","3,010,000,000","2,821,600,000","2,613,600,000","2,422,300,000","2,457,100,000","2,547,500,000","2,384,500,000","2,387,100,000","2,235,700,000","2,304,500,000","2,304,200,000","2,099,200,000","2,092,900,000","2,193,800,000","2,082,200,000","2,081,700,000","2,030,400,000","1,785,300,000","1,853,900,000","2,022,700,000","2,083,200,000","1,851,000,000","1,971,800,000","1,875,300,000","1,681,200,000","1,654,200,000","1,587,700,000","1,507,000,000","1,431,700,000","1,464,900,000","1,371,000,000","1,390,700,000","1,331,500,000","1,328,000,000","1,285,800,000"
	OperatingRevenue,"85,249,000,000","23,090,000,000","20,340,000,000","22,926,000,000","18,893,000,000","17,978,000,000","15,126,000,000","16,281,000,000","14,970,000,000","16,329,000,000","16,726,000,000","16,297,000,000","15,304,000,000","15,947,000,000","15,800,000,000","17,068,000,000","15,526,000,000","16,070,000,000","14,827,000,000","14,943,000,000","14,988,000,000","16,501,000,000","15,832,000,000","15,629,000,000","14,384,000,000","16,445,000,000","16,565,000,000","17,186,000,000","17,506,000,000","20,894,000,000","18,117,000,000","21,494,000,000","20,696,000,000","24,143,000,000","21,393,000,000","22,541,000,000","21,727,000,000","21,808,000,000","22,675,000,000","21,155,000,000","23,306,000,000","21,902,000,000","22,870,000,000","20,077,000,000","20,930,000,000","16,799,000,000","15,703,000,000","15,145,000,000","15,913,000,000","14,921,000,000","16,532,000,000","14,842,000,000","16,673,000,000","21,160,000,000","21,784,000,000","18,708,000,000","16,496,000,000","12,828,000,000","12,213,889,000","11,381,150,000","10,976,039,000","9,446,922,000","9,547,336,000","9,122,841,000","9,298,985,000","8,626,949,000","9,423,702,000","8,484,171,000","9,063,526,000","8,972,411,000","9,685,969,000","9,309,019,000","9,188,504,000","7,967,902,000","8,048,226,000","7,908,530,000","7,807,382,000","6,943,895,000","7,068,806,000","5,326,399,000","5,554,224,000","5,504,132,000","5,345,292,000","5,130,346,000","4,940,999,000","4,634,784,000","3,123,682,000","3,111,809,000","3,420,300,000","3,221,000,000","3,192,200,000","3,378,100,000","3,911,500,000","3,801,400,000","4,046,700,000","4,280,300,000","4,130,300,000","3,651,300,000","3,449,900,000","3,466,000,000","3,548,100,000","3,389,400,000","3,291,500,000","3,486,700,000","3,415,100,000","3,120,700,000","3,135,200,000","3,299,700,000","3,221,800,000","3,015,200,000","2,929,200,000","3,010,000,000","2,821,600,000","2,613,600,000","2,422,300,000","2,457,100,000","2,547,500,000","2,384,500,000","2,387,100,000","2,235,700,000","2,304,500,000","2,304,200,000","2,099,200,000","2,092,900,000","2,193,800,000","2,082,200,000","2,081,700,000","2,030,400,000","1,785,300,000","1,853,900,000","2,022,700,000","2,083,200,000","1,851,000,000","1,971,800,000","1,875,300,000","1,681,200,000","1,654,200,000","1,587,700,000","1,507,000,000","1,431,700,000","1,464,900,000","1,371,000,000","1,390,700,000","1,331,500,000","1,328,000,000","1,285,800,000"
CostOfRevenue,"79,262,000,000","21,440,000,000","19,014,000,000","21,463,000,000","17,345,000,000","16,626,000,000","14,084,000,000","15,173,000,000","14,019,000,000","15,160,000,000","15,648,000,000","15,325,000,000","14,376,000,000","14,894,000,000","14,742,000,000","15,887,000,000","14,637,000,000","15,131,000,000","14,015,000,000","14,056,000,000","14,120,000,000","15,475,000,000","14,727,000,000","14,872,000,000","13,588,000,000","15,580,000,000","15,476,000,000","16,222,000,000","16,404,000,000","19,443,000,000","16,647,000,000","20,322,000,000","20,021,000,000","22,973,000,000","20,237,000,000","21,734,000,000","20,971,000,000","21,002,000,000","21,862,000,000","20,147,000,000","22,493,000,000","20,868,000,000","21,772,000,000","18,917,000,000","19,696,000,000","15,991,000,000","14,777,000,000","14,254,000,000","14,860,000,000","13,948,000,000","16,171,000,000","14,193,000,000","15,461,000,000","19,293,000,000","20,977,000,000","17,551,000,000","15,548,000,000","11,898,000,000","11,496,297,000","10,635,240,000","10,068,119,000","8,581,344,000","8,718,433,000","8,352,109,000","8,515,517,000","8,044,238,000","8,899,359,000","7,909,315,000","8,394,818,000","8,308,979,000","9,182,712,000","8,722,000,000","8,584,210,000","7,514,148,000","7,646,306,000","7,494,182,000","7,316,495,000","6,523,912,000","6,688,378,000","4,936,156,000","5,046,936,000","5,098,635,000","4,983,362,000","4,760,694,000","4,524,691,000","4,350,876,000","2,757,120,000","2,613,450,000","2,849,200,000","2,789,900,000","2,754,000,000","2,980,200,000","3,335,600,000","3,359,400,000","3,576,000,000","3,755,100,000","3,635,600,000","3,200,800,000","2,978,400,000","3,136,900,000","3,050,700,000","2,911,200,000","2,875,700,000","3,046,900,000","2,914,000,000","2,693,800,000","2,640,100,000","2,759,900,000","2,636,500,000","2,575,300,000","2,529,500,000","2,634,100,000","2,412,600,000","2,306,000,000","2,128,100,000","2,108,300,000","2,142,700,000","2,040,700,000","2,038,500,000","1,923,800,000","1,959,500,000","1,973,000,000","1,804,700,000","1,815,400,000","1,895,800,000","1,794,700,000","1,780,700,000","1,730,600,000","1,493,200,000","1,592,700,000",,,,,,,,,,,,,,,,
GrossProfit,"5,987,000,000","1,650,000,000","1,326,000,000","1,463,000,000","1,548,000,000","1,352,000,000","1,042,000,000","1,108,000,000","951,000,000","1,169,000,000","1,078,000,000","972,000,000","928,000,000","1,053,000,000","1,058,000,000","1,181,000,000","889,000,000","939,000,000","812,000,000","887,000,000","868,000,000","1,026,000,000","1,105,000,000","757,000,000","796,000,000","865,000,000","1,089,000,000","964,000,000","1,102,000,000","1,451,000,000","1,470,000,000","1,172,000,000","675,000,000","1,170,000,000","1,156,000,000","807,000,000","756,000,000","806,000,000","813,000,000","1,008,000,000","813,000,000","1,034,000,000","1,098,000,000","1,160,000,000","1,234,000,000","808,000,000","926,000,000","891,000,000","1,053,000,000","973,000,000","361,000,000","649,000,000","1,212,000,000","1,867,000,000","807,000,000","1,157,000,000","948,000,000","930,000,000","717,592,000","745,910,000","907,920,000","865,578,000","828,903,000","770,732,000","783,468,000","582,711,000","524,343,000","574,856,000","668,708,000","663,432,000","503,257,000","587,019,000","604,294,000","453,754,000","401,920,000","414,348,000","490,887,000","419,983,000","380,428,000","390,243,000","507,288,000","405,497,000","361,930,000","369,652,000","416,308,000","283,908,000","366,562,000","498,359,000","571,100,000","431,100,000","438,200,000","397,900,000","575,900,000","442,000,000","470,700,000","525,200,000","494,700,000","450,500,000","471,500,000","329,100,000","497,400,000","478,200,000","415,800,000","439,800,000","501,100,000","426,900,000","495,100,000","539,800,000","585,300,000","439,900,000","399,700,000","375,900,000","409,000,000","307,600,000","294,200,000","348,800,000","404,800,000","343,800,000","348,600,000","311,900,000","345,000,000","331,200,000","294,500,000","277,500,000","298,000,000","287,500,000","301,000,000","299,800,000","292,100,000","261,200,000",,,,,,,,,,,,,,,,
OperatingExpense,"2,994,000,000","786,000,000","720,000,000","739,000,000","749,000,000","749,000,000","636,000,000","638,000,000","664,000,000","654,000,000","578,000,000","602,000,000","659,000,000","558,000,000","534,000,000","560,000,000","513,000,000","463,000,000","478,000,000","531,000,000","521,000,000","470,000,000","561,000,000","520,000,000","475,000,000","482,000,000","511,000,000","519,000,000","498,000,000","637,000,000","451,000,000","426,000,000","393,000,000","442,000,000","429,000,000","452,000,000","436,000,000","390,000,000","394,000,000","402,000,000","423,000,000","407,000,000","423,000,000","395,000,000","412,000,000","381,000,000","331,000,000","355,000,000","358,000,000","354,000,000","320,000,000","346,000,000","337,000,000","409,000,000","348,000,000","378,000,000","338,000,000","354,000,000","292,917,000","294,037,000","298,211,000","309,835,000","296,541,000","297,295,000","294,392,000","304,455,000","279,166,000","280,395,000","269,741,000","251,509,000","652,695,000","251,701,000","284,265,000","231,796,000","254,127,000","231,225,000","246,197,000","216,145,000","233,200,000","199,713,000","209,746,000","184,263,000","187,492,000","186,771,000","187,443,000","169,323,000","334,853,000","348,233,000","364,400,000","329,500,000","338,500,000","332,800,000","336,800,000","315,200,000","322,600,000","368,800,000","269,000,000","260,300,000","273,600,000","232,500,000","225,000,000","419,500,000","213,300,000","221,900,000","232,700,000","201,300,000","208,900,000","212,900,000","229,800,000","195,400,000","197,800,000","182,700,000","177,400,000","167,700,000","165,200,000","164,800,000","163,400,000","159,900,000","154,400,000","150,100,000","147,600,000","136,300,000","138,800,000","138,700,000","128,300,000","134,700,000","130,800,000","126,700,000","115,900,000","106,400,000",,,,,,,,,,,,,,,,
	SellingGeneralAndAdministration,"2,994,000,000","786,000,000","720,000,000","739,000,000","749,000,000","749,000,000","636,000,000","638,000,000","664,000,000","654,000,000","578,000,000","602,000,000","659,000,000","558,000,000","534,000,000","560,000,000","513,000,000","463,000,000","478,000,000","531,000,000","521,000,000","470,000,000","561,000,000","520,000,000","475,000,000","482,000,000","511,000,000","519,000,000","498,000,000","637,000,000","451,000,000","426,000,000","393,000,000","442,000,000","429,000,000","452,000,000","436,000,000","390,000,000","394,000,000","402,000,000","423,000,000","407,000,000","423,000,000","395,000,000","412,000,000","381,000,000","331,000,000","355,000,000","358,000,000","354,000,000","320,000,000","346,000,000","337,000,000","409,000,000","348,000,000","378,000,000","338,000,000","354,000,000","292,917,000","294,037,000","298,211,000","309,835,000","296,541,000","297,295,000","294,392,000","304,455,000","279,166,000","280,395,000","269,741,000","251,509,000","652,695,000","251,701,000","284,265,000","231,796,000","254,127,000","231,225,000","246,197,000","216,145,000","233,200,000","199,713,000","209,746,000","184,263,000","187,492,000","186,771,000","187,443,000","169,323,000","174,297,000","184,850,000","199,500,000","170,700,000","178,300,000","173,800,000","182,200,000","166,800,000","160,800,000","228,100,000","136,700,000","135,000,000","145,100,000","114,700,000","108,900,000","306,400,000","101,800,000","121,000,000","128,500,000","98,700,000","108,300,000","98,700,000","122,100,000","100,300,000","104,600,000","92,500,000","90,800,000","83,200,000","80,300,000","82,000,000","83,800,000","78,700,000","73,800,000","77,200,000","75,500,000","68,200,000","68,500,000","74,100,000","70,800,000","65,700,000","64,700,000","64,900,000","53,900,000","48,200,000",,,,,,,,,,,,,,,,
	DepreciationAmortizationDepletionIncomeStatement,,,,,,,,,,,,,,,,,,,,,,,,,,,,,,,,,,,,,,,,,,,,,,,,,,,,,,,,,,,,,,,,,,,,,,,,,,,,,,,,,,,,,,,"160,556,000","163,383,000","164,900,000","158,800,000","160,200,000","159,000,000","154,600,000","148,400,000","161,800,000","140,700,000","132,300,000","125,300,000","128,500,000","117,800,000","116,100,000","113,100,000","111,500,000","100,900,000","104,200,000","102,600,000","100,600,000","114,200,000","107,700,000","95,100,000","93,200,000","90,200,000","86,600,000","84,500,000","84,900,000","82,800,000","79,600,000","81,200,000","80,600,000","72,900,000","72,100,000","68,100,000","70,300,000","64,600,000","57,500,000","69,000,000","66,100,000","61,800,000","62,000,000","58,200,000",,,,,,,,,,,,,,,,
		DepreciationAndAmortizationInIncomeStatement,,,,,,,,,,,,,,,,,,,,,,,,,,,,,,,,,,,,,,,,,,,,,,,,,,,,,,,,,,,,,,,,,,,,,,,,,,,,,,,,,,,,,,,"160,556,000","163,383,000","164,900,000","158,800,000","160,200,000","159,000,000","154,600,000","148,400,000","161,800,000","140,700,000","132,300,000","125,300,000","128,500,000","117,800,000","116,100,000","113,100,000","111,500,000","100,900,000","104,200,000","102,600,000","100,600,000","114,200,000","107,700,000","95,100,000","93,200,000","90,200,000","86,600,000","84,500,000","84,900,000","82,800,000","79,600,000","81,200,000","80,600,000","72,900,000","72,100,000","68,100,000","70,300,000","64,600,000","57,500,000","69,000,000","66,100,000","61,800,000","62,000,000","58,200,000",,,,,,,,,,,,,,,,
	OtherOperatingExpenses,,,,,,,,,,,,,,,,,,,,,,,,,,,,,,,,,,,,,,,,,,,,,,,,,"-89,000,000",,,,,,,,,,,,,,,,,,,,,,,,,,,,,,,,,,,,,,,,,,,,,,,,,,,,,,,,,,,,,,,,,,,,,,,,,,,,,,,,,,,,,,,,,,,,,,,,,
OperatingIncome,"2,993,000,000","864,000,000","606,000,000","724,000,000","799,000,000","603,000,000","406,000,000","470,000,000","287,000,000","515,000,000","500,000,000","370,000,000","269,000,000","495,000,000","524,000,000","621,000,000","376,000,000","476,000,000","334,000,000","356,000,000","347,000,000","556,000,000","544,000,000","237,000,000","321,000,000","383,000,000","578,000,000","445,000,000","604,000,000","814,000,000","1,019,000,000","746,000,000","282,000,000","728,000,000","727,000,000","355,000,000","320,000,000","416,000,000","419,000,000","606,000,000","390,000,000","627,000,000","675,000,000","765,000,000","822,000,000","427,000,000","595,000,000","536,000,000","695,000,000","619,000,000","41,000,000","303,000,000","875,000,000","1,458,000,000","459,000,000","779,000,000","610,000,000","576,000,000","424,675,000","451,873,000","609,709,000","555,743,000","532,362,000","473,437,000","489,076,000","278,256,000","245,177,000","294,461,000","398,967,000","411,923,000","-149,438,000","335,318,000","320,029,000","221,958,000","147,793,000","183,123,000","244,690,000","203,838,000","147,228,000","190,530,000","297,542,000","221,234,000","174,438,000","182,881,000","228,865,000","114,585,000","31,709,000","150,126,000","206,700,000","101,600,000","99,700,000","65,100,000","239,100,000","126,800,000","148,100,000","156,400,000","225,700,000","190,200,000","197,900,000","96,600,000","272,400,000","58,700,000","202,500,000","217,900,000","268,400,000","225,600,000","286,200,000","326,900,000","355,500,000","244,500,000","201,900,000","193,200,000","231,600,000","139,900,000","129,000,000","184,000,000","241,400,000","183,900,000","194,200,000","161,800,000","197,400,000","194,900,000","155,700,000","138,800,000","169,700,000","152,800,000","170,200,000","173,100,000","176,200,000","154,800,000","-5,283,800,000","2,083,200,000","1,851,000,000","1,971,800,000","-4,382,200,000","1,681,200,000","1,654,200,000","1,587,700,000","-3,886,800,000","1,431,700,000","1,464,900,000","1,371,000,000","-3,591,800,000","1,331,500,000","1,328,000,000","1,285,800,000"
NetNonOperatingInterestIncomeExpense,"-265,000,000","-77,000,000","-61,000,000","-40,000,000","-74,000,000","-52,000,000","-84,000,000","-72,000,000","-43,000,000","-45,000,000","-50,000,000","-63,000,000","-52,000,000","-50,000,000","-47,000,000","-47,000,000","-58,000,000","-53,000,000","-52,000,000","-61,000,000","-58,000,000","-56,000,000","-55,000,000","-42,000,000","-48,000,000","-54,000,000","-56,000,000","-64,000,000","-63,000,000","-56,000,000","-63,000,000","-55,000,000","-71,000,000","-61,000,000","-93,000,000","-78,000,000","-79,000,000","-76,000,000","-92,000,000","-90,000,000","-74,000,000","-73,000,000","7,000,000","-121,000,000","-232,000,000","-93,000,000","-118,000,000","-101,000,000","-105,000,000","-98,000,000","-88,000,000","-93,000,000",,,,,,,,,,,,,,,,,,,,,,,,,,,,,,,,,,,,,,,,,,,,,,,,,,,,,,,,,,,,,,,,,,,,,,,,,,,,,,,,,,,,,,,,,,,,,,
	InterestIncomeNonOperating,"96,000,000","13,000,000",,,"13,000,000","17,000,000","16,000,000","15,000,000","40,000,000","50,000,000","47,000,000","46,000,000","49,000,000","47,000,000","40,000,000","42,000,000","33,000,000","31,000,000","27,000,000","25,000,000","23,000,000","24,000,000","23,000,000","23,000,000","22,000,000","19,000,000","13,000,000","21,000,000","18,000,000","30,000,000","16,000,000","24,000,000","22,000,000","34,000,000","12,000,000","29,000,000","27,000,000","30,000,000","24,000,000","26,000,000","22,000,000","40,000,000","39,000,000","32,000,000",,"24,000,000",,,,,,,,,,,,,,,,,,,,,,,,,,,,,,,,,,,,,,,,,,,,,,,,,,,,,,,,,,,,,,,,,,,,,,,,,,,,,,,,,,,,,,,,,,,,,,,,,,,,
	InterestExpenseNonOperating,"265,000,000","77,000,000","61,000,000","40,000,000","87,000,000","69,000,000","100,000,000","87,000,000","83,000,000","95,000,000","97,000,000","109,000,000","101,000,000","97,000,000","87,000,000","89,000,000","91,000,000","84,000,000","79,000,000","86,000,000","81,000,000","80,000,000","78,000,000","65,000,000","70,000,000","73,000,000","69,000,000","85,000,000","81,000,000","86,000,000","79,000,000","79,000,000","93,000,000","95,000,000","105,000,000","107,000,000","106,000,000","106,000,000","116,000,000","116,000,000","96,000,000","113,000,000","129,000,000","121,000,000","232,000,000","117,000,000","118,000,000","101,000,000","105,000,000","98,000,000","88,000,000","93,000,000",,,,,,,,,,,,,,,,,,,,,,,,,,,,,,,,,,,,,,,,,,,,,,,,,,,,,,,,,,,,,,,,,,,,,,,,,,,,,,,,,,,,,,,,,,,,,,
OtherIncomeExpense,"585,000,000","224,000,000","108,000,000","141,000,000","99,000,000","205,000,000","-122,000,000","154,000,000","131,000,000","26,000,000","53,000,000","-33,000,000","98,000,000","-133,000,000","155,000,000","78,000,000","146,000,000","120,000,000","-57,000,000","88,000,000","169,000,000","129,000,000","-9,000,000","212,000,000","33,000,000","372,000,000","-155,000,000","145,000,000","149,000,000","238,000,000","77,000,000","44,000,000","155,000,000","-44,000,000","75,000,000","40,000,000","134,000,000","-45,000,000","89,000,000","52,000,000","-195,000,000","106,000,000","82,000,000","147,000,000","-443,000,000","-128,000,000","102,000,000","96,000,000","194,000,000","196,000,000","109,000,000","-58,000,000","71,000,000","165,000,000","218,000,000","112,000,000","188,000,000","159,000,000","1,081,552,000","219,798,000","130,089,000","116,561,000","297,468,000","61,677,000","104,237,000","-4,524,000","213,097,000","114,575,000","55,395,000","53,063,000","73,447,000","89,999,000",,"78,740,000","-14,897,000","-29,392,000","39,445,000","36,186,000","-28,032,000","-14,312,000","-71,941,000","68,942,000","5,371,000","55,878,000","55,208,000","102,804,000","56,673,000","99,226,000","46,000,000","38,500,000","29,200,000","39,000,000","15,400,000","131,600,000","32,200,000","30,400,000","56,100,000","64,300,000","42,539,000","44,600,000","63,500,000","65,600,000","58,374,000","73,500,000","116,600,000","61,600,000","84,499,000","13,300,000","14,300,000","27,200,000","32,400,000","50,800,000","33,700,000","28,400,000","40,300,000","46,900,000","29,700,000","41,800,000","36,100,000","33,000,000","31,700,000","25,900,000","56,700,000","67,200,000","34,900,000","38,000,000","37,400,000","32,200,000","54,400,000","49,800,000",,,,,,,,,,,,,,,,
	GainOnSaleOfSecurity,"96,000,000","13,000,000","20,000,000","50,000,000",,,,,,,,,,,,,,,,,,,,,,,,,,"0","-102,000,000",,,"-14,000,000","28,000,000","-46,000,000",,,"1,000,000","8,000,000",,,,,,"-2,000,000","-13,000,000",,,"1,000,000",,,,,,,,,,,,,,,,,,,,,,,,,,,,,,,,,,,,,,,,,,,,,,,,,,,,,,,,,,,,,,,,,,,,,,,,,,,,,,,,,,,,,,,,,,,,,,,,
	EarningsFromEquityInterest,"595,000,000","197,000,000","110,000,000","163,000,000","125,000,000","176,000,000","160,000,000","103,000,000","140,000,000","175,000,000","88,000,000","90,000,000","101,000,000","140,000,000","131,000,000","100,000,000","147,000,000","129,000,000","46,000,000","109,000,000","172,000,000","139,000,000","-2,000,000","90,000,000","65,000,000","103,000,000","61,000,000","87,000,000","139,000,000","141,000,000","21,000,000","78,000,000","132,000,000","149,000,000","63,000,000","62,000,000","137,000,000","113,000,000","106,000,000","115,000,000","127,000,000","124,000,000","208,000,000","71,000,000","-263,000,000","-125,000,000","133,000,000","137,000,000","139,000,000","152,000,000","65,000,000","-136,000,000","93,000,000","123,000,000","127,000,000","78,000,000","124,000,000","85,000,000","86,424,000","84,975,000","65,986,000","56,615,000","60,735,000","54,930,000","22,994,000",,,,,"20,893,000","39,263,000","44,804,000",,"43,294,000",,,"9,278,000","1,304,000",,,,"-19,839,000","4,443,000","5,052,000","10,258,000","85,156,000",,,,,,,,,,,,,,,,,,,,,,,,,,,,,,,,,,,,,,,,,,,,,,,,,,,,,,,,,,,,
	SpecialIncomeCharges,"-100,000,000","-16,000,000","-2,000,000","-23,000,000","-48,000,000","11,000,000","-332,000,000","48,000,000","-41,000,000","-179,000,000","-46,000,000","-121,000,000","4,000,000","-132,000,000","32,000,000","-18,000,000","-10,000,000","-19,000,000","-103,000,000","12,000,000","6,000,000","-6,000,000","-18,000,000","109,000,000","-10,000,000","329,000,000","-219,000,000","70,000,000","3,000,000","80,000,000","163,000,000","-18,000,000","23,000,000","-222,000,000","-17,000,000","16,000,000","5,000,000","-158,000,000","-17,000,000","-63,000,000","-322,000,000","-18,000,000","-138,000,000","76,000,000","-180,000,000","-1,000,000","-18,000,000","-41,000,000","55,000,000","43,000,000","50,000,000","78,000,000","-22,000,000","42,000,000","91,000,000","34,000,000","64,000,000","74,000,000","995,128,000","134,823,000","64,103,000","59,946,000","236,733,000","6,747,000","81,243,000","-4,524,000","-15,768,000","114,575,000","55,395,000","32,170,000","34,184,000","45,195,000",,"35,446,000","-14,897,000","-29,392,000","30,167,000","34,882,000","-28,032,000","-14,312,000","-71,941,000","88,781,000","928,000","50,826,000","44,950,000","17,648,000","56,673,000","99,226,000","46,000,000","38,500,000","29,200,000","39,000,000","15,400,000","131,600,000","32,200,000","30,400,000","56,100,000","64,300,000","42,539,000","44,600,000","63,500,000","65,600,000","58,374,000","73,500,000","116,600,000","61,600,000","84,499,000","13,300,000","14,300,000","27,200,000","32,400,000","50,800,000","33,700,000","28,400,000","40,300,000","46,900,000","29,700,000","41,800,000","36,100,000","33,000,000","31,700,000","25,900,000","56,700,000","67,200,000","34,900,000","38,000,000","37,400,000","32,200,000","54,400,000","49,800,000",,,,,,,,,,,,,,,,
		RestructuringAndMergernAcquisition,"39,000,000","9,000,000","2,000,000","0","28,000,000","15,000,000","1,000,000","13,000,000",,"11,000,000","47,000,000","101,000,000","2,000,000","21,000,000","1,000,000","3,000,000","4,000,000","25,000,000","44,000,000","6,000,000","6,000,000","13,000,000","3,000,000",,,"43,000,000","28,000,000",,,"33,000,000",,"31,000,000",,,,,,,,,,,,,,,,,,,,,,,,,,,,,,,,,,,,,,,,,,,,,,,,,,,,,,,,,,,,,,,,,,,,,,,,,,,,,,,,,,,,,,,,,,,,,,,,,,,,,,,,,,,,,,,,,,
		ImpairmentOfCapitalAssets,"125,000,000","71,000,000",,"23,000,000","31,000,000","4,000,000","3,000,000","3,000,000","41,000,000","92,000,000","6,000,000","35,000,000",,,,,,,,,"4,000,000","6,000,000","2,000,000","12,000,000",,"61,000,000","37,000,000","31,000,000",,,,,,"-3,000,000","12,000,000",,,"146,000,000","0","85,000,000","352,000,000",,,,,,,,,,,,,,,,,,,,,,,,,,,,,,,,,,,,,,,,,,,,,,,,,,,,,,,,,,,,,,,,,,,,,,,,,,,,,,,,,,,,,,,,,,,,,,,,,,,,,,,,,
		WriteOff,"164,000,000","80,000,000",,"23,000,000","59,000,000","19,000,000","4,000,000",,"41,000,000","103,000,000",,,"9,000,000","-21,000,000",,"21,000,000","12,000,000","-93,000,000","63,000,000","17,000,000",,"0","6,000,000",,"13,000,000","104,000,000",,,,"74,000,000","0",,,"239,000,000","11,000,000","0","0",,,,,,,,,,,,,,,,,,,,,,,,,,,,,,,,,,,,,,,,,,,,,,,,,,,,,,,,,,,,,,,,,,,,,,,,,,,,,,,,,,,,,,,,,,,,,,,,,,,,,,,,,,,,,
		OtherSpecialCharges,"36,000,000",,,,,"-1,000,000","396,000,000",,,,,,,,,,,"0","11,000,000",,,,,,,"0","189,000,000",,,,,,,,,,,"12,000,000","17,000,000","-22,000,000","-30,000,000",,"138,000,000","-76,000,000","109,000,000",,,,,,,,,,,,,,,,,,,,,,,,,,,,,,,,,,,,,,,,,,,,,,,,,,,,,,,,,,,,,,,,,,,,,,,,,,,,,,,,,,,,,,,,,,,,,,,,,,,,,
		GainOnSaleOfBusiness,,,,,,,,,,,,,,,,,,,,,,,,,,,,,,,,,,,,,,,"0","0","0",,"0","0","-71,000,000",,,,,,,,,,,,,,,,,,,,,,,,,,,,,,,,,,,,,,,,,,,,,,,,,,,,,,,,,,,,,,,,,,,,,,,,,,,,,,,,,,,,,,,,,,,,,,,,,,,,,
		GainOnSaleOfPPE,"100,000,000",,,,"11,000,000","29,000,000","68,000,000","64,000,000","0","-76,000,000","7,000,000","15,000,000","15,000,000","-2,000,000","33,000,000","6,000,000","6,000,000","14,000,000","15,000,000","35,000,000","16,000,000","13,000,000","-7,000,000","121,000,000","3,000,000","433,000,000","35,000,000","101,000,000","3,000,000","154,000,000","163,000,000","13,000,000","23,000,000","14,000,000","6,000,000","16,000,000","5,000,000",,,,,,,,,,,,,,,,,,,,,,,,,,,,,,,,,,,,,,,,,,,,,,,,,,,,,,,,,,,,,,,,,,,,,,,,,,,,,,,,,,,,,,,,,,,,,,,,,,,,,,,,,,,,,
	OtherNonOperatingIncomeExpenses,"-6,000,000","30,000,000","-20,000,000","-49,000,000","22,000,000","18,000,000","50,000,000","3,000,000","32,000,000","30,000,000","11,000,000","-2,000,000","-7,000,000","-141,000,000","-8,000,000","-4,000,000","9,000,000","10,000,000",,"-33,000,000","-9,000,000","-4,000,000","11,000,000","13,000,000","-22,000,000","-60,000,000","3,000,000","-12,000,000","7,000,000","17,000,000","-5,000,000","-16,000,000",,"43,000,000","1,000,000","8,000,000","-8,000,000",,,,,,,,,,,,,,,,,,,,,,,,,,,,,,,,,,,,,,,,,,,,,,,,,,,,,,,,,,,,,,,,,,,,,,,,,,,,,,,,,,,,,,,,,,,,,,,,,,,,,,,,,,,,,
PretaxIncome,"3,313,000,000","1,011,000,000","653,000,000","825,000,000","824,000,000","756,000,000","200,000,000","552,000,000","375,000,000","496,000,000","503,000,000","274,000,000","315,000,000","312,000,000","632,000,000","652,000,000","464,000,000","543,000,000","225,000,000","383,000,000","458,000,000","629,000,000","480,000,000","407,000,000","306,000,000","701,000,000","367,000,000","526,000,000","690,000,000","996,000,000","1,033,000,000","735,000,000","366,000,000","623,000,000","709,000,000","317,000,000","375,000,000","295,000,000","416,000,000","568,000,000","121,000,000","660,000,000","764,000,000","791,000,000","998,000,000","462,000,000","550,000,000","534,000,000","784,000,000","717,000,000","62,000,000","152,000,000","826,000,000","1,494,000,000","538,000,000","755,000,000","685,000,000","647,000,000","1,393,816,000","556,204,000","628,727,000","575,253,000","581,851,000","492,963,000","506,704,000","273,732,000","267,040,000","409,036,000","454,362,000","385,937,000","-158,133,000","338,461,000","320,029,000","217,654,000","132,896,000","153,731,000","188,842,000","155,504,000","119,196,000","176,218,000","225,601,000","197,922,000","83,109,000","137,998,000","184,603,000","116,189,000","-9,643,000","154,931,000","153,200,000","54,600,000","53,600,000","17,900,000","169,900,000","178,400,000","95,000,000","106,500,000","209,400,000","199,100,000","185,800,000","92,700,000","287,700,000","78,200,000","217,500,000","247,400,000","342,400,000","247,100,000","330,000,000","296,500,000","326,100,000","228,900,000","192,600,000","198,400,000","222,500,000","124,900,000","128,200,000","193,400,000","234,400,000","189,900,000","196,600,000","166,300,000","199,800,000","197,000,000","189,600,000","181,700,000","178,200,000","168,300,000","184,500,000","179,300,000","207,200,000","182,200,000",,,,,,,,,,,,,,,,
TaxProvision,"578,000,000","214,000,000","120,000,000","113,000,000","131,000,000","63,000,000","-26,000,000","80,000,000","-16,000,000","-3,000,000","95,000,000","36,000,000","81,000,000","-5,000,000","96,000,000","86,000,000","68,000,000","-249,000,000","30,000,000","108,000,000","118,000,000","203,000,000","136,000,000","119,000,000","76,000,000","-16,000,000","114,000,000","143,000,000","197,000,000","291,000,000","285,000,000","203,000,000","98,000,000","246,000,000","228,000,000","91,000,000","105,000,000","111,000,000","123,000,000","163,000,000","38,000,000","199,000,000","385,000,000","223,000,000","269,000,000","120,000,000","105,000,000","118,000,000","223,000,000","220,000,000","-2,000,000","144,000,000","241,000,000","444,000,000","166,000,000","238,000,000","212,000,000","206,000,000","438,720,000","193,313,000","187,459,000","172,508,000","171,592,000","145,167,000","139,027,000","87,394,000","71,556,000","139,941,000","140,853,000","119,640,000","-55,072,000","111,692,000","99,208,000","67,473,000","37,876,000","36,926,000","57,597,000","47,429,000","6,930,000","59,034,000","75,576,000","66,304,000","27,010,000","44,849,000","59,996,000","6,760,000","-69,230,000","51,902,000","51,300,000","18,300,000","11,300,000","6,200,000","59,500,000","61,500,000","32,300,000","36,200,000","70,200,000","67,700,000","63,200,000","31,500,000","97,800,000","74,600,000","74,000,000","84,100,000","116,400,000","84,000,000","104,400,000","100,800,000","106,000,000","74,400,000","54,900,000","67,100,000","76,400,000","55,800,000","7,000,000","63,000,000","78,100,000","63,300,000","59,400,000","57,200,000","68,700,000","70,500,000","66,200,000","63,600,000","60,800,000","60,600,000","66,700,000","62,900,000","75,000,000","65,000,000",,,,,,,,,,,,,,,,
NetIncomeCommonStockholders,"2,709,000,000","782,000,000","526,000,000","712,000,000","689,000,000","687,000,000","225,000,000","469,000,000","391,000,000","504,000,000","407,000,000","235,000,000","233,000,000","315,000,000","536,000,000","566,000,000","393,000,000","788,000,000","192,000,000","276,000,000","339,000,000","424,000,000","341,000,000","284,000,000","230,000,000","718,000,000","252,000,000","386,000,000","493,000,000","701,000,000","747,000,000","533,000,000","267,000,000","374,000,000","476,000,000","223,000,000","269,000,000","182,000,000","284,000,000","399,000,000","80,000,000","460,000,000","381,000,000","578,000,000","732,000,000","345,000,000","446,000,000","421,000,000","567,000,000","496,000,000","64,000,000","8,000,000","585,000,000","1,050,000,000","372,000,000","517,000,000","473,000,000","441,000,000","955,096,000","362,891,000","441,268,000","402,745,000","410,259,000","347,796,000","367,677,000","186,338,000","195,484,000","269,095,000","313,509,000","266,297,000","-103,061,000","226,769,000","220,821,000","150,181,000","95,020,000","116,805,000","131,245,000","108,075,000","112,266,000","117,184,000","150,025,000","131,618,000","56,099,000","93,149,000","124,607,000","109,429,000","59,587,000","103,029,000","101,900,000","36,300,000","42,300,000","11,700,000","95,100,000","116,900,000","62,700,000","70,300,000","139,200,000","131,400,000","122,600,000","61,200,000","189,900,000","3,600,000","143,500,000","163,300,000","226,000,000","163,100,000","225,600,000","195,700,000","220,100,000","154,500,000","137,700,000","131,300,000","146,100,000","69,100,000","154,200,000","130,400,000","156,300,000","126,600,000","137,200,000","109,100,000","131,100,000","126,500,000","123,400,000","118,100,000","117,400,000","107,700,000","117,800,000","116,400,000","132,200,000","117,200,000",,,,,,,,,,,,,,,,
	NetIncome,"2,709,000,000","782,000,000","526,000,000","712,000,000","689,000,000","687,000,000","225,000,000","469,000,000","391,000,000","504,000,000","407,000,000","235,000,000","233,000,000","315,000,000","536,000,000","566,000,000","393,000,000","788,000,000","192,000,000","276,000,000","339,000,000","424,000,000","341,000,000","284,000,000","230,000,000","718,000,000","252,000,000","386,000,000","493,000,000","701,000,000","747,000,000","533,000,000","267,000,000","374,000,000","476,000,000","223,000,000","269,000,000","182,000,000","284,000,000","399,000,000","80,000,000","460,000,000","381,000,000","578,000,000","732,000,000","345,000,000","446,000,000","421,000,000","567,000,000","496,000,000","64,000,000","8,000,000","585,000,000","1,050,000,000","372,000,000","517,000,000","473,000,000","441,000,000","955,096,000","362,891,000","441,268,000","402,745,000","410,259,000","347,796,000","367,677,000","186,338,000","195,484,000","269,095,000","313,509,000","266,297,000","-103,061,000","226,769,000","220,821,000","150,181,000","95,020,000","116,805,000","131,245,000","108,075,000","112,266,000","117,184,000","150,025,000","131,618,000","56,099,000","93,149,000","124,607,000","109,429,000","59,587,000","103,029,000","101,900,000","36,300,000","42,300,000","11,700,000","95,100,000","116,900,000","62,700,000","70,300,000","139,200,000","131,400,000","122,600,000","61,200,000","189,900,000","3,600,000","143,500,000","163,300,000","226,000,000","163,100,000","225,600,000","195,700,000","220,100,000","154,500,000","137,700,000","131,300,000","146,100,000","69,100,000","154,200,000","130,400,000","156,300,000","126,600,000","137,200,000","109,100,000","131,100,000","126,500,000","123,400,000","118,100,000","117,400,000","107,700,000","117,800,000","116,400,000","132,200,000","117,200,000",,,,,,,,,,,,,,,,
		NetIncomeIncludingNoncontrollingInterests,"2,735,000,000","797,000,000","533,000,000","712,000,000","693,000,000","693,000,000","226,000,000","472,000,000","391,000,000","499,000,000","408,000,000","238,000,000","234,000,000","317,000,000","536,000,000","566,000,000","396,000,000","792,000,000","195,000,000","275,000,000","340,000,000","426,000,000","344,000,000","288,000,000","230,000,000","717,000,000","253,000,000","383,000,000","493,000,000","705,000,000","748,000,000","532,000,000","268,000,000","377,000,000","481,000,000","226,000,000","270,000,000","184,000,000","293,000,000","405,000,000","83,000,000","461,000,000","379,000,000","568,000,000","729,000,000","342,000,000","445,000,000","416,000,000","561,000,000","497,000,000","64,000,000","8,000,000","585,000,000","1,050,000,000","372,000,000","517,000,000","473,000,000","441,000,000","955,096,000","362,891,000","441,268,000","402,745,000","410,259,000","347,796,000","367,677,000","186,338,000","195,484,000","269,095,000","313,509,000","266,297,000","-103,061,000","226,769,000","220,821,000","150,181,000","95,020,000","116,805,000","131,245,000","108,075,000","112,266,000","117,184,000","150,025,000","131,618,000","56,099,000","93,149,000","124,607,000","109,429,000","59,587,000","103,029,000","101,900,000","36,300,000","42,300,000","11,700,000","95,100,000","116,900,000","62,700,000","70,300,000","139,200,000","131,400,000","122,600,000","61,200,000","189,900,000","3,600,000","143,500,000","163,300,000","226,000,000","163,100,000","225,600,000","195,700,000","220,100,000","154,500,000","137,700,000","131,300,000","146,100,000","69,100,000","154,200,000","130,400,000","156,300,000","126,600,000","137,200,000","109,100,000","131,100,000","126,500,000","123,400,000","118,100,000","117,400,000","107,700,000","117,800,000","116,400,000","132,200,000","117,200,000","116,800,000","116,200,000","100,400,000","91,300,000","74,800,000","98,000,000","97,300,000","83,000,000","78,400,000","72,600,000","49,500,000","64,900,000","66,000,000","55,600,000","67,300,000","50,500,000"
			NetIncomeContinuousOperations,"2,735,000,000","797,000,000","533,000,000","712,000,000","693,000,000","693,000,000","226,000,000","472,000,000","391,000,000","499,000,000","408,000,000","238,000,000","234,000,000","317,000,000","536,000,000","566,000,000","396,000,000","792,000,000","195,000,000","275,000,000","340,000,000","426,000,000","344,000,000","288,000,000","230,000,000","717,000,000","253,000,000","383,000,000","493,000,000","705,000,000","748,000,000","532,000,000","268,000,000","377,000,000","481,000,000","226,000,000","270,000,000","184,000,000","293,000,000","405,000,000","83,000,000","461,000,000","379,000,000","568,000,000","729,000,000","342,000,000","445,000,000","416,000,000","561,000,000","497,000,000","64,000,000","8,000,000","585,000,000","1,050,000,000","372,000,000","517,000,000","473,000,000","441,000,000","955,096,000","362,891,000","441,268,000","402,745,000","410,259,000","347,796,000","367,677,000","186,338,000","195,484,000","269,095,000","313,509,000","266,297,000","-103,061,000","226,769,000","220,821,000","150,181,000","95,020,000","116,805,000","131,245,000","108,075,000","112,266,000","117,184,000","150,025,000","131,618,000","56,099,000","93,149,000","124,607,000","109,429,000","59,587,000","103,029,000","101,900,000","36,300,000","42,300,000","11,700,000","110,400,000","116,900,000","62,700,000","70,300,000","139,200,000","131,400,000","122,600,000","61,200,000","189,900,000","3,600,000","143,500,000","163,300,000","226,000,000","163,100,000","225,600,000","195,700,000","220,100,000","154,500,000","137,700,000","131,300,000","146,100,000","69,100,000","121,200,000","130,400,000","156,300,000","126,600,000","137,200,000","109,100,000","131,100,000","126,500,000","123,400,000","118,100,000","117,400,000","107,700,000","117,800,000","116,400,000","132,200,000","117,200,000","116,800,000","116,200,000","100,400,000","91,300,000","74,800,000","98,000,000","97,300,000","83,000,000","78,400,000","72,600,000","49,500,000","64,900,000","66,000,000","55,600,000","67,300,000","50,500,000"
			NetIncomeFromTaxLossCarryforward,,,,,,,,,,,,,,,,,,,,,,,,,,,,,,,,,,,,,,,,,,,,,,,,,,,,,,,,,,,,,,,,,,,,,,,,,,,,,,,,,,,,,,,,,,,"0",,"-15,300,000",,,,,,,,,,,,,,,,,,,,,,,,,,,,,,,,,,,,,,,,,,,,,,,,,,,,,
		MinorityInterests,"-26,000,000","-15,000,000","-7,000,000","0","-4,000,000","-6,000,000","-1,000,000","-3,000,000","0","5,000,000","-1,000,000","-3,000,000","-1,000,000","-2,000,000","0",,"-3,000,000","-4,000,000","-3,000,000","1,000,000","-1,000,000","-2,000,000","-3,000,000","-4,000,000","0","1,000,000","-1,000,000","3,000,000","0","-4,000,000","-1,000,000","1,000,000","-1,000,000","-3,000,000","-5,000,000","-3,000,000","-1,000,000","-2,000,000","-9,000,000","-6,000,000","-3,000,000","-1,000,000","2,000,000","10,000,000","3,000,000","3,000,000","1,000,000","5,000,000","6,000,000","-1,000,000",,,,,,,,,,,,,,,,,,,,,,,,,,,,,,,,,,,,,,,,,,,,,,,,,,,,,,,,,,,,,,,,,,,,,,,,,,,,,,,,,,,,,,,,,,,,,,,,
DilutedNIAvailtoComStockholders,"2,709,000,000","782,000,000","526,000,000","712,000,000","689,000,000","687,000,000","225,000,000","469,000,000","391,000,000","504,000,000","407,000,000","235,000,000","233,000,000","315,000,000","536,000,000","566,000,000","393,000,000","788,000,000","192,000,000","276,000,000","339,000,000","424,000,000","341,000,000","284,000,000","230,000,000","718,000,000","252,000,000","386,000,000","493,000,000","701,000,000","747,000,000","533,000,000","267,000,000","374,000,000","476,000,000","223,000,000","269,000,000","182,000,000","284,000,000","399,000,000","80,000,000","460,000,000","381,000,000","578,000,000","732,000,000","345,000,000","446,000,000","421,000,000","567,000,000","496,000,000","64,000,000","8,000,000","585,000,000","1,050,000,000","372,000,000","517,000,000","473,000,000","441,000,000","955,096,000","362,891,000","441,268,000","402,745,000","410,259,000","347,796,000","367,677,000","186,338,000","195,484,000","269,095,000","313,509,000","266,297,000","-103,061,000","226,769,000","220,821,000","150,181,000","95,020,000","116,805,000","131,245,000","108,075,000","112,266,000","117,184,000","150,025,000","131,618,000","56,099,000","93,149,000","124,607,000","109,429,000","59,587,000","103,029,000","101,900,000","36,300,000","42,300,000","11,700,000","95,100,000","116,900,000","62,700,000","70,300,000","139,200,000","131,400,000","122,600,000","61,200,000","189,900,000","3,600,000","143,500,000","163,300,000","226,000,000","163,100,000","225,600,000","195,700,000","220,100,000","154,500,000","137,700,000","131,300,000","146,100,000","69,100,000","154,200,000","130,400,000","156,300,000","126,600,000","137,200,000","109,100,000","131,100,000","126,500,000","123,400,000","118,100,000","117,400,000","107,700,000","117,800,000","116,400,000","132,200,000","117,200,000",,,,,,,,,,,,,,,,
BasicEPS,,"1.396","0.93","1.274","1.233","1.236","0.405","0.84","0.705","0.905","0.72","0.42","0.416","0.564","0.95","1","0.7","1.415","0.34","0.48","0.59","0.74","0.58","0.48","0.39","1.207","0.41","0.62","0.789","1.1","1.156","0.81","0.408","0.568","0.72","0.338","0.408","0.276","0.431","0.605","0.121","0.689","0.564","0.845","1.149","0.54",,"0.655","0.88","0.773",,"0.01","0.91","1.63",,"0.8","0.74","0.68",,"0.56","0.67","0.61",,"0.53","0.56","0.29",,"0.41","0.48","0.41",,"0.35","0.34","0.23",,"0.18","0.2","0.17",,"0.18","0.23","0.2",,"0.143","0.19","0.162",,"0.154","0.154","0.052",,"0.016","0.115","0.148",,"0.081","0.169","0.162",,"0.067","0.214","0.006",,"0.172","0.239","0.172",,"0.191","0.217","0.101",,"0.086","0.099","0.047",,"0.078","0.098","0.074",,"0.058","0.074","0.07",,"0.059","0.059","0.052",,"0.057","0.067","0.038",,"0.036","0.031","0.029",,"0.028","0.028","0.024",,"0.022","0.018","0.022",,"0.016","0.018","0.012"
DilutedEPS,,"1.38","0.93","1.26","1.22","1.22","0.4","0.84","0.69","0.9","0.72","0.42","0.41","0.55","0.94","1","0.7","1.39","0.34","0.48","0.59","0.73","0.58","0.48","0.39","1.19","0.41","0.62","0.77","1.08","1.14","0.81","0.4","0.56","0.72","0.338","0.408","0.276","0.43","0.6","0.12","0.68","0.564","0.845","1.14","0.54",,"0.65","0.88","0.77",,"0.01","0.91","1.63",,"0.8","0.73","0.68",,"0.56","0.67","0.61",,"0.53","0.56","0.285",,"0.41","0.48","0.41",,"0.35","0.34","0.23",,"0.18","0.2","0.17",,"0.18","0.23","0.2",,"0.143","0.19","0.162",,"0.154","0.154","0.052",,"0.016","0.115","0.148",,"0.081","0.169","0.162",,"0.067","0.214","0.006",,"0.172","0.239","0.172",,"0.191","0.217","0.101",,"0.086","0.099","0.047",,"0.078","0.098","0.074",,"0.058","0.074","0.07",,"0.059","0.059","0.052",,"0.057","0.067","0.038",,"0.036","0.031","0.029",,"0.028","0.028","0.024",,"0.022","0.018","0.022",,"0.016","0.018","0.012"
BasicAverageShares,,"560,000,000","564,000,000","559,000,000","559,000,000","556,000,000","556,000,000","561,000,000","555,000,000","557,000,000","562,000,000","565,000,000","560,000,000","559,000,000","565,000,000","564,000,000","563,000,000","557,000,000","566,000,000","571,000,000","576,000,000","573,000,000","586,000,000","591,000,000","595,000,000","595,000,000","612,000,000","624,000,000","625,000,000","637,000,000","646,000,000","656,000,000","655,000,000","659,000,000","661,000,000","659,000,000","659,000,000","659,000,000","659,000,000","660,000,000","662,000,000","668,000,000","676,000,000","684,000,000","637,000,000","639,000,000",,"643,000,000","645,000,000","642,000,000",,"642,000,000","642,000,000","644,000,000",,"644,000,000","643,000,000","644,000,000",,"648,737,000","656,563,000","656,618,000",,"653,995,000","653,270,000","651,945,000",,"656,163,000","654,985,000","652,325,000",,"648,565,000","646,845,000","645,132,000",,"645,445,000","646,178,000","648,066,000",,"653,586,000","660,285,000","662,613,000",,"665,541,450","665,072,100","664,211,100",,"668,118,307","671,171,130","700,643,382",,"711,355,699","826,006,434","789,719,669",,"845,829,472","825,453,940","825,288,632",,"883,536,542","887,984,383","889,697,153",,"937,549,671","943,547,939","955,430,567",,"1,024,794,052","1,024,625,199","1,535,443,459",,"692,051,325","691,629,664","705,575,377",,"726,411,161","726,061,249","725,281,947",,"731,891,647","728,938,917","728,203,770",,"725,958,591","735,962,549","736,751,784",,"730,883,855","731,234,871","724,184,746",,"720,936,192","719,994,630","725,911,127",,"720,086,248","698,963,472","740,816,063",,"735,931,643","735,931,643","731,609,066",,"691,678,232","691,678,232","719,205,396"
DilutedAverageShares,,"566,000,000","566,000,000","566,000,000","564,000,000","563,000,000","562,000,000","562,000,000","564,000,000","563,000,000","563,000,000","566,000,000","566,000,000","567,000,000","568,000,000","567,000,000","565,000,000","565,000,000","569,000,000","574,000,000","579,000,000","583,000,000","589,000,000","594,000,000","597,000,000","603,000,000","615,000,000","627,000,000","639,000,000","649,000,000","653,000,000","659,000,000","663,000,000","663,000,000","664,000,000","663,000,000","662,000,000","661,000,000","661,000,000","663,000,000","667,000,000","674,000,000","676,000,000","684,000,000","641,000,000","641,000,000",,"645,000,000","645,000,000","644,000,000",,"644,000,000","643,000,000","645,000,000",,"647,000,000","646,000,000","647,000,000",,"653,177,000","660,548,000","660,863,000",,"657,130,000","655,508,000","653,805,000",,"658,904,000","654,985,000","652,325,000",,"648,565,000","646,845,000","645,132,000",,"645,445,000","646,178,000","648,066,000",,"653,586,000","660,285,000","662,613,000",,"665,541,450","665,072,100","664,211,100",,"700,643,382","700,643,382","700,643,382",,"711,355,699","826,006,434","789,719,669",,"845,829,472","825,453,940","825,288,632",,"883,536,542","887,984,383","889,697,153",,"937,549,671","943,547,939","955,430,567",,"1,024,794,052","1,024,625,199","1,535,443,459",,"692,051,325","691,629,664","705,575,377",,"726,411,161","726,061,249","725,281,947",,"731,891,647","728,938,917","728,203,770",,"725,958,591","735,962,549","736,751,784",,"730,883,855","731,234,871","724,184,746",,"720,936,192","719,994,630","725,911,127",,"720,086,248","698,963,472","740,816,063",,"735,931,643","735,931,643","731,609,066",,"691,678,232","691,678,232","719,205,396"
TotalExpenses,"82,256,000,000","22,226,000,000","19,734,000,000","22,202,000,000","18,094,000,000","17,375,000,000","14,720,000,000","15,811,000,000","14,683,000,000","15,814,000,000","16,226,000,000","15,927,000,000","15,035,000,000","15,452,000,000","15,276,000,000","16,447,000,000","15,150,000,000","15,594,000,000","14,493,000,000","14,587,000,000","14,641,000,000","15,945,000,000","15,288,000,000","15,392,000,000","14,063,000,000","16,062,000,000","15,987,000,000","16,741,000,000","16,902,000,000","20,080,000,000","17,098,000,000","20,748,000,000","20,414,000,000","23,415,000,000","20,666,000,000","22,186,000,000","21,407,000,000","21,392,000,000","22,256,000,000","20,549,000,000","22,916,000,000","21,275,000,000","22,195,000,000","19,312,000,000","20,108,000,000","16,372,000,000","15,108,000,000","14,609,000,000","15,218,000,000","14,302,000,000","16,491,000,000","14,539,000,000","15,798,000,000","19,702,000,000","21,325,000,000","17,929,000,000","15,886,000,000","12,252,000,000","11,789,214,000","10,929,277,000","10,366,330,000","8,891,179,000","9,014,974,000","8,649,404,000","8,809,909,000","8,348,693,000","9,178,525,000","8,189,710,000","8,664,559,000","8,560,488,000","9,835,407,000","8,973,701,000","8,868,475,000","7,745,944,000","7,900,433,000","7,725,407,000","7,562,692,000","6,740,057,000","6,921,578,000","5,135,869,000","5,256,682,000","5,282,898,000","5,170,854,000","4,947,465,000","4,712,134,000","4,520,199,000","3,091,973,000","2,961,683,000","3,213,600,000","3,119,400,000","3,092,500,000","3,313,000,000","3,672,400,000","3,674,600,000","3,898,600,000","4,123,900,000","3,904,600,000","3,461,100,000","3,252,000,000","3,369,400,000","3,275,700,000","3,330,700,000","3,089,000,000","3,268,800,000","3,146,700,000","2,895,100,000","2,849,000,000","2,972,800,000","2,866,300,000","2,770,700,000","2,727,300,000","2,816,800,000","2,590,000,000","2,473,700,000","2,293,300,000","2,273,100,000","2,306,100,000","2,200,600,000","2,192,900,000","2,073,900,000","2,107,100,000","2,109,300,000","1,943,500,000","1,954,100,000","2,024,100,000","1,929,400,000","1,911,500,000","1,857,300,000","1,609,100,000","1,699,100,000",,,,,,,,,,,,,,,,
NetIncomeFromContinuingAndDiscontinuedOperation,"2,709,000,000","782,000,000","526,000,000","712,000,000","689,000,000","687,000,000","225,000,000","469,000,000","391,000,000","504,000,000","407,000,000","235,000,000","233,000,000","315,000,000","536,000,000","566,000,000","393,000,000","788,000,000","192,000,000","276,000,000","339,000,000","424,000,000","341,000,000","284,000,000","230,000,000","718,000,000","252,000,000","386,000,000","493,000,000","701,000,000","747,000,000","533,000,000","267,000,000","374,000,000","476,000,000","223,000,000","269,000,000","182,000,000","284,000,000","399,000,000","80,000,000","460,000,000","381,000,000","578,000,000","732,000,000","345,000,000","446,000,000","421,000,000","567,000,000","496,000,000","64,000,000","8,000,000","585,000,000","1,050,000,000","372,000,000","517,000,000","473,000,000","441,000,000","955,096,000","362,891,000","441,268,000","402,745,000","410,259,000","347,796,000","367,677,000","186,338,000","195,484,000","269,095,000","313,509,000","266,297,000","-103,061,000","226,769,000","220,821,000","150,181,000","95,020,000","116,805,000","131,245,000","108,075,000","112,266,000","117,184,000","150,025,000","131,618,000","56,099,000","93,149,000","124,607,000","109,429,000","59,587,000","103,029,000","101,900,000","36,300,000","42,300,000","11,700,000","110,400,000","116,900,000","62,700,000","70,300,000","139,200,000","131,400,000","122,600,000","61,200,000","189,900,000","3,600,000","143,500,000","163,300,000","226,000,000","163,100,000","225,600,000","195,700,000","220,100,000","154,500,000","137,700,000","131,300,000","146,100,000","69,100,000","121,200,000","130,400,000","156,300,000","126,600,000","137,200,000","109,100,000","131,100,000","126,500,000","123,400,000","118,100,000","117,400,000","107,700,000","117,800,000","116,400,000","132,200,000","117,200,000",,,,,,,,,,,,,,,,
NormalizedIncome,"2,712,304,000","784,364,985.163","511,312,000","688,699,000","729,368,000","676,916,666.667","467,360,000","427,960,000","420,930,000","634,670,000","444,312,127.237","340,149,000","230,028,000","411,360,000","508,864,000","581,624,000","401,530,000","799,400,000","281,301,000","267,384,000","334,548,000","428,063,593.005","353,906,000","206,828,000","237,520,000","520,600,000","402,891,000","335,040,000","490,858,000","644,373,493.976","702,836,000","546,032,000","250,164,000","516,812,199.037","468,542,000","244,390,000","265,400,000","280,592,000","295,973,557.692","443,919,000","300,876,033.058","472,572,727.273","462,900,000","523,426,042.984","863,482,965.932","347,220,779.221","471,081,818.182","452,940,074.906","527,644,132.653","465,500,697.35","35,400,000","-42,700,000","600,581,113.801","1,020,481,927.711","309,078,066.914","493,717,880.795","428,807,299.27","390,561,051.005","273,196,256.929","274,926,775.915","396,277,721.86","360,775,724.273","243,340,246.149","343,035,846.374","308,725,062.555","189,417,629.389","207,026,808.987","193,718,848.207","275,286,545.096","244,099,660.823","-125,339,950.15","196,488,332.641","220,821,000","125,723,302.342","105,671,283.259","139,137,077.2","110,278,965.352","83,832,072.808","138,668,232.558","126,701,401.219","197,865,871.827","72,578,693.314","55,472,595.254","58,841,321.092","94,265,756.087","92,807,779.471","25,583,200","37,043,783.652","71,303,394.256","10,703,846.154","19,255,970.149","-13,791,620.112","100,393,172.454","30,666,591.928","41,448,000","50,233,145.54","101,907,163.324","88,963,937.72","94,530,670.614","31,755,339.806","147,986,027.112","-35,760,000","104,986,579.31","114,785,246.564","149,038,551.402","122,440,509.915","167,833,410.909","186,921,551.433","210,448,267.403","136,140,891.219","114,535,514.019","97,680,846.774","123,971,595.506","52,060,000","83,100,468.019","98,777,662.875","136,495,776.451","98,733,333.333","112,007,121.058","87,450,571.257","110,299,849.85","109,868,781.726","86,497,151.899","74,421,849.202","94,407,519.641","83,382,709.447","93,920,758.808","95,496,040.156","97,491,119.691","85,166,190.999",,,,,,,,,,,,,,,,
InterestIncome,"96,000,000","13,000,000",,,"13,000,000","17,000,000","16,000,000","15,000,000","40,000,000","50,000,000","47,000,000","46,000,000","49,000,000","47,000,000","40,000,000","42,000,000","33,000,000","31,000,000","27,000,000","25,000,000","23,000,000","24,000,000","23,000,000","23,000,000","22,000,000","19,000,000","13,000,000","21,000,000","18,000,000","30,000,000","16,000,000","24,000,000","22,000,000","34,000,000","12,000,000","29,000,000","27,000,000","30,000,000","24,000,000","26,000,000","22,000,000","40,000,000","39,000,000","32,000,000",,"24,000,000",,,,,,,,,,,,,,,,,,,,,,,,,,,,,,,,,,,,,,,,,,,,,,,,,,,,,,,,,,,,,,,,,,,,,,,,,,,,,,,,,,,,,,,,,,,,,,,,,,,,
InterestExpense,"265,000,000","77,000,000","61,000,000","40,000,000","87,000,000","69,000,000","100,000,000","87,000,000","83,000,000","95,000,000","97,000,000","109,000,000","101,000,000","97,000,000","87,000,000","89,000,000","91,000,000","84,000,000","79,000,000","86,000,000","81,000,000","80,000,000","78,000,000","65,000,000","70,000,000","73,000,000","69,000,000","85,000,000","81,000,000","86,000,000","79,000,000","79,000,000","93,000,000","95,000,000","105,000,000","107,000,000","106,000,000","106,000,000","116,000,000","116,000,000","96,000,000","113,000,000","129,000,000","121,000,000","232,000,000","117,000,000","118,000,000","101,000,000","105,000,000","98,000,000","88,000,000","93,000,000",,,,,,,,,,,,,,,,,,,,,,,,,,,,,,,,,,,,,,,,,,,,,,,,,,,,,,,,,,,,,,,,,,,,,,,,,,,,,,,,,,,,,,,,,,,,,,
NetInterestIncome,"-265,000,000","-77,000,000","-61,000,000","-40,000,000","-74,000,000","-52,000,000","-84,000,000","-72,000,000","-43,000,000","-45,000,000","-50,000,000","-63,000,000","-52,000,000","-50,000,000","-47,000,000","-47,000,000","-58,000,000","-53,000,000","-52,000,000","-61,000,000","-58,000,000","-56,000,000","-55,000,000","-42,000,000","-48,000,000","-54,000,000","-56,000,000","-64,000,000","-63,000,000","-56,000,000","-63,000,000","-55,000,000","-71,000,000","-61,000,000","-93,000,000","-78,000,000","-79,000,000","-76,000,000","-92,000,000","-90,000,000","-74,000,000","-73,000,000","7,000,000","-121,000,000","-232,000,000","-93,000,000","-118,000,000","-101,000,000","-105,000,000","-98,000,000","-88,000,000","-93,000,000",,,,,,,,,,,,,,,,,,,,,,,,,,,,,,,,,,,,,,,,,,,,,,,,,,,,,,,,,,,,,,,,,,,,,,,,,,,,,,,,,,,,,,,,,,,,,,
EBIT,"3,578,000,000","1,088,000,000","714,000,000","865,000,000","911,000,000","825,000,000","300,000,000","639,000,000","458,000,000","591,000,000","600,000,000","383,000,000","416,000,000","409,000,000","719,000,000","741,000,000","555,000,000","627,000,000","304,000,000","469,000,000","539,000,000","709,000,000","558,000,000","472,000,000","376,000,000","774,000,000","436,000,000","611,000,000","771,000,000","1,082,000,000","1,112,000,000","814,000,000","459,000,000","718,000,000","814,000,000","424,000,000","481,000,000","401,000,000","532,000,000","684,000,000","217,000,000","773,000,000","893,000,000","912,000,000","1,230,000,000","579,000,000","668,000,000","635,000,000","889,000,000","815,000,000","150,000,000","245,000,000","875,000,000","1,458,000,000","459,000,000","779,000,000","610,000,000","576,000,000","424,675,000","451,873,000","609,709,000","555,743,000","532,362,000","473,437,000","489,076,000","278,256,000","245,177,000","294,461,000","398,967,000","411,923,000","-149,438,000","335,318,000","320,029,000","221,958,000","147,793,000","183,123,000","244,690,000","203,838,000","147,228,000","190,530,000","297,542,000","221,234,000","174,438,000","182,881,000","228,865,000","114,585,000","31,709,000","150,126,000","206,700,000","101,600,000","99,700,000","65,100,000","239,100,000","126,800,000","148,100,000","156,400,000","225,700,000","190,200,000","197,900,000","96,600,000","272,400,000","58,700,000","202,500,000","217,900,000","268,400,000","225,600,000","286,200,000","326,900,000","355,500,000","244,500,000","201,900,000","193,200,000","231,600,000","139,900,000","129,000,000","184,000,000","241,400,000","183,900,000","194,200,000","161,800,000","197,400,000","194,900,000","155,700,000","138,800,000","169,700,000","152,800,000","170,200,000","173,100,000","176,200,000","154,800,000","-5,283,800,000","2,083,200,000","1,851,000,000","1,971,800,000","-4,382,200,000","1,681,200,000","1,654,200,000","1,587,700,000","-3,886,800,000","1,431,700,000","1,464,900,000","1,371,000,000","-3,591,800,000","1,331,500,000","1,328,000,000","1,285,800,000"
EBITDA,"4,574,000,000"
ReconciledCostOfRevenue,"79,262,000,000","21,440,000,000","19,014,000,000","21,463,000,000","17,345,000,000","16,626,000,000","14,084,000,000","15,173,000,000","14,019,000,000","15,160,000,000","15,648,000,000","15,325,000,000","14,376,000,000","14,894,000,000","14,742,000,000","15,887,000,000","14,637,000,000","15,131,000,000","14,015,000,000","14,056,000,000","14,120,000,000","15,475,000,000","14,727,000,000","14,872,000,000","13,588,000,000","15,580,000,000","15,476,000,000","16,222,000,000","16,404,000,000","19,443,000,000","16,647,000,000","20,322,000,000","20,021,000,000","22,973,000,000","20,237,000,000","21,734,000,000","20,971,000,000","21,002,000,000","21,862,000,000","20,147,000,000","22,493,000,000","20,868,000,000","21,772,000,000","18,917,000,000","19,696,000,000","15,991,000,000","14,777,000,000","14,254,000,000","14,860,000,000","13,948,000,000","16,171,000,000","14,193,000,000","15,461,000,000","19,293,000,000","20,977,000,000","17,551,000,000","15,548,000,000","11,898,000,000","11,496,297,000","10,635,240,000","10,068,119,000","8,581,344,000","8,718,433,000","8,352,109,000","8,515,517,000","8,044,238,000","8,899,359,000","7,909,315,000","8,394,818,000","8,308,979,000","9,182,712,000","8,722,000,000","8,584,210,000","7,514,148,000","7,646,306,000","7,494,182,000","7,316,495,000","6,523,912,000","6,688,378,000","4,936,156,000","5,046,936,000","5,098,635,000","4,983,362,000","4,760,694,000","4,524,691,000","4,350,876,000","2,757,120,000","2,613,450,000","2,849,200,000","2,789,900,000","2,754,000,000","2,980,200,000","3,335,600,000","3,359,400,000","3,576,000,000","3,755,100,000","3,635,600,000","3,200,800,000","2,978,400,000","3,136,900,000","3,050,700,000","2,911,200,000","2,875,700,000","3,046,900,000","2,914,000,000","2,693,800,000","2,640,100,000","2,770,700,000","2,636,500,000","2,575,300,000","2,529,500,000","2,634,100,000","2,412,600,000","2,306,000,000","2,128,100,000","2,108,300,000","2,142,700,000","2,040,700,000","2,038,500,000","1,923,700,000","1,959,600,000","1,973,000,000","1,804,700,000","1,815,400,000","1,895,800,000","1,794,700,000","1,780,700,000","1,730,500,000","1,493,300,000","1,592,700,000",,,,,,,,,,,,,,,,
ReconciledDepreciation,"996,000,000","257,000,000","247,000,000","243,000,000","249,000,000","249,000,000","238,000,000","244,000,000","245,000,000","251,000,000","249,000,000","248,000,000","245,000,000","235,000,000","232,000,000","239,000,000","235,000,000","240,000,000","232,000,000","227,000,000","225,000,000","222,000,000","226,000,000","221,000,000","231,000,000","224,000,000","217,000,000","225,000,000","216,000,000","248,000,000","214,000,000","213,000,000","219,000,000","228,000,000","227,000,000","227,000,000","227,000,000","217,000,000","220,000,000","214,000,000","207,000,000","207,000,000","212,000,000","202,000,000","211,000,000","252,000,000","239,000,000","242,000,000","235,000,000","196,000,000","191,000,000","182,000,000","180,000,000","177,000,000","181,000,000","180,000,000","175,000,000","185,000,000","181,224,000","174,847,000","173,804,000","171,125,000","165,934,000","163,515,000","163,092,000","164,173,000","157,053,000","170,513,000","169,639,000","167,447,000","176,565,000","172,415,000","173,764,000","167,114,000","172,995,000","163,539,000","163,292,000","148,900,000","149,510,000","154,716,000","155,527,000","154,317,000","152,618,000","152,426,000","157,782,000","159,148,000","160,556,000","163,383,000","164,900,000","158,800,000","160,200,000","159,000,000","154,600,000","148,400,000","161,800,000","140,700,000","132,300,000","125,300,000","128,500,000","117,800,000","116,100,000","113,100,000","111,500,000","100,900,000","104,200,000","102,600,000","100,600,000","103,400,000","107,700,000","95,100,000","93,200,000","90,200,000","86,600,000","84,500,000","84,900,000","82,800,000","79,600,000","81,200,000","80,600,000","73,000,000","72,000,000","68,100,000","70,300,000","64,600,000","57,500,000","69,000,000","66,100,000","61,900,000","61,900,000","58,200,000",,,,,,,,,,,,,,,,
NetIncomeFromContinuingOperationNetMinorityInterest,"2,709,000,000","782,000,000","526,000,000","712,000,000","689,000,000","687,000,000","225,000,000","469,000,000","391,000,000","504,000,000","407,000,000","235,000,000","233,000,000","315,000,000","536,000,000","566,000,000","393,000,000","788,000,000","192,000,000","276,000,000","339,000,000","424,000,000","341,000,000","284,000,000","230,000,000","718,000,000","252,000,000","386,000,000","493,000,000","701,000,000","747,000,000","533,000,000","267,000,000","374,000,000","476,000,000","223,000,000","269,000,000","182,000,000","284,000,000","399,000,000","80,000,000","460,000,000","381,000,000","578,000,000","732,000,000","345,000,000","446,000,000","421,000,000","567,000,000","496,000,000","64,000,000","8,000,000","585,000,000","1,050,000,000","372,000,000","517,000,000","473,000,000","441,000,000","955,096,000","362,891,000","441,268,000","402,745,000","410,259,000","347,796,000","367,677,000","186,338,000","195,484,000","269,095,000","313,509,000","266,297,000","-103,061,000","226,769,000","220,821,000","150,181,000","95,020,000","116,805,000","131,245,000","108,075,000","112,266,000","117,184,000","150,025,000","131,618,000","56,099,000","93,149,000","124,607,000","109,429,000","59,587,000","103,029,000","101,900,000","36,300,000","42,300,000","11,700,000","110,400,000","116,900,000","62,700,000","70,300,000","139,200,000","131,400,000","122,600,000","61,200,000","189,900,000","3,600,000","143,500,000","163,300,000","226,000,000","163,100,000","225,600,000","195,700,000","220,100,000","154,500,000","137,700,000","131,300,000","146,100,000","69,100,000","121,200,000","130,400,000","156,300,000","126,600,000","137,200,000","109,100,000","131,100,000","126,500,000","123,400,000","118,100,000","117,400,000","107,700,000","117,800,000","116,400,000","132,200,000","117,200,000",,,,,,,,,,,,,,,,
TotalUnusualItemsExcludingGoodwill,"-4,000,000","-3,000,000","18,000,000","27,000,000","-48,000,000","11,000,000","-332,000,000","48,000,000","-41,000,000","-179,000,000","-46,000,000","-121,000,000","4,000,000","-132,000,000","32,000,000","-18,000,000","-10,000,000","-19,000,000","-103,000,000","12,000,000","6,000,000","-6,000,000","-18,000,000","109,000,000","-10,000,000","329,000,000","-219,000,000","70,000,000","3,000,000","80,000,000","61,000,000","-18,000,000","23,000,000","-236,000,000","11,000,000","-30,000,000","5,000,000","-158,000,000","-17,000,000","-63,000,000","-322,000,000","-18,000,000","-126,000,000","76,000,000","-180,000,000","-3,000,000","-31,000,000","-41,000,000","55,000,000","44,000,000","44,000,000","78,000,000","-22,000,000","42,000,000","91,000,000","34,000,000","64,000,000","74,000,000","995,128,000","134,823,000","64,103,000","59,946,000","236,733,000","6,747,000","81,243,000","-4,524,000","-15,768,000","114,575,000","55,395,000","32,170,000","34,184,000","45,195,000",,"35,446,000","-14,897,000","-29,392,000","30,167,000","34,882,000","-28,032,000","-14,312,000","-71,941,000","88,781,000","928,000","50,826,000","44,950,000","17,648,000","56,673,000","99,226,000","46,000,000","38,500,000","29,200,000","39,000,000","15,400,000","131,600,000","32,200,000","30,400,000","56,100,000","64,300,000","42,539,000","44,600,000","63,500,000","65,600,000","58,374,000","73,500,000","116,600,000","61,600,000","84,499,000","13,300,000","14,300,000","27,200,000","32,400,000","50,800,000","33,700,000","28,400,000","40,300,000","46,900,000","29,700,000","41,800,000","36,100,000","33,000,000","31,700,000","25,900,000","56,700,000","67,200,000","34,900,000","38,000,000","37,400,000","32,200,000","54,400,000","49,800,000",,,,,,,,,,,,,,,,
TotalUnusualItems,"-4,000,000","-3,000,000","18,000,000","27,000,000","-48,000,000","11,000,000","-332,000,000","48,000,000","-41,000,000","-179,000,000","-46,000,000","-121,000,000","4,000,000","-132,000,000","32,000,000","-18,000,000","-10,000,000","-19,000,000","-103,000,000","12,000,000","6,000,000","-6,000,000","-18,000,000","109,000,000","-10,000,000","329,000,000","-219,000,000","70,000,000","3,000,000","80,000,000","61,000,000","-18,000,000","23,000,000","-236,000,000","11,000,000","-30,000,000","5,000,000","-158,000,000","-17,000,000","-63,000,000","-322,000,000","-18,000,000","-126,000,000","76,000,000","-180,000,000","-3,000,000","-31,000,000","-41,000,000","55,000,000","44,000,000","44,000,000","78,000,000","-22,000,000","42,000,000","91,000,000","34,000,000","64,000,000","74,000,000","995,128,000","134,823,000","64,103,000","59,946,000","236,733,000","6,747,000","81,243,000","-4,524,000","-15,768,000","114,575,000","55,395,000","32,170,000","34,184,000","45,195,000",,"35,446,000","-14,897,000","-29,392,000","30,167,000","34,882,000","-28,032,000","-14,312,000","-71,941,000","88,781,000","928,000","50,826,000","44,950,000","17,648,000","56,673,000","99,226,000","46,000,000","38,500,000","29,200,000","39,000,000","15,400,000","131,600,000","32,200,000","30,400,000","56,100,000","64,300,000","42,539,000","44,600,000","63,500,000","65,600,000","58,374,000","73,500,000","116,600,000","61,600,000","84,499,000","13,300,000","14,300,000","27,200,000","32,400,000","50,800,000","33,700,000","28,400,000","40,300,000","46,900,000","29,700,000","41,800,000","36,100,000","33,000,000","31,700,000","25,900,000","56,700,000","67,200,000","34,900,000","38,000,000","37,400,000","32,200,000","54,400,000","49,800,000",,,,,,,,,,,,,,,,
NormalizedEBITDA,"4,578,000,000","1,348,000,000","943,000,000","1,081,000,000","1,208,000,000","1,063,000,000","870,000,000","835,000,000","744,000,000","1,021,000,000","895,000,000","752,000,000","657,000,000","776,000,000","919,000,000","998,000,000","800,000,000","886,000,000","639,000,000","684,000,000","758,000,000","937,000,000","802,000,000","584,000,000","617,000,000","669,000,000","872,000,000","766,000,000","984,000,000","1,250,000,000","1,265,000,000","1,045,000,000","655,000,000","1,182,000,000","1,030,000,000","681,000,000","703,000,000","776,000,000","769,000,000","961,000,000","746,000,000","998,000,000","1,231,000,000","1,038,000,000","1,621,000,000","834,000,000","938,000,000","918,000,000","1,069,000,000","967,000,000","297,000,000","349,000,000","1,077,000,000","1,593,000,000","549,000,000","925,000,000","721,000,000","687,000,000","-389,229,000","491,897,000","719,410,000","666,922,000","461,563,000","630,205,000","570,925,000","446,953,000","417,998,000","350,399,000","513,211,000","547,200,000","-7,057,000","462,538,000","493,793,000","353,626,000","335,685,000","376,054,000","377,815,000","317,856,000","324,770,000","359,558,000","525,010,000","286,770,000","326,128,000","284,481,000","341,697,000","256,085,000","135,592,000","214,283,000","325,600,000","221,900,000","230,700,000","185,100,000","378,300,000","143,600,000","277,700,000","266,700,000","301,900,000","251,200,000","283,861,000","169,800,000","325,000,000","106,200,000","255,626,000","245,300,000","256,000,000","266,600,000","302,301,000","427,800,000","448,900,000","312,400,000","262,700,000","232,600,000","284,500,000","196,000,000","173,600,000","219,900,000","291,300,000","223,300,000","238,700,000","201,800,000","237,800,000","237,100,000","169,300,000","136,200,000","192,300,000","183,800,000","198,900,000","202,800,000","183,800,000","163,200,000","-5,283,800,000","2,083,200,000","1,851,000,000","1,971,800,000","-4,382,200,000","1,681,200,000","1,654,200,000","1,587,700,000","-3,886,800,000","1,431,700,000","1,464,900,000","1,371,000,000","-3,591,800,000","1,331,500,000","1,328,000,000","1,285,800,000"
TaxRateForCalcs,"0.174","0.212","0.184","0.137","0.159","0.083","0.27","0.145","0.27","0.27","0.189","0.131","0.257","0.27","0.152","0.132","0.147","0.4","0.133","0.282","0.258","0.323","0.283","0.292","0.248","0.4","0.311","0.272","0.286","0.292","0.276","0.276","0.268","0.395","0.322","0.287","0.28","0.376","0.296","0.287","0.314","0.302","0.35","0.282","0.27","0.26","0.191","0.221","0.284","0.307","0.35","0.35","0.292","0.297","0.309","0.315","0.309","0.318","0.315","0.348","0.298","0.3","0.295","0.294","0.274","0.319","0.268","0.342","0.31","0.31","0.348","0.33","0.31","0.31","0.285","0.24","0.305","0.305","0.058","0.335","0.335","0.335","0.325","0.325","0.325","0.058","0.4","0.335","0.335","0.335","0.211","0.346","0.35","0.345","0.34","0.34","0.335","0.34","0.34","0.34","0.34","0.4","0.34","0.34","0.34","0.34","0.316","0.34","0.325","0.325","0.285","0.338","0.343","0.4","0.055","0.326","0.333","0.333","0.302","0.344","0.344","0.358","0.349","0.35","0.341","0.36","0.362","0.351","0.362","0.357",,,,,,,,,,,,,,,,
TaxEffectOfUnusualItems,"-696,000","-635,014.837","3,312,000","3,699,000","-7,632,000","916,666.667","-89,640,000","6,960,000","-11,070,000","-48,330,000","-8,687,872.763","-15,851,000","1,028,000","-35,640,000","4,864,000","-2,376,000","-1,470,000","-7,600,000","-13,699,000","3,384,000","1,548,000","-1,936,406.995","-5,094,000","31,828,000","-2,480,000","131,600,000","-68,109,000","19,040,000","858,000","23,373,493.976","16,836,000","-4,968,000","6,164,000","-93,187,800.963","3,542,000","-8,610,000","1,400,000","-59,408,000","-5,026,442.308","-18,081,000","-101,123,966.942","-5,427,272.727","-44,100,000","21,426,042.984","-48,517,034.068","-779,220.779","-5,918,181.818","-9,059,925.094","15,644,132.653","13,500,697.35","15,400,000","27,300,000","-6,418,886.199","12,481,927.711","28,078,066.914","10,717,880.795","19,807,299.27","23,561,051.005","313,228,256.929","46,858,775.915","19,112,721.86","17,976,724.273","69,814,246.149","1,986,846.374","22,291,062.555","-1,444,370.611","-4,225,191.013","39,198,848.207","17,172,545.096","9,972,660.823","11,905,049.85","14,914,332.641","0","10,988,302.342","-4,245,716.741","-7,059,922.8","9,200,965.352","10,639,072.808","-1,629,767.442","-4,794,598.781","-24,100,128.173","29,741,693.314","301,595.254","16,518,321.092","14,608,756.087","1,026,779.471","22,669,200","33,240,783.652","15,403,394.256","12,903,846.154","6,155,970.149","13,508,379.888","5,393,172.454","45,366,591.928","10,948,000","10,333,145.54","18,807,163.324","21,863,937.72","14,469,670.614","15,155,339.806","21,586,027.112","26,240,000","19,860,579.31","24,985,246.564","39,638,551.402","20,940,509.915","26,732,410.909","4,521,551.433","4,648,267.403","8,840,891.219","9,235,514.019","17,180,846.774","11,571,595.506","11,360,000","2,200,468.019","15,277,662.875","9,895,776.451","13,933,333.333","10,907,121.058","11,350,571.257","10,899,849.85","9,268,781.726","19,797,151.899","23,521,849.202","11,907,519.641","13,682,709.447","13,520,758.808","11,296,040.156","19,691,119.691","17,766,190.999",,,,,,,,,,,,,,,,