name,ttm,12/31/2021,09/30/2021,06/30/2021,03/31/2021,12/31/2020,09/30/2020,06/30/2020,03/31/2020,12/31/2019,09/30/2019,06/30/2019,03/31/2019,12/31/2018,09/30/2018,06/30/2018,03/31/2018,12/31/2017,09/30/2017,06/30/2017,03/31/2017,12/31/2016,09/30/2016,06/30/2016,03/31/2016,12/31/2015,09/30/2015,06/30/2015,03/31/2015,12/31/2014,09/30/2014,06/30/2014,03/31/2014,12/31/2013,09/30/2013,06/30/2013,03/31/2013,12/31/2012,09/30/2012,06/30/2012,03/31/2012,12/31/2011,09/30/2011,06/30/2011,03/31/2011,12/31/2010,09/30/2010,06/30/2010,03/31/2010,12/31/2009,09/30/2009,06/30/2009,03/31/2009,12/31/2008,09/30/2008,06/30/2008,03/31/2008,12/31/2007,09/30/2007,06/30/2007,03/31/2007,12/31/2006,09/30/2006,06/30/2006,03/31/2006,12/31/2005,09/30/2005,06/30/2005,03/31/2005,12/31/2004,09/30/2004,06/30/2004,03/31/2004,12/31/2003,09/30/2003,06/30/2003,03/31/2003,12/31/2002,09/30/2002,06/30/2002,03/31/2002,12/31/2001,09/30/2001,06/30/2001,03/31/2001,12/31/2000,09/30/2000,06/30/2000,03/31/2000,12/31/1999,09/30/1999,06/30/1999,03/31/1999,12/31/1998,09/30/1998,06/30/1998,03/31/1998,12/31/1997,09/30/1997,06/30/1997,03/31/1997,12/31/1996,09/30/1996,06/30/1996,03/31/1996,12/31/1995,09/30/1995,06/30/1995,03/31/1995,12/31/1994,09/30/1994,06/30/1994,03/31/1994,12/31/1993,09/30/1993,06/30/1993,03/31/1993,12/31/1992,09/30/1992,06/30/1992,03/31/1992,12/31/1991,09/30/1991,06/30/1991,03/31/1991,12/31/1990,09/30/1990,06/30/1990,03/31/1990,12/31/1989,09/30/1989,06/30/1989,03/31/1989,12/31/1988,09/30/1988,06/30/1988,03/31/1988,12/31/1987,09/30/1987,06/30/1987,03/31/1987,12/31/1986,09/30/1986,06/30/1986,03/31/1986,12/31/1985,09/30/1985
TotalRevenue,"15,279,000,000","3,919,400,000","3,731,200,000","3,633,800,000","3,994,600,000","3,590,300,000","3,364,200,000","3,262,000,000","3,888,900,000","3,531,800,000","3,361,800,000","3,351,800,000","3,680,000,000","3,376,800,000","3,204,700,000","3,193,000,000","3,558,200,000","3,128,700,000","2,979,400,000","2,960,100,000","3,299,200,000","2,895,500,000","2,827,700,000","2,801,000,000","3,145,800,000","2,717,700,000","2,626,200,000","2,576,700,000","2,930,300,000","2,570,300,000","2,483,500,000","2,978,700,000","3,219,900,000","2,893,600,000","2,750,400,000","2,710,000,000","3,002,300,000","2,646,100,000","2,530,700,000","2,516,300,000","2,789,800,000","2,583,000,000","2,522,500,000","2,371,400,000","2,588,700,000","2,276,700,000","2,229,400,000","2,190,300,000","2,443,200,000","2,204,400,000","2,102,800,000","2,107,700,000","2,374,700,000","2,203,300,000","2,181,500,000","2,207,200,000","2,427,200,000","2,150,100,000","1,992,000,000","1,945,700,000","2,189,300,000","2,316,100,000","2,217,600,000","2,473,800,000","2,438,600,000","2,153,200,000","2,046,200,000","2,302,471,000","2,348,963,000","1,993,584,000","1,854,682,000","2,085,830,000","2,121,435,000","1,827,400,000","1,720,277,000","1,911,559,000","1,905,778,000","1,682,995,000","1,646,685,000","1,845,316,000","1,870,036,000","1,681,028,000","1,607,883,000","1,853,088,000","1,894,320,000","1,553,721,000","1,470,884,000","1,375,605,000","1,719,730,000","1,492,500,000","1,351,100,000","1,470,600,000","1,514,100,000","1,274,900,000","1,210,300,000","1,302,200,000","1,309,300,000","1,148,000,000","1,038,500,000","1,079,600,000","1,126,300,000","995,600,000","910,700,000","967,900,000","1,031,900,000","819,700,000","747,100,000","799,800,000","799,000,000","672,600,000","622,300,000","665,000,000","674,400,000","577,700,000","552,000,000","596,700,000","613,000,000","518,500,000","495,300,000","516,900,000","545,300,000","449,300,000","429,100,000","441,600,000","490,900,000","425,100,000","414,300,000","425,800,000","470,800,000","414,000,000","403,400,000","418,100,000","454,000,000","409,500,000","396,100,000","393,200,000","418,000,000","376,700,000","361,300,000","355,200,000","373,700,000","334,200,000","321,100,000","318,500,000","324,300,000","290,300,000","271,200,000"
	OperatingRevenue,"15,279,000,000","3,919,400,000","3,731,200,000","3,633,800,000","3,994,600,000","3,590,300,000","3,364,200,000","3,262,000,000","3,888,900,000","3,531,800,000","3,361,800,000","3,351,800,000","3,680,000,000","3,376,800,000","3,204,700,000","3,193,000,000","3,558,200,000","3,128,700,000","2,979,400,000","2,960,100,000","3,299,200,000","2,895,500,000","2,827,700,000","2,801,000,000","3,145,800,000","2,717,700,000","2,626,200,000","2,576,700,000","2,930,300,000","2,570,300,000","2,483,500,000","2,978,700,000","3,219,900,000","2,893,600,000","2,750,400,000","2,710,000,000","3,002,300,000","2,646,100,000","2,530,700,000","2,516,300,000","2,789,800,000","2,583,000,000","2,522,500,000","2,371,400,000","2,588,700,000","2,276,700,000","2,102,600,000","2,051,000,000","2,295,300,000","2,076,700,000","2,102,800,000","2,848,200,000","1,884,100,000","2,203,300,000","2,181,500,000","2,207,200,000","2,427,200,000","2,150,100,000","1,992,000,000","1,945,700,000","2,189,300,000","2,316,100,000","2,217,600,000","2,317,500,000","2,272,400,000","2,034,300,000","1,937,800,000","2,180,688,000","2,224,538,000","1,902,455,000","1,770,019,000","1,992,087,000","1,894,672,000","1,745,198,000","1,637,343,000","1,819,567,000","1,806,670,000","1,595,233,000","1,556,820,000","1,745,220,000","1,762,156,000","1,570,956,000","1,494,695,000","1,723,015,000","1,750,994,000","1,553,721,000","1,470,884,000","1,375,605,000","1,719,730,000","1,492,500,000","1,351,100,000","1,470,600,000","1,514,100,000","1,274,900,000","1,210,300,000","1,302,200,000","1,309,300,000","1,148,000,000","1,038,500,000","1,079,600,000","1,126,300,000","995,600,000","910,700,000","967,900,000","1,031,900,000","819,700,000","747,100,000","799,800,000","799,000,000","672,600,000","622,300,000","665,000,000","674,400,000","577,700,000","552,000,000","596,700,000","613,000,000","518,500,000","495,300,000","516,900,000","545,300,000","449,300,000","429,100,000","441,600,000","490,900,000","425,100,000","414,300,000","425,800,000","470,800,000","414,000,000","403,400,000","418,100,000","454,000,000","409,500,000","396,100,000","393,200,000","418,000,000","376,700,000","361,300,000","355,200,000","373,700,000","334,200,000","321,100,000","318,500,000","324,300,000","290,300,000","271,200,000"
CostOfRevenue,"9,047,300,000","2,341,200,000","2,222,600,000","2,205,500,000","2,278,100,000","2,122,400,000","2,034,300,000","2,067,100,000","2,239,100,000","2,094,100,000","2,044,800,000","2,020,500,000","2,111,800,000","2,013,700,000","1,940,500,000","1,952,300,000","2,077,400,000","1,946,700,000","1,866,400,000","1,847,400,000","1,911,000,000","1,767,800,000","1,743,600,000","1,698,600,000","1,812,700,000","1,682,500,000","1,646,500,000","1,590,700,000","1,688,000,000","1,587,000,000","1,561,900,000","1,845,500,000","1,884,400,000","1,772,400,000","1,724,400,000","1,692,800,000","1,745,900,000","1,624,300,000","1,586,500,000","1,589,200,000","1,624,700,000","1,519,900,000","1,506,100,000","1,518,700,000","1,520,600,000","1,380,300,000","1,311,900,000","1,282,300,000","1,330,700,000","1,231,300,000","1,193,300,000","1,196,700,000","1,218,600,000","1,007,100,000","1,046,900,000","994,100,000","1,033,500,000","979,800,000","908,300,000","855,500,000","899,400,000","1,110,400,000","1,111,900,000","1,253,200,000","1,148,500,000","992,200,000","973,500,000","1,118,688,000","1,068,073,000","915,719,000","867,020,000","976,499,000","944,373,000","810,300,000","794,241,000","888,955,000","796,580,000","702,716,000","708,468,000","829,831,000","772,492,000","691,970,000","676,352,000","808,764,000","754,300,000","677,102,000","659,958,000","737,694,000","661,935,000","613,800,000","551,100,000","650,900,000","611,200,000","535,600,000","529,900,000","593,500,000","536,000,000","490,200,000","443,400,000","473,100,000","440,300,000","418,000,000","391,500,000","428,600,000","428,400,000","342,700,000","316,800,000","346,900,000","309,600,000","268,100,000","252,700,000","297,100,000","266,100,000","270,600,000","266,700,000","269,900,000","236,600,000","212,600,000","208,100,000","228,200,000","216,700,000","187,500,000","183,800,000","192,300,000","195,100,000","186,000,000","183,300,000","189,400,000","189,400,000","180,600,000",,"193,600,000","190,900,000",,,,,,,,,,,,,,
GrossProfit,"6,231,700,000","1,578,200,000","1,508,600,000","1,428,300,000","1,716,500,000","1,467,900,000","1,329,900,000","1,194,900,000","1,649,800,000","1,437,700,000","1,317,000,000","1,331,300,000","1,568,200,000","1,363,100,000","1,264,200,000","1,240,700,000","1,480,800,000","1,182,000,000","1,113,000,000","1,112,700,000","1,388,200,000","1,127,700,000","1,084,100,000","1,102,400,000","1,333,100,000","1,035,200,000","979,700,000","986,000,000","1,242,300,000","983,300,000","921,600,000","1,133,200,000","1,335,500,000","1,121,200,000","1,026,000,000","1,017,200,000","1,256,400,000","1,021,800,000","944,200,000","927,100,000","1,165,100,000","1,063,100,000","1,016,400,000","852,700,000","1,068,100,000","896,400,000","917,500,000","908,000,000","1,112,500,000","973,100,000","909,500,000","911,000,000","1,156,100,000","1,196,200,000","1,134,600,000","1,213,100,000","1,393,700,000","1,170,300,000","1,083,700,000","1,090,200,000","1,289,900,000","1,205,700,000","1,105,700,000","1,220,600,000","1,290,100,000","1,161,000,000","1,072,700,000","1,183,783,000","1,280,890,000","1,077,865,000","987,662,000","1,109,331,000","1,177,062,000","1,017,100,000","926,036,000","1,022,604,000","1,109,198,000","980,279,000","938,217,000","1,015,485,000","1,097,544,000","989,058,000","931,531,000","1,044,324,000","1,140,020,000","876,619,000","810,926,000","637,911,000","1,057,795,000","878,700,000","800,000,000","819,700,000","902,900,000","739,300,000","680,400,000","708,700,000","773,300,000","657,800,000","595,100,000","606,500,000","686,000,000","577,600,000","519,200,000","539,300,000","603,500,000","477,000,000","430,300,000","452,900,000","489,400,000","404,500,000","369,600,000","367,900,000","408,300,000","307,100,000","285,300,000","326,800,000","376,400,000","305,900,000","287,200,000","288,700,000","328,600,000","261,800,000","245,300,000","249,300,000","295,800,000","239,100,000","231,000,000","236,400,000","281,400,000","233,400,000",,"224,500,000","263,100,000",,,,,,,,,,,,,,
OperatingExpense,"3,105,100,000","782,300,000","719,200,000","840,700,000","763,000,000","755,800,000","681,000,000","765,600,000","756,600,000","754,300,000","726,500,000","854,800,000","750,400,000","745,200,000","713,900,000","836,700,000","755,100,000","717,200,000","662,400,000","829,600,000","665,000,000","640,800,000","647,700,000","770,300,000","634,400,000","627,200,000","605,300,000","720,500,000","608,200,000","590,200,000","578,000,000","776,400,000","673,200,000","675,600,000","638,600,000","730,100,000","654,400,000","624,700,000","611,400,000","677,400,000","622,100,000","577,500,000","589,200,000","660,300,000","577,300,000","570,100,000","515,600,000","611,900,000","504,900,000","520,100,000","492,700,000","577,400,000","520,400,000","753,500,000","716,500,000","898,400,000","776,200,000","742,900,000","717,400,000","819,200,000","730,300,000","771,600,000","747,800,000","833,000,000","734,800,000","732,100,000","722,900,000","779,698,000","745,005,000","691,594,000","669,303,000","782,489,000","709,419,000","666,027,000","633,358,000","700,911,000","603,697,000","592,084,000","635,535,000","580,403,000","558,807,000","579,547,000","641,853,000","623,297,000","624,579,000","616,654,000","636,053,000","602,241,000","639,529,000","571,800,000","574,300,000","523,400,000","547,400,000","457,800,000","492,600,000","466,800,000","489,600,000","435,900,000","434,100,000","396,100,000","442,100,000","389,900,000","380,000,000","357,700,000","395,800,000","317,800,000","313,700,000","302,400,000","314,300,000","270,200,000","271,100,000","242,000,000","262,700,000","195,400,000","201,100,000","217,200,000","249,800,000","208,900,000","213,800,000","189,900,000","218,100,000","179,900,000","182,700,000","164,400,000","201,800,000","167,000,000","174,200,000","155,900,000","192,100,000","163,300,000",,"142,800,000","178,100,000",,,,,,,,,,,,,,
	SellingGeneralAndAdministration,"3,105,100,000","782,300,000","719,200,000","840,700,000","763,000,000","755,800,000","681,000,000","765,600,000","756,600,000","754,300,000","726,500,000","854,800,000","750,400,000","745,200,000","713,900,000","836,700,000","755,100,000","717,200,000","662,400,000","829,600,000","665,000,000","640,800,000","647,700,000","770,300,000","634,400,000","627,200,000","605,300,000","720,500,000","608,200,000","590,200,000","578,000,000","776,400,000","673,200,000","675,600,000","638,600,000","730,100,000","654,400,000","624,700,000","611,400,000","677,400,000","622,100,000","577,500,000","589,200,000","660,300,000","577,300,000","570,100,000","515,600,000","611,900,000","504,900,000","520,100,000","492,700,000","577,400,000","520,400,000","573,100,000","526,700,000","697,000,000","585,300,000","554,500,000","533,600,000","635,700,000","554,100,000","564,300,000","528,400,000","602,600,000","517,300,000","489,000,000","485,500,000","532,693,000","512,886,000","465,363,000","446,158,000","529,775,000","487,410,000","459,293,000","426,878,000","495,602,000","412,793,000","402,005,000","447,953,000","387,354,000","369,217,000","393,558,000","456,561,000","401,285,000","418,101,000","410,627,000","435,435,000","396,343,000","446,931,000","395,100,000","405,000,000","351,400,000","379,500,000","284,400,000","323,000,000","296,400,000","334,500,000","286,400,000","289,400,000","257,700,000","308,100,000","261,500,000","260,800,000","231,700,000","276,700,000","210,300,000","215,000,000","195,200,000","224,100,000","183,900,000","188,900,000","157,700,000","184,300,000","158,700,000","165,500,000","178,900,000","214,100,000","175,600,000","180,900,000","159,800,000","189,100,000","151,100,000","154,400,000","134,700,000","172,200,000","138,900,000","147,000,000","125,400,000","162,500,000","137,600,000",,"111,300,000","145,300,000",,,,,,,,,,,,,,
	ResearchAndDevelopment,,,,,,,,,,,,,,,,,,,,,,,,,,,,,,,,,,,,,,,,,,,,,,,,,,,,,,"123,100,000","130,400,000","140,800,000","132,000,000","128,800,000","124,400,000","130,400,000","122,200,000","145,100,000","137,600,000","155,300,000","146,600,000","163,700,000","159,800,000","170,944,000","154,362,000","150,070,000","148,724,000","171,462,000","144,824,000","133,125,000","131,754,000","134,513,000","123,401,000","121,380,000","119,898,000","125,087,000","116,387,000","117,540,000","115,829,000","141,138,000","126,564,000","127,503,000","119,074,000","127,648,000","119,747,000","109,200,000","103,700,000","103,100,000","102,500,000","105,400,000","100,700,000","102,900,000","93,600,000","91,400,000","87,300,000","82,500,000","74,800,000","73,100,000","66,100,000","72,800,000","63,800,000","58,900,000","54,200,000","54,300,000","48,100,000","46,500,000","44,400,000","44,900,000","41,800,000",,,,,,,,,,,,,,,,,,,,,,,,,,,,,,,,,,
	DepreciationAmortizationDepletionIncomeStatement,,,,,,,,,,,,,,,,,,,,,,,,,,,,,,,,,,,,,,,,,,,,,,,,,,,,,,"57,300,000","59,400,000","60,600,000","58,900,000","59,600,000","59,400,000","53,100,000","54,000,000","62,200,000","81,800,000","75,100,000","70,900,000","79,400,000","77,600,000","76,061,000","77,757,000","76,161,000","74,421,000","81,252,000","77,185,000","73,609,000","74,726,000","70,796,000","67,503,000","68,699,000","67,684,000","67,962,000","73,203,000","68,449,000","69,463,000","80,874,000","79,914,000","78,524,000","81,544,000","78,250,000","72,851,000","67,500,000","65,600,000","68,900,000","65,400,000","68,000,000","68,900,000","67,500,000","61,500,000","58,100,000","57,400,000","55,900,000","59,200,000","55,300,000","53,100,000","53,200,000","55,300,000","48,600,000","44,500,000","52,900,000","42,100,000","39,800,000","37,800,000","39,400,000","36,600,000","36,700,000","35,600,000","38,300,000","35,700,000","33,300,000","32,900,000","30,100,000","29,000,000","28,800,000","28,300,000","29,700,000","29,600,000","28,100,000","27,200,000","30,500,000","29,600,000","25,700,000",,"31,500,000","32,800,000",,,,,,,,,,,,,,
		DepreciationAndAmortizationInIncomeStatement,,,,,,,,,,,,,,,,,,,,,,,,,,,,,,,,,,,,,,,,,,,,,,,,,,,,,,"57,300,000","59,400,000","60,600,000","58,900,000","59,600,000","59,400,000","53,100,000","54,000,000","62,200,000","81,800,000","75,100,000","70,900,000","79,400,000","77,600,000","76,061,000","77,757,000","76,161,000","74,421,000","81,252,000","77,185,000","73,609,000","74,726,000","70,796,000","67,503,000","68,699,000","67,684,000","67,962,000","73,203,000","68,449,000","69,463,000","80,874,000","79,914,000","78,524,000","81,544,000","78,250,000","72,851,000","67,500,000","65,600,000","68,900,000","65,400,000","68,000,000","68,900,000","67,500,000","61,500,000","58,100,000","57,400,000","55,900,000","59,200,000","55,300,000","53,100,000","53,200,000","55,300,000","48,600,000","44,500,000","52,900,000","42,100,000","39,800,000","37,800,000","39,400,000","36,600,000","36,700,000","35,600,000","38,300,000","35,700,000","33,300,000","32,900,000","30,100,000","29,000,000","28,800,000","28,300,000","29,700,000","29,600,000","28,100,000","27,200,000","30,500,000","29,600,000","25,700,000",,"31,500,000","32,800,000",,,,,,,,,,,,,,
OperatingIncome,"3,126,600,000","795,900,000","789,400,000","587,600,000","953,500,000","712,100,000","648,900,000","429,300,000","893,200,000","683,400,000","590,500,000","476,500,000","817,800,000","617,900,000","550,300,000","404,000,000","725,700,000","464,800,000","450,600,000","283,100,000","723,200,000","486,900,000","436,400,000","332,100,000","698,700,000","408,000,000","374,400,000","265,500,000","634,100,000","393,100,000","343,600,000","356,800,000","662,300,000","445,600,000","387,400,000","287,100,000","602,000,000","397,100,000","332,800,000","249,700,000","543,000,000","485,600,000","427,200,000","192,400,000","490,800,000","326,300,000","401,900,000","296,100,000","607,600,000","453,000,000","416,800,000","333,600,000","635,700,000","442,700,000","418,100,000","314,700,000","617,500,000","427,400,000","366,300,000","271,000,000","559,600,000","434,100,000","357,900,000","387,600,000","555,300,000","428,900,000","349,800,000","404,085,000","535,885,000","386,271,000","318,359,000","326,842,000","467,643,000","351,073,000","292,678,000","321,693,000","505,501,000","388,195,000","302,682,000","435,082,000","538,737,000","409,511,000","289,678,000","421,027,000","515,441,000","259,965,000","174,873,000","35,670,000","418,266,000","306,900,000","225,700,000","296,300,000","355,500,000","281,500,000","187,800,000","241,900,000","283,700,000","221,900,000","161,000,000","210,400,000","243,900,000","187,700,000","139,200,000","181,600,000","207,700,000","159,200,000","116,600,000","150,500,000","175,100,000","134,300,000","98,500,000","125,900,000","145,600,000","111,700,000","84,200,000","109,600,000","126,600,000","97,000,000","73,400,000","98,800,000","110,500,000","81,900,000","62,600,000","84,900,000","94,000,000","72,100,000","56,800,000","80,500,000","89,300,000","70,100,000","403,400,000","81,700,000","85,000,000","409,500,000","396,100,000","-883,900,000","418,000,000","376,700,000","361,300,000","-787,000,000","373,700,000","334,200,000","321,100,000","-686,500,000","324,300,000","290,300,000","271,200,000"
NetNonOperatingInterestIncomeExpense,"380,400,000","96,100,000","92,300,000","93,500,000","98,600,000","101,900,000","105,200,000","113,600,000","151,000,000","131,800,000","126,300,000","139,200,000","160,700,000","118,600,000","111,100,000","121,100,000","127,200,000","101,900,000","97,200,000","104,200,000","104,900,000","92,600,000","92,200,000","96,000,000","96,200,000","89,800,000","101,500,000","106,400,000","107,800,000","107,100,000","106,700,000","107,500,000","105,900,000","103,900,000","106,300,000","111,900,000","116,800,000","120,200,000","127,500,000","137,900,000","140,600,000","25,100,000","-2,100,000","134,000,000","147,200,000","126,200,000","154,800,000","158,100,000","157,300,000","156,400,000","161,000,000","-573,400,000","178,700,000",,,,,,,,,,,,,,,,,,,,,,,,,,,,,,,,,,,,,,,,,,,,,,,,,,,,,,,,,,,,,,,,,,,,,,,,,,,,,,,,,,,,,,,,,,,,,,
	InterestIncomeNonOperating,"448,000,000","114,500,000","110,800,000","110,800,000","112,100,000","115,800,000","120,300,000","129,200,000","171,000,000","163,400,000","166,200,000","172,900,000","182,400,000","157,200,000","147,000,000","149,700,000","145,800,000","129,400,000","125,200,000","127,000,000","121,700,000","113,100,000","112,100,000","114,100,000","112,500,000","106,600,000","106,400,000","108,000,000","108,600,000","109,300,000","108,600,000","108,900,000","106,800,000","105,900,000","108,200,000","113,700,000","118,000,000","123,200,000","130,600,000","140,200,000","141,800,000","27,200,000","121,900,000","135,700,000","148,600,000","129,000,000","157,500,000","159,900,000","158,500,000","158,900,000","164,200,000",,"181,200,000",,,,,,,,,,,,,,,,,,,,,,,,,,,,,,,,,,,,,,,,,,,,,,,,,,,,,,,,,,,,,,,,,,,,,,,,,,,,,,,,,,,,,,,,,,,,,,
	InterestExpenseNonOperating,"67,600,000","18,400,000","18,500,000","17,300,000","13,500,000","13,900,000","15,100,000","15,600,000","20,000,000","31,600,000","39,900,000","33,700,000","21,700,000","38,600,000","35,900,000","28,600,000","18,600,000","27,500,000","28,000,000","22,800,000","16,800,000","20,500,000","19,900,000","18,100,000","16,300,000","16,800,000","4,900,000","1,600,000","800,000","2,200,000","1,900,000","1,400,000","900,000","2,000,000","1,900,000","1,800,000","1,200,000","3,000,000","3,100,000","2,300,000","1,200,000","2,100,000","2,100,000","1,700,000","1,400,000","2,800,000","2,700,000","1,800,000","1,200,000","2,500,000","3,200,000","3,500,000","2,500,000",,,,,,,,,,,,,,,,,,,,,,,,,,,,,,,,,,,,,,,,,,,,,,,,,,,,,,,,,,,,,,,,,,,,,,,,,,,,,,,,,,,,,,,,,,,,,,
OtherIncomeExpense,"67,300,000","18,100,000","19,100,000","16,000,000","14,100,000","18,600,000","11,100,000","-11,600,000","32,500,000","20,300,000","22,300,000","17,600,000","6,000,000","4,500,000","-14,600,000","-320,500,000","-300,000","-1,000,000","400,000","1,100,000","-200,000","206,700,000","100,000","-1,100,000","-100,000","10,100,000","29,100,000","2,600,000","700,000","900,000","2,200,000","-14,900,000","1,600,000","11,600,000","3,600,000","-33,900,000","6,000,000","11,500,000","5,300,000","9,900,000","2,000,000","69,000,000","34,200,000","32,300,000","15,000,000","32,100,000","6,500,000","-87,600,000","26,600,000","-1,600,000","-2,600,000","-78,700,000","-21,000,000","-4,700,000","-3,600,000","14,800,000","900,000","700,000","600,000","-9,000,000","-500,000","10,100,000","38,400,000","37,000,000","16,100,000","9,500,000","3,300,000","7,905,000","2,065,000","11,349,000","12,581,000","11,638,000","142,229,000","14,067,000","18,592,000","104,586,000","8,168,000","35,255,000","37,718,000","29,938,000","33,113,000","20,389,000","3,994,000","4,248,000","-37,603,000","-43,634,000","-604,000",,,,,,,,,,,,,,,,,,,,,,,,,,,,,,,,,,,,,,,,,,,,,,,,,,,,,,,,,,,,
	GainOnSaleOfSecurity,"5,500,000","400,000","100,000","5,400,000","-400,000","7,700,000","300,000","1,000,000","2,500,000","7,300,000","2,300,000","16,200,000","100,000","-500,000","-900,000","-1,200,000","-300,000","-1,000,000",,"1,100,000","-200,000","1,300,000","100,000","-1,100,000","-100,000","-3,800,000",,"2,600,000","700,000","900,000","800,000","0","1,500,000","11,600,000","3,500,000","8,800,000","6,000,000","9,300,000","4,500,000","8,600,000","3,600,000","8,200,000",,,,,"11,800,000","2,900,000","15,400,000","2,600,000","8,000,000",,"2,800,000",,,,,,,,,,,,,,,,,,,,,,,,,,,,,,,,,,,,,,,,,,,,,,,,,,,,,,,,,,,,,,,,,,,,,,,,,,,,,,,,,,,,,,,,,,,,,,
	SpecialIncomeCharges,"-7,300,000","0","1,300,000","-7,600,000","-1,000,000","-600,000","-2,600,000","-26,000,000","0","0","1,900,000","0","0","4,100,000","-12,100,000","-319,300,000","0","0","400,000","0","0","205,400,000",,"0","0","13,900,000","29,100,000","0","0","0","1,400,000","-14,900,000","0","0",,"-42,700,000","0","2,200,000",,"-1,900,000","-1,600,000","60,800,000","34,200,000","32,300,000","15,000,000","32,100,000","-5,300,000","-90,500,000","11,200,000","-4,200,000","-10,600,000","-73,300,000","-23,800,000","-4,700,000","-3,600,000","14,800,000","900,000","700,000","600,000","-9,000,000","-500,000","10,100,000","38,400,000","37,000,000","16,100,000","9,500,000","3,300,000","7,905,000","2,065,000","11,349,000","12,581,000","11,638,000","142,229,000","14,067,000","18,592,000","104,586,000","8,168,000","35,255,000","37,718,000","29,938,000","33,113,000","20,389,000","3,994,000","4,248,000","-37,603,000","-43,634,000","-604,000",,,,,,,,,,,,,,,,,,,,,,,,,,,,,,,,,,,,,,,,,,,,,,,,,,,,,,,,,,,,
		RestructuringAndMergernAcquisition,,,,,,,,,,,,,,,,,,,,,,,,,,,,,,,,"14,900,000",,,,,,,,,,,,,,,,,,,,,,,,,,,,,,,,,,,,,,,,,,,,,,,,,,,,,,,,,,,,,,,,,,,,,,,,,,,,,,,,,,,,,,,,,,,,,,,,,,,,,,,,,,,,,,,,,,,
		ImpairmentOfCapitalAssets,,,,,,,,"29,900,000","0","0","0","0","0","0","12,100,000",,,,,,,,,,,,,,,,,,,,,"42,700,000",,,,,"2,200,000","5,800,000",,,,,"8,600,000","9,100,000","0","0","5,300,000",,,,,,,,,,,,,,,,,,,,,,,,,,,,,,,,,,,,,,,,,,,,,,,,,,,,,,,,,,,,,,,,,,,,,,,,,,,,,,,,,,,,,,,,,,,,,,,,
		WriteOff,"14,900,000","0","0","12,300,000","2,600,000","2,200,000","2,800,000",,,,,,,,,,,,,,,,,,,,,,,,,,,,,"0","0","0",,"0",,,,,,,,,,,,,,,,,,,,,,,,,,,,,,,,,,,,,,,,,,,,,,,,,,,,,,,,,,,,,,,,,,,,,,,,,,,,,,,,,,,,,,,,,,,,,,,,,,,,,,,,,,,
		OtherSpecialCharges,,,,,,,,,,,,,,,,"319,600,000",,,,,,,,,,,,,,,,,,,,,,,,,"-600,000","-66,600,000","-34,200,000",,,,"-1,500,000","77,600,000","-11,200,000","4,200,000","6,800,000",,,,,,,,,,,,,,,,,,,,,,,,,,,,,,,,,,,,,,,,,,,,,,,,,,,,,,,,,,,,,,,,,,,,,,,,,,,,,,,,,,,,,,,,,,,,,,,,
		GainOnSaleOfBusiness,,,,,,,,,,,,,,,,"0","0","0",,"0","0","205,400,000",,"0","0",,"29,100,000",,,,,,,,,,,,,,,,,,,,,,,,,,,,,,,,,,,,,,,,,,,,,,,,,,,,,,,,,,,,,,,,,,,,,,,,,,,,,,,,,,,,,,,,,,,,,,,,,,,,,,,,,,,,,,,,,,,,,,,,
		GainOnSaleOfPPE,"7,600,000","0","1,300,000","4,700,000","1,600,000","1,600,000","200,000","3,900,000","0","0","1,900,000","0","0","4,100,000","0","300,000","0",,"400,000","0","0","0",,"0","0","13,900,000","29,100,000","0","0","0","1,400,000","0","0","0",,"0","0","2,200,000",,"66,000,000","0","0",,,,,"1,800,000","-3,800,000","0","0","1,500,000",,,,,,,,,,,,,,,,,,,,,,,,,,,,,,,,,,,,,,,,,,,,,,,,,,,,,,,,,,,,,,,,,,,,,,,,,,,,,,,,,,,,,,,,,,,,,,,,
	OtherNonOperatingIncomeExpenses,"69,100,000","17,700,000","17,700,000","18,200,000","15,500,000","11,500,000","13,400,000","13,400,000","30,000,000","13,000,000","18,100,000","1,400,000","5,900,000","900,000","-1,600,000",,,,,,,,"23,000,000",,,,,,,,,"0","100,000",,"100,000","0",,,"800,000","1,300,000","10,500,000","96,200,000",,,,,,,,,,,,,,,,,,,,,,,,,,,,,,,,,,,,,,,,,,,,,,,,,,,,,,,,,,,,,,,,,,,,,,,,,,,,,,,,,,,,,,,,,,,,,,,,,,,,,,,,,
PretaxIncome,"3,574,300,000","910,100,000","900,800,000","697,100,000","1,066,200,000","832,600,000","765,200,000","531,300,000","1,076,700,000","835,500,000","739,100,000","633,300,000","984,500,000","741,000,000","646,800,000","204,600,000","852,600,000","565,700,000","548,200,000","388,400,000","827,900,000","786,200,000","528,700,000","427,000,000","794,800,000","507,900,000","505,000,000","374,500,000","742,600,000","501,100,000","452,500,000","449,400,000","769,800,000","561,100,000","497,300,000","365,100,000","724,800,000","528,800,000","465,600,000","397,500,000","685,600,000","579,700,000","459,300,000","358,700,000","653,000,000","484,600,000","436,400,000","305,500,000","633,000,000","480,100,000","447,300,000","361,000,000","629,100,000","473,200,000","441,300,000","354,500,000","635,500,000","440,600,000","381,500,000","287,400,000","577,800,000","453,700,000","412,700,000","424,600,000","571,400,000","438,400,000","353,100,000","411,390,000","537,950,000","397,620,000","330,940,000","338,480,000","479,640,000","365,140,000","311,270,000","348,350,000","533,000,000","423,450,000","340,400,000","465,020,000","571,850,000","429,900,000","320,200,000","420,100,000","475,400,000","342,900,000","286,610,000","348,760,000","415,450,000","303,200,000","222,200,000","292,600,000","351,700,000","275,900,000","182,300,000","237,200,000","279,100,000","214,600,000","153,400,000","174,500,000","236,600,000","180,700,000","132,100,000","174,100,000","199,900,000","150,600,000","110,800,000","144,500,000","169,100,000","128,100,000","92,600,000","120,400,000","140,500,000","106,600,000","78,900,000","104,300,000","121,700,000","92,300,000","68,300,000","93,500,000","106,800,000","80,300,000","61,000,000","82,500,000","91,700,000","70,100,000","55,200,000","78,400,000","86,500,000","67,800,000",,"76,100,000","80,700,000",,,,,,,,,,,,,,
TaxProvision,"830,500,000","215,700,000","200,300,000","158,900,000","255,500,000","185,100,000","163,100,000","119,700,000","255,800,000","183,900,000","156,700,000","157,900,000","230,800,000","182,800,000","141,400,000","95,900,000","209,500,000","98,200,000","146,700,000","122,600,000","240,000,000","275,300,000","160,000,000","145,000,000","262,300,000","166,500,000","167,500,000","122,000,000","250,600,000","167,100,000","154,500,000","160,600,000","259,400,000","184,100,000","168,700,000","138,100,000","242,100,000","176,800,000","163,100,000","139,100,000","233,200,000","204,700,000","156,600,000","116,900,000","229,200,000","174,500,000","157,900,000","97,900,000","231,400,000","164,300,000","163,200,000","13,800,000","226,600,000","172,800,000","163,300,000","128,500,000","231,900,000","149,000,000","141,100,000","106,600,000","213,500,000","170,700,000","155,200,000","171,500,000","215,900,000","165,300,000","133,100,000","152,625,000","199,579,000","147,517,000","122,779,000","126,590,000","179,390,000","136,560,000","116,420,000","131,680,000","203,610,000","161,760,000","130,000,000","177,710,000","219,590,000","165,300,000","123,600,000","165,100,000","186,520,000","135,460,000","113,210,000","124,970,000","144,140,000","103,700,000","76,000,000","100,900,000","126,000,000","107,500,000","59,100,000","75,300,000","88,500,000","67,200,000","48,000,000","46,800,000","71,700,000","53,100,000","38,800,000","54,100,000","56,000,000","41,700,000","28,900,000","38,600,000","43,800,000","33,200,000","23,900,000","30,000,000","35,500,000","26,400,000","20,400,000","24,600,000","29,200,000","22,200,000","16,400,000","23,200,000","27,000,000","19,900,000","15,200,000","19,500,000","22,000,000","16,900,000","13,500,000","18,700,000","21,500,000","17,800,000",,"23,100,000","24,500,000",,,,,,,,,,,,,,
NetIncomeCommonStockholders,"2,743,800,000","694,400,000","700,500,000","538,200,000","810,700,000","647,500,000","602,100,000","411,600,000","820,900,000","651,600,000","582,400,000","475,400,000","753,700,000","558,200,000","505,400,000","108,700,000","643,100,000","467,500,000","401,500,000","265,800,000","587,900,000","510,900,000","368,700,000","282,000,000","532,500,000","341,400,000","336,600,000","336,200,000","489,600,000","331,500,000","295,200,000","288,800,000","521,600,000","377,000,000","328,600,000","227,000,000","482,700,000","390,900,000","305,300,000","258,400,000","452,400,000","375,000,000","302,700,000","241,800,000","423,800,000","310,100,000","278,500,000","207,900,000","403,600,000","315,800,000","284,100,000","352,600,000","402,500,000","300,500,000","276,900,000","233,500,000","413,600,000","291,200,000","297,400,000","194,700,000","388,900,000","297,700,000","257,500,000","703,700,000","370,600,000","259,700,000","220,000,000","258,765,000","338,371,000","250,103,000","208,161,000","211,890,000","300,250,000","228,580,000","194,850,000","216,670,000","329,390,000","261,690,000","210,400,000","287,310,000","352,260,000","264,600,000","196,600,000","255,000,000","288,880,000","207,440,000","173,400,000","223,790,000","271,310,000","199,500,000","146,200,000","191,700,000","225,700,000","168,400,000","123,200,000","161,900,000","190,600,000","147,400,000","105,400,000","127,700,000","164,900,000","127,600,000","93,300,000","120,000,000","143,900,000","108,900,000","81,900,000","105,900,000","125,300,000","94,900,000","68,700,000","82,900,000","105,000,000","80,200,000","61,200,000","79,700,000","92,500,000","70,100,000","51,900,000","70,300,000","79,800,000","60,400,000","45,800,000","63,000,000","69,700,000","53,200,000","41,700,000","59,700,000","65,000,000","50,000,000",,"53,000,000","56,200,000",,,,,,,,,,,,,,
	NetIncome,"2,743,800,000","694,400,000","700,500,000","538,200,000","810,700,000","647,500,000","602,100,000","411,600,000","820,900,000","651,600,000","582,400,000","475,400,000","753,700,000","558,200,000","505,400,000","108,700,000","643,100,000","467,500,000","401,500,000","265,800,000","587,900,000","510,900,000","368,700,000","282,000,000","532,500,000","341,400,000","336,600,000","336,200,000","489,600,000","331,500,000","295,200,000","288,800,000","521,600,000","377,000,000","328,600,000","227,000,000","482,700,000","390,900,000","305,300,000","258,400,000","452,400,000","375,000,000","302,700,000","241,800,000","423,800,000","310,100,000","278,500,000","207,900,000","403,600,000","315,800,000","284,100,000","352,600,000","402,500,000","300,500,000","276,900,000","233,500,000","413,600,000","291,200,000","297,400,000","194,700,000","388,900,000","297,700,000","257,500,000","703,700,000","370,600,000","259,700,000","220,000,000","258,765,000","338,371,000","250,103,000","208,161,000","211,890,000","300,250,000","228,580,000","194,850,000","216,670,000","329,390,000","261,690,000","210,400,000","287,310,000","352,260,000","264,600,000","196,600,000","255,000,000","288,880,000","207,440,000","173,400,000","223,790,000","271,310,000","199,500,000","146,200,000","191,700,000","225,700,000","168,400,000","123,200,000","161,900,000","190,600,000","147,400,000","105,400,000","127,700,000","164,900,000","127,600,000","93,300,000","120,000,000","143,900,000","108,900,000","81,900,000","105,900,000","125,300,000","94,900,000","68,700,000","82,900,000","105,000,000","80,200,000","61,200,000","79,700,000","92,500,000","70,100,000","51,900,000","70,300,000","79,800,000","60,400,000","45,800,000","63,000,000","69,700,000","53,200,000","41,700,000","59,700,000","65,000,000","50,000,000",,"53,000,000","56,200,000",,,,,,,,,,,,,,
		NetIncomeIncludingNoncontrollingInterests,"2,743,800,000","694,400,000","700,500,000","538,200,000","810,700,000","647,500,000","602,100,000","411,600,000","820,900,000","651,600,000","582,400,000","475,400,000","753,700,000","558,200,000","505,400,000","108,700,000","643,100,000","467,500,000","401,500,000","265,800,000","587,900,000","510,900,000","368,700,000","282,000,000","532,500,000","341,400,000","336,600,000","336,200,000","489,600,000","331,500,000","295,200,000","288,800,000","521,600,000","377,000,000","328,600,000","227,000,000","482,700,000","390,900,000","305,300,000","258,400,000","452,400,000","375,000,000","302,700,000","241,800,000","423,800,000","310,100,000","278,500,000","207,900,000","403,600,000","315,800,000","284,100,000","352,600,000","402,500,000","300,500,000","276,900,000","233,500,000","413,600,000","291,200,000","297,400,000","194,700,000","388,900,000","297,700,000","257,500,000","703,700,000","370,600,000","259,700,000","220,000,000","258,765,000","338,371,000","250,103,000","208,161,000","211,890,000","300,250,000","228,580,000","194,850,000","216,670,000","329,390,000","261,690,000","210,400,000","287,310,000","352,260,000","264,600,000","196,600,000","255,000,000","288,880,000","207,440,000","173,400,000","223,790,000","271,310,000","199,500,000","146,200,000","191,700,000","225,700,000","168,400,000","123,200,000","161,900,000","190,600,000","147,400,000","105,400,000","127,700,000","164,900,000","127,600,000","93,300,000","120,000,000","143,900,000","108,900,000","81,900,000","105,900,000","125,300,000","94,900,000","68,700,000","82,900,000","105,000,000","80,200,000","61,200,000","79,700,000","92,500,000","70,100,000","51,900,000","70,300,000","79,800,000","60,400,000","45,800,000","63,000,000","69,700,000","53,200,000","41,700,000","59,700,000","65,000,000","50,000,000","37,100,000","53,000,000","56,200,000","44,000,000","34,400,000","48,600,000","51,200,000","40,100,000","30,400,000","40,000,000","39,300,000","30,000,000","22,700,000","30,900,000","31,900,000","24,600,000","18,600,000"
			NetIncomeContinuousOperations,"2,743,800,000","694,400,000","700,500,000","538,200,000","810,700,000","647,500,000","602,100,000","411,600,000","820,900,000","651,600,000","582,400,000","475,400,000","753,700,000","558,200,000","505,400,000","108,700,000","643,100,000","467,500,000","401,500,000","265,800,000","587,900,000","510,900,000","368,700,000","282,000,000","532,500,000","341,400,000","337,500,000","252,500,000","492,000,000","334,000,000","298,000,000","288,800,000","510,400,000","377,000,000","328,600,000","227,000,000","482,700,000","352,000,000","302,500,000","258,400,000","452,400,000","375,000,000","302,700,000","241,800,000","423,800,000","310,100,000","278,500,000","207,600,000","401,600,000","315,800,000","284,100,000","347,200,000","402,500,000","300,400,000","278,000,000","226,000,000","403,600,000","291,600,000","240,400,000","180,800,000","364,300,000","283,000,000","257,500,000","253,100,000","355,500,000","273,100,000","220,000,000","258,765,000","338,371,000","250,103,000","208,161,000","211,890,000","300,250,000","228,580,000","194,850,000","216,670,000","329,390,000","261,690,000","210,400,000","287,310,000","352,260,000","264,600,000","196,600,000","255,000,000","288,880,000","207,440,000","173,400,000","223,790,000","271,310,000","199,500,000","146,200,000","191,700,000","225,700,000","168,400,000","123,200,000","161,900,000","190,600,000","147,400,000","105,400,000","127,700,000","164,900,000","127,600,000","93,300,000","120,000,000","143,900,000","108,900,000","81,900,000","105,900,000","125,300,000","94,900,000","68,700,000","90,400,000","105,000,000","80,200,000","58,500,000","79,700,000","92,500,000","70,100,000","51,900,000","70,300,000","79,800,000","60,400,000","45,800,000","63,000,000","69,700,000","53,200,000","41,700,000","59,700,000","65,000,000","50,000,000","37,100,000","53,000,000","56,200,000","44,000,000","34,400,000","48,600,000","51,200,000","40,100,000","30,400,000","40,000,000","39,300,000","30,000,000","22,700,000","30,900,000","31,900,000","24,600,000","18,600,000"
			NetIncomeDiscontinuousOperations,,,,,,,,,,,,,,,,,,,,"0","0","0","0","0","0","0","-900,000","83,700,000","-2,400,000","-2,500,000","-2,800,000","0","11,200,000","0","0","0","0","38,900,000","2,800,000",,,,,"0","0","0","0","300,000","2,000,000","0","0","5,400,000","0","100,000","-1,100,000","7,500,000","10,000,000","-400,000","57,000,000","13,900,000","24,600,000","14,700,000",,"450,600,000","15,100,000","-13,400,000",,,,,,,,,,,,,,,,,,,,,,,,,,,,,,,,,,,,,,,,,,,,,,,,,,,,,,,,,,,,,,,,,,,,,,,,,,,,,,,,,
			NetIncomeExtraordinary,,,,,,,,,,,,,,,,,,,,,,,,,,,,,,,,,,,,,,,,,,,,,,,,,,,,,,,,,,,,,,,,,,,,,,,,,,,,,,,,,,,,,,,,,,,,,,,,,,,,,,,,,,,,,,,,"-7,500,000",,,"2,700,000",,,,,,,,,,,,,,,,,,,,,,,,,,,,,,,,
DilutedNIAvailtoComStockholders,"2,743,800,000","694,400,000","700,500,000","538,200,000","810,700,000","647,500,000","602,100,000","411,600,000","820,900,000","651,600,000","582,400,000","475,400,000","753,700,000","558,200,000","505,400,000","108,700,000","643,100,000","467,500,000","401,500,000","265,800,000","587,900,000","510,900,000","368,700,000","282,000,000","532,500,000","341,400,000","336,600,000","336,200,000","489,600,000","331,500,000","295,200,000","288,800,000","521,600,000","377,000,000","328,600,000","227,000,000","482,700,000","390,900,000","305,300,000","258,400,000","452,400,000","375,000,000","302,700,000","241,800,000","423,800,000","310,100,000","278,500,000","207,900,000","403,600,000","315,800,000","284,100,000","352,600,000","402,500,000","300,500,000","276,900,000","233,500,000","413,600,000","291,200,000","297,400,000","194,700,000","388,900,000","297,700,000","257,500,000","703,700,000","370,600,000","259,700,000","220,000,000","258,765,000","338,371,000","250,103,000","208,161,000","211,890,000","300,250,000","228,580,000","194,850,000","216,670,000","329,390,000","261,690,000","210,400,000","287,310,000","352,260,000","264,600,000","196,600,000","255,000,000","288,880,000","207,440,000","173,400,000","223,790,000","271,310,000","199,500,000","146,200,000","191,700,000","225,700,000","168,400,000","123,200,000","161,900,000","190,600,000","147,400,000","105,400,000","127,700,000","164,900,000","127,600,000","93,300,000","120,000,000","143,900,000","108,900,000","81,900,000","105,900,000","125,300,000","94,900,000","68,700,000","82,900,000","105,000,000","80,200,000","61,200,000","79,700,000","92,500,000","70,100,000","51,900,000","70,300,000","79,800,000","60,400,000","45,800,000","63,000,000","69,700,000","53,200,000","41,700,000","59,700,000","65,000,000","50,000,000",,"53,000,000","56,200,000",,,,,,,,,,,,,,
BasicEPS,,"1.65","1.66","1.27","1.9","1.51","1.4","0.96","1.91","1.51","1.35","1.1","1.74","1.28","1.16","0.25","1.46","1.06","0.91","0.6","1.32","1.14","0.82","0.62","1.17","0.75","0.73","0.72","1.04","0.7","0.62","0.6","1.09","0.79","0.68","0.47","1","0.81","0.63","0.53","0.93","0.77","0.62",,"0.85","0.63","0.57",,"0.8","0.63","0.57",,"0.8","0.6","0.55",,"0.8","0.56","0.56",,"0.7","0.54","0.46",,"0.64","0.45","0.38",,"0.58","0.43","0.36",,"0.51","0.39","0.33",,"0.55","0.44","0.35",,"0.57","0.43","0.32",,"0.46","0.33","0.28",,"0.43","0.32","0.23",,"0.37","0.28","0.21",,"0.32","0.25","0.18",,"0.28","0.22","0.16",,"0.25","0.19","0.15",,"0.22","0.17","0.13",,"0.19","0.15","0.12",,"0.17","0.13","0.1",,"0.15","0.11","0.09",,"0.13","0.1","0.08",,"0.11","0.09","0.07",,"0.1","0.08","0.06",,"0.09","0.07","0.05",,"0.07","0.06","0.04",,"0.06","0.05","0.04"
DilutedEPS,,"1.65","1.65","1.26","1.9","1.51","1.4","0.96","1.9","1.5","1.34","1.09","1.73","1.27","1.15","0.25","1.45","1.05","0.9","0.59","1.31","1.13","0.81","0.62","1.17","0.74","0.72","0.72","1.03","0.69","0.61","0.6","1.08","0.78","0.68","0.47","0.99","0.8","0.63","0.53","0.92","0.76","0.61",,"0.85","0.62","0.56",,"0.8","0.62","0.56",,"0.8","0.59","0.54",,"0.79","0.55","0.55",,"0.7","0.54","0.46",,"0.64","0.45","0.38",,"0.57","0.42","0.35",,"0.5","0.38","0.32",,"0.54","0.43","0.34",,"0.56","0.42","0.31",,"0.45","0.32","0.27",,"0.42","0.31","0.23",,"0.36","0.27","0.2",,"0.31","0.25","0.18",,"0.28","0.22","0.16",,"0.25","0.19","0.15",,"0.22","0.17","0.13",,"0.19","0.15","0.12",,"0.17","0.13","0.1",,"0.15","0.11","0.09",,"0.13","0.1","0.08",,"0.11","0.09","0.07",,"0.1","0.08","0.06",,"0.08","0.07","0.05",,"0.07","0.05","0.04",,"0.06","0.05","0.04"
BasicAverageShares,,"419,800,000","421,400,000","423,500,000","425,800,000","427,400,000","428,600,000","429,100,000","430,000,000","431,500,000","432,700,000","433,500,000","434,100,000","435,700,000","436,800,000","438,000,000","441,000,000","441,037,736","442,200,000","444,300,000","446,500,000","447,900,000","452,300,000","453,400,000","454,400,000","457,600,000","462,400,000","465,100,000","470,300,000","476,600,000","478,400,000","478,500,000","478,900,000","478,400,000","480,100,000","482,500,000","482,700,000","482,100,000","483,500,000","485,900,000","486,451,613","487,012,987","487,900,000",,"496,200,000","492,000,000","491,400,000",,"502,400,000","502,000,000","501,400,000",,"501,200,000","503,400,000","507,500,000",,"519,800,000","523,100,000","529,300,000",,"552,100,000","548,500,000","554,200,000",,"577,500,000","576,200,000","577,300,000",,"583,991,000","583,230,000","583,551,000",,"591,210,000","591,685,000","594,843,000",,"600,217,000","594,750,000","601,142,857",,"618,000,000","620,272,000","616,600,200",,"624,238,000","635,355,000","619,285,714",,"630,953,488","623,437,500","635,652,174",,"610,000,000","601,428,571","586,666,667",,"595,625,000","589,600,000","585,555,556",,"588,928,571","580,000,000","583,125,000",,"575,600,000","573,157,895","546,000,000",,"569,545,455","558,235,294","528,461,538",,"552,631,579","534,666,667","510,000,000",,"544,117,647","539,230,769","519,000,000",,"532,000,000","549,090,909","508,888,889",,"536,153,846","532,000,000","521,250,000",,"590,909,091","555,555,556","582,176,000",,"562,000,000","594,000,000","605,776,000",,"616,608,000","616,608,000","613,320,000",,"615,784,000","589,984,000","585,200,000",,"585,200,000","574,592,000","287,024,000"
DilutedAverageShares,,"422,000,000","423,800,000","425,900,000","427,700,000","429,000,000","430,000,000","430,600,000","431,800,000","433,300,000","435,400,000","436,200,000","436,600,000","438,000,000","439,900,000","440,900,000","443,400,000","445,238,095","445,000,000","447,100,000","449,200,000","450,300,000","455,300,000","456,100,000","456,900,000","460,300,000","465,700,000","468,800,000","474,000,000","480,300,000","481,700,000","482,700,000","483,000,000","482,800,000","484,300,000","486,700,000","486,500,000","486,800,000","488,400,000","490,600,000","491,739,130","493,421,053","493,300,000",,"501,300,000","496,900,000","494,900,000",,"505,500,000","506,200,000","503,700,000",,"502,400,000","506,100,000","513,500,000",,"523,200,000","530,400,000","536,200,000",,"558,700,000","555,300,000","559,500,000",,"582,800,000","582,300,000","582,800,000",,"590,512,000","591,086,000","589,952,000",,"599,479,000","597,624,000","600,849,000",,"605,340,000","608,581,395","618,823,529",,"629,035,714","630,000,000","634,193,548",,"641,955,556","648,250,000","642,222,222",,"645,976,190","643,548,387","635,652,174",,"626,944,444","623,703,704","616,000,000",,"614,838,710","589,600,000","585,555,556",,"588,928,571","580,000,000","583,125,000",,"575,600,000","573,157,895","546,000,000",,"569,545,455","558,235,294","528,461,538",,"552,631,579","534,666,667","510,000,000",,"544,117,647","539,230,769","519,000,000",,"532,000,000","549,090,909","508,888,889",,"536,153,846","532,000,000","521,250,000",,"590,909,091","555,555,556","582,176,000",,"562,000,000","594,000,000","605,776,000",,"616,608,000","616,608,000","613,320,000",,"615,784,000","589,984,000","585,200,000",,"585,200,000","574,592,000","287,024,000"
TotalExpenses,"12,152,400,000","3,123,500,000","2,941,800,000","3,046,200,000","3,041,100,000","2,878,200,000","2,715,300,000","2,832,700,000","2,995,700,000","2,848,400,000","2,771,300,000","2,875,300,000","2,862,200,000","2,758,900,000","2,654,400,000","2,789,000,000","2,832,500,000","2,663,900,000","2,528,800,000","2,677,000,000","2,576,000,000","2,408,600,000","2,391,300,000","2,468,900,000","2,447,100,000","2,309,700,000","2,251,800,000","2,311,200,000","2,296,200,000","2,177,200,000","2,139,900,000","2,621,900,000","2,557,600,000","2,448,000,000","2,363,000,000","2,422,900,000","2,400,300,000","2,249,000,000","2,197,900,000","2,266,600,000","2,246,800,000","2,097,400,000","2,095,300,000","2,179,000,000","2,097,900,000","1,950,400,000","1,827,500,000","1,894,200,000","1,835,600,000","1,751,400,000","1,686,000,000","1,774,100,000","1,739,000,000","1,760,600,000","1,763,400,000","1,892,500,000","1,809,700,000","1,722,700,000","1,625,700,000","1,674,700,000","1,629,700,000","1,882,000,000","1,859,700,000","2,086,200,000","1,883,300,000","1,724,300,000","1,696,400,000","1,898,386,000","1,813,078,000","1,607,313,000","1,536,323,000","1,758,988,000","1,653,792,000","1,476,327,000","1,427,599,000","1,589,866,000","1,400,277,000","1,294,800,000","1,344,003,000","1,410,234,000","1,331,299,000","1,271,517,000","1,318,205,000","1,432,061,000","1,378,879,000","1,293,756,000","1,296,011,000","1,339,935,000","1,301,464,000","1,185,600,000","1,125,400,000","1,174,300,000","1,158,600,000","993,400,000","1,022,500,000","1,060,300,000","1,025,600,000","926,100,000","877,500,000","869,200,000","882,400,000","807,900,000","771,500,000","786,300,000","824,200,000","660,500,000","630,500,000","649,300,000","623,900,000","538,300,000","523,800,000","539,100,000","528,800,000","466,000,000","467,800,000","487,100,000","486,400,000","421,500,000","421,900,000","418,100,000","434,800,000","367,400,000","366,500,000","356,700,000","396,900,000","353,000,000","357,500,000","345,300,000","381,500,000","343,900,000",,"336,400,000","369,000,000",,,,,,,,,,,,,,
NetIncomeFromContinuingAndDiscontinuedOperation,"2,743,800,000","694,400,000","700,500,000","538,200,000","810,700,000","647,500,000","602,100,000","411,600,000","820,900,000","651,600,000","582,400,000","475,400,000","753,700,000","558,200,000","505,400,000","108,700,000","643,100,000","467,500,000","401,500,000","265,800,000","587,900,000","510,900,000","368,700,000","282,000,000","532,500,000","341,400,000","336,600,000","336,200,000","489,600,000","331,500,000","295,200,000","288,800,000","521,600,000","377,000,000","328,600,000","227,000,000","482,700,000","390,900,000","305,300,000","258,400,000","452,400,000","375,000,000","302,700,000","241,800,000","423,800,000","310,100,000","278,500,000","207,900,000","403,600,000","315,800,000","284,100,000","352,600,000","402,500,000","300,500,000","276,900,000","233,500,000","413,600,000","291,200,000","297,400,000","194,700,000","388,900,000","297,700,000","257,500,000","703,700,000","370,600,000","259,700,000","220,000,000","258,765,000","338,371,000","250,103,000","208,161,000","211,890,000","300,250,000","228,580,000","194,850,000","216,670,000","329,390,000","261,690,000","210,400,000","287,310,000","352,260,000","264,600,000","196,600,000","255,000,000","288,880,000","207,440,000","173,400,000","223,790,000","271,310,000","199,500,000","146,200,000","191,700,000","225,700,000","168,400,000","123,200,000","161,900,000","190,600,000","147,400,000","105,400,000","127,700,000","164,900,000","127,600,000","93,300,000","120,000,000","143,900,000","108,900,000","81,900,000","105,900,000","125,300,000","94,900,000","68,700,000","90,400,000","105,000,000","80,200,000","58,500,000","79,700,000","92,500,000","70,100,000","51,900,000","70,300,000","79,800,000","60,400,000","45,800,000","63,000,000","69,700,000","53,200,000","41,700,000","59,700,000","65,000,000","50,000,000",,"53,000,000","56,200,000",,,,,,,,,,,,,,
NormalizedIncome,"2,745,181,764.262","694,094,800","699,410,800","539,898,522.45","811,764,000","641,976,200","603,910,100","430,967,588.933","818,995,000","645,906,000","579,090,400","463,239,128.375","753,623,400","555,489,200","515,553,000","342,665,000","643,326,200","468,326,000","401,207,200","265,047,219.361","588,042,000","376,545,000","368,630,300","282,726,463.7","532,567,000","334,612,800","318,061,200","250,746,995.995","491,535,900","333,399,700","296,550,200","298,375,255.897","509,405,500","369,204,800","326,286,500","248,077,239.113","478,704,000","344,341,000","299,575,000","254,044,578.616","451,080,000","330,364,843.885","280,160,613.978","220,026,540.284","414,064,931.087","289,558,914.569","274,351,856.095","267,127,855.974","384,723,917.852","316,852,447.407","285,751,374.916","422,891,523.546","415,935,860.753","303,383,685.545","280,267,845.003","216,564,739.069","403,028,418.568","291,136,722.651","240,021,913.499","186,461,795.407","364,615,247.49","276,700,022.041","233,540,707.536","230,900,000","345,483,286.664","267,182,002.737","217,943,925.234","253,792,741.741","337,072,113.273","242,964,478.429","200,247,560.884","204,604,559.738","211,216,021.912","219,773,967.081","183,211,707.842","151,618,618.86","324,342,237.298","239,902,584.839","187,086,641.598","268,812,974.539","331,862,368.838","252,050,734.124","194,147,718.926","252,421,471.078","311,729,715.271","233,836,724.876","173,765,422.002","223,790,000","271,310,000","199,500,000","146,200,000","191,700,000","225,700,000","168,400,000","123,200,000","161,900,000","190,600,000","147,400,000","105,400,000","127,700,000","164,900,000","127,600,000","93,300,000","120,000,000","143,900,000","108,900,000","81,900,000","105,900,000","125,300,000","94,900,000","68,700,000","90,400,000","105,000,000","80,200,000","58,500,000","79,700,000","92,500,000","70,100,000","51,900,000","70,300,000","79,800,000","60,400,000","45,800,000","63,000,000","69,700,000","53,200,000","41,700,000","59,700,000","65,000,000","50,000,000",,"53,000,000","56,200,000",,,,,,,,,,,,,,
InterestIncome,"448,000,000","114,500,000","110,800,000","110,800,000","112,100,000","115,800,000","120,300,000","129,200,000","171,000,000","163,400,000","166,200,000","172,900,000","182,400,000","157,200,000","147,000,000","149,700,000","145,800,000","129,400,000","125,200,000","127,000,000","121,700,000","113,100,000","112,100,000","114,100,000","112,500,000","106,600,000","106,400,000","108,000,000","108,600,000","109,300,000","108,600,000","108,900,000","106,800,000","105,900,000","108,200,000","113,700,000","118,000,000","123,200,000","130,600,000","140,200,000","141,800,000","27,200,000","121,900,000","135,700,000","148,600,000","129,000,000","157,500,000","159,900,000","158,500,000","158,900,000","164,200,000",,"181,200,000",,,,,,,,,,,,,,,,,,,,,,,,,,,,,,,,,,,,,,,,,,,,,,,,,,,,,,,,,,,,,,,,,,,,,,,,,,,,,,,,,,,,,,,,,,,,,,
InterestExpense,"67,600,000","18,400,000","18,500,000","17,300,000","13,500,000","13,900,000","15,100,000","15,600,000","20,000,000","31,600,000","39,900,000","33,700,000","21,700,000","38,600,000","35,900,000","28,600,000","18,600,000","27,500,000","28,000,000","22,800,000","16,800,000","20,500,000","19,900,000","18,100,000","16,300,000","16,800,000","4,900,000","1,600,000","800,000","2,200,000","1,900,000","1,400,000","900,000","2,000,000","1,900,000","1,800,000","1,200,000","3,000,000","3,100,000","2,300,000","1,200,000","2,100,000","2,100,000","1,700,000","1,400,000","2,800,000","2,700,000","1,800,000","1,200,000","2,500,000","3,200,000","3,500,000","2,500,000",,,,,,,,,,,,,,,,,,,,,,,,,,,,,,,,,,,,,,,,,,,,,,,,,,,,,,,,,,,,,,,,,,,,,,,,,,,,,,,,,,,,,,,,,,,,,,
NetInterestIncome,"380,400,000","96,100,000","92,300,000","93,500,000","98,600,000","101,900,000","105,200,000","113,600,000","151,000,000","131,800,000","126,300,000","139,200,000","160,700,000","118,600,000","111,100,000","121,100,000","127,200,000","101,900,000","97,200,000","104,200,000","104,900,000","92,600,000","92,200,000","96,000,000","96,200,000","89,800,000","101,500,000","106,400,000","107,800,000","107,100,000","106,700,000","107,500,000","105,900,000","103,900,000","106,300,000","111,900,000","116,800,000","120,200,000","127,500,000","137,900,000","140,600,000","25,100,000","-2,100,000","134,000,000","147,200,000","126,200,000","154,800,000","158,100,000","157,300,000","156,400,000","161,000,000","-573,400,000","178,700,000",,,,,,,,,,,,,,,,,,,,,,,,,,,,,,,,,,,,,,,,,,,,,,,,,,,,,,,,,,,,,,,,,,,,,,,,,,,,,,,,,,,,,,,,,,,,,,
EBIT,"3,641,900,000","928,500,000","919,300,000","714,400,000","1,079,700,000","846,500,000","780,300,000","546,900,000","1,096,700,000","867,100,000","779,000,000","667,000,000","1,006,200,000","779,600,000","682,700,000","233,200,000","871,200,000","593,200,000","576,200,000","411,200,000","844,700,000","806,700,000","548,600,000","445,100,000","811,100,000","524,700,000","509,900,000","376,100,000","743,400,000","503,300,000","454,400,000","450,800,000","770,700,000","563,100,000","499,200,000","366,900,000","726,000,000","531,800,000","468,700,000","399,800,000","686,800,000","581,800,000","461,400,000","360,400,000","654,400,000","487,400,000","439,100,000","307,300,000","634,200,000","482,600,000","450,500,000","364,500,000","631,600,000","442,700,000","418,100,000","314,700,000","617,500,000","427,400,000","366,300,000","271,000,000","559,600,000","434,100,000","357,900,000","387,600,000","555,300,000","428,900,000","349,800,000","404,085,000","535,885,000","386,271,000","318,359,000","326,842,000","467,643,000","351,073,000","292,678,000","321,693,000","505,501,000","388,195,000","302,682,000","435,082,000","538,737,000","409,511,000","289,678,000","421,027,000","515,441,000","259,965,000","174,873,000","35,670,000","418,266,000","306,900,000","225,700,000","296,300,000","355,500,000","281,500,000","187,800,000","241,900,000","283,700,000","221,900,000","161,000,000","210,400,000","243,900,000","187,700,000","139,200,000","181,600,000","207,700,000","159,200,000","116,600,000","150,500,000","175,100,000","134,300,000","98,500,000","125,900,000","145,600,000","111,700,000","84,200,000","109,600,000","126,600,000","97,000,000","73,400,000","98,800,000","110,500,000","81,900,000","62,600,000","84,900,000","94,000,000","72,100,000","56,800,000","80,500,000","89,300,000","70,100,000","403,400,000","81,700,000","85,000,000","409,500,000","396,100,000","-883,900,000","418,000,000","376,700,000","361,300,000","-787,000,000","373,700,000","334,200,000","321,100,000","-686,500,000","324,300,000","290,300,000","271,200,000"
EBITDA,"4,150,400,000"
ReconciledCostOfRevenue,"9,047,300,000","2,341,200,000","2,222,600,000","2,205,500,000","2,278,100,000","2,122,400,000","2,034,300,000","2,067,100,000","2,239,100,000","2,094,100,000","2,044,800,000","2,020,500,000","2,111,800,000","2,013,700,000","1,940,500,000","1,952,300,000","2,077,400,000","1,946,700,000","1,866,400,000","1,847,400,000","1,911,000,000","1,767,800,000","1,743,600,000","1,698,600,000","1,812,700,000","1,682,500,000","1,646,500,000","1,590,700,000","1,688,000,000","1,587,000,000","1,561,900,000","1,845,500,000","1,884,400,000","1,772,400,000","1,724,400,000","1,692,800,000","1,745,900,000","1,624,300,000","1,586,500,000","1,589,200,000","1,624,700,000","1,519,900,000","1,506,100,000","1,518,700,000","1,520,600,000","1,380,300,000","1,311,900,000","1,282,300,000","1,330,700,000","1,231,300,000","1,193,300,000","1,196,700,000","1,218,600,000","1,004,800,000","1,014,700,000","968,600,000","1,002,300,000","937,200,000","884,300,000","825,000,000","897,400,000","1,075,900,000","1,100,700,000","1,238,600,000","1,146,800,000","971,800,000","949,200,000","1,092,109,000","1,039,746,000","884,146,000","833,499,000","976,499,000","944,373,000","810,300,000","794,241,000","888,955,000","796,580,000","702,716,000","708,468,000","829,831,000","772,492,000","691,970,000","676,352,000","808,764,000","754,300,000","677,102,000","659,958,000","737,694,000","661,954,000","613,700,000","551,100,000","650,900,000","609,600,000","535,600,000","529,900,000","593,500,000","536,000,000","490,100,000","443,400,000","473,100,000","440,400,000","418,000,000","391,500,000","428,600,000","428,400,000","342,700,000","316,800,000","346,900,000","309,600,000","268,200,000","252,700,000","297,100,000","266,100,000","270,600,000","266,700,000","269,900,000","236,500,000","212,700,000","208,100,000","228,200,000","216,800,000","187,500,000","183,800,000","192,300,000","195,200,000","186,000,000","183,300,000","189,400,000","189,400,000","180,600,000",,"193,600,000","190,900,000",,,,,,,,,,,,,,
ReconciledDepreciation,"508,500,000","126,500,000","129,100,000","126,000,000","126,900,000","126,700,000","131,100,000","124,500,000","120,600,000","117,600,000","117,300,000","109,400,000","103,100,000","97,500,000","99,000,000","99,300,000","96,300,000","94,800,000","87,200,000","82,500,000","77,600,000","78,400,000","77,600,000","73,900,000","73,300,000","72,600,000","68,800,000","69,500,000","70,400,000","69,700,000","68,300,000","89,100,000","82,700,000","83,900,000","80,500,000","80,300,000","81,100,000","77,300,000","78,300,000","83,300,000","81,100,000","79,200,000","79,700,000","79,000,000","81,000,000","82,700,000","75,500,000","76,400,000","77,800,000","77,400,000","77,600,000","79,300,000","77,600,000","59,600,000","91,600,000","86,100,000","90,100,000","102,200,000","83,400,000","83,600,000","56,000,000","96,700,000","93,000,000","89,700,000","72,600,000","99,800,000","101,900,000","102,640,000","106,084,000","107,734,000","107,942,000","81,252,000","77,185,000","73,609,000","74,726,000","70,796,000","67,503,000","68,699,000","67,684,000","67,962,000","73,203,000","68,449,000","69,463,000","80,874,000","79,914,000","78,524,000","81,544,000","78,250,000","72,832,000","67,600,000","65,600,000","68,900,000","67,000,000","68,000,000","68,900,000","67,500,000","61,500,000","58,200,000","57,400,000","55,900,000","59,100,000","55,300,000","53,100,000","53,200,000","55,300,000","48,600,000","44,500,000","52,900,000","42,100,000","39,700,000","37,800,000","39,400,000","36,600,000","36,700,000","35,600,000","38,300,000","35,800,000","33,200,000","32,900,000","30,100,000","28,900,000","28,800,000","28,300,000","29,700,000","29,500,000","28,100,000","27,200,000","30,500,000","29,600,000","25,700,000",,"31,500,000","32,800,000",,,,,,,,,,,,,,
NetIncomeFromContinuingOperationNetMinorityInterest,"2,743,800,000","694,400,000","700,500,000","538,200,000","810,700,000","647,500,000","602,100,000","411,600,000","820,900,000","651,600,000","582,400,000","475,400,000","753,700,000","558,200,000","505,400,000","108,700,000","643,100,000","467,500,000","401,500,000","265,800,000","587,900,000","510,900,000","368,700,000","282,000,000","532,500,000","341,400,000","337,500,000","252,500,000","492,000,000","334,000,000","298,000,000","288,800,000","510,400,000","377,000,000","328,600,000","227,000,000","482,700,000","352,000,000","302,500,000","258,400,000","452,400,000","375,000,000","302,700,000","241,800,000","423,800,000","310,100,000","278,500,000","207,600,000","401,600,000","315,800,000","284,100,000","347,200,000","402,500,000","300,400,000","278,000,000","226,000,000","403,600,000","291,600,000","240,400,000","180,800,000","364,300,000","283,000,000","257,500,000","253,100,000","355,500,000","273,100,000","220,000,000","258,765,000","338,371,000","250,103,000","208,161,000","211,890,000","300,250,000","228,580,000","194,850,000","216,670,000","329,390,000","261,690,000","210,400,000","287,310,000","352,260,000","264,600,000","196,600,000","255,000,000","288,880,000","207,440,000","173,400,000","223,790,000","271,310,000","199,500,000","146,200,000","191,700,000","225,700,000","168,400,000","123,200,000","161,900,000","190,600,000","147,400,000","105,400,000","127,700,000","164,900,000","127,600,000","93,300,000","120,000,000","143,900,000","108,900,000","81,900,000","105,900,000","125,300,000","94,900,000","68,700,000","90,400,000","105,000,000","80,200,000","58,500,000","79,700,000","92,500,000","70,100,000","51,900,000","70,300,000","79,800,000","60,400,000","45,800,000","63,000,000","69,700,000","53,200,000","41,700,000","59,700,000","65,000,000","50,000,000",,"53,000,000","56,200,000",,,,,,,,,,,,,,
TotalUnusualItemsExcludingGoodwill,"-1,800,000","400,000","1,400,000","-2,200,000","-1,400,000","7,100,000","-2,300,000","-25,000,000","2,500,000","7,300,000","4,200,000","16,200,000","100,000","3,600,000","-13,000,000","-320,500,000","-300,000","-1,000,000","400,000","1,100,000","-200,000","206,700,000","100,000","-1,100,000","-100,000","10,100,000","29,100,000","2,600,000","700,000","900,000","2,200,000","-14,900,000","1,500,000","11,600,000","3,500,000","-33,900,000","6,000,000","11,500,000","4,500,000","6,700,000","2,000,000","69,000,000","34,200,000","32,300,000","15,000,000","32,100,000","6,500,000","-87,600,000","26,600,000","-1,600,000","-2,600,000","-78,700,000","-21,000,000","-4,700,000","-3,600,000","14,800,000","900,000","700,000","600,000","-9,000,000","-500,000","10,100,000","38,400,000","37,000,000","16,100,000","9,500,000","3,300,000","7,905,000","2,065,000","11,349,000","12,581,000","11,638,000","142,229,000","14,067,000","18,592,000","104,586,000","8,168,000","35,255,000","37,718,000","29,938,000","33,113,000","20,389,000","3,994,000","4,248,000","-37,603,000","-43,634,000","-604,000",,,,,,,,,,,,,,,,,,,,,,,,,,,,,,,,,,,,,,,,,,,,,,,,,,,,,,,,,,,,
TotalUnusualItems,"-1,800,000","400,000","1,400,000","-2,200,000","-1,400,000","7,100,000","-2,300,000","-25,000,000","2,500,000","7,300,000","4,200,000","16,200,000","100,000","3,600,000","-13,000,000","-320,500,000","-300,000","-1,000,000","400,000","1,100,000","-200,000","206,700,000","100,000","-1,100,000","-100,000","10,100,000","29,100,000","2,600,000","700,000","900,000","2,200,000","-14,900,000","1,500,000","11,600,000","3,500,000","-33,900,000","6,000,000","11,500,000","4,500,000","6,700,000","2,000,000","69,000,000","34,200,000","32,300,000","15,000,000","32,100,000","6,500,000","-87,600,000","26,600,000","-1,600,000","-2,600,000","-78,700,000","-21,000,000","-4,700,000","-3,600,000","14,800,000","900,000","700,000","600,000","-9,000,000","-500,000","10,100,000","38,400,000","37,000,000","16,100,000","9,500,000","3,300,000","7,905,000","2,065,000","11,349,000","12,581,000","11,638,000","142,229,000","14,067,000","18,592,000","104,586,000","8,168,000","35,255,000","37,718,000","29,938,000","33,113,000","20,389,000","3,994,000","4,248,000","-37,603,000","-43,634,000","-604,000",,,,,,,,,,,,,,,,,,,,,,,,,,,,,,,,,,,,,,,,,,,,,,,,,,,,,,,,,,,,
NormalizedEBITDA,"4,152,200,000","1,054,600,000","1,047,000,000","842,600,000","1,208,000,000","966,100,000","913,700,000","696,400,000","1,214,800,000","977,400,000","892,100,000","760,200,000","1,109,200,000","873,500,000","794,700,000","653,000,000","967,800,000","689,000,000","663,000,000","492,600,000","922,500,000","678,400,000","626,100,000","520,100,000","884,500,000","587,200,000","549,600,000","443,000,000","813,100,000","572,100,000","520,500,000","554,800,000","851,900,000","635,400,000","576,200,000","481,100,000","801,100,000","597,600,000","542,500,000","476,400,000","765,900,000","592,000,000","506,900,000","407,100,000","720,400,000","538,000,000","508,100,000","471,300,000","685,400,000","561,600,000","530,700,000","522,500,000","730,200,000","507,000,000","513,300,000","386,000,000","706,700,000","528,900,000","449,100,000","363,600,000","616,100,000","520,700,000","412,500,000","440,300,000","611,800,000","519,200,000","448,400,000","498,820,000","639,904,000","482,656,000","413,720,000","396,456,000","402,599,000","410,615,000","348,812,000","287,903,000","564,836,000","421,639,000","332,648,000","473,106,000","578,827,000","457,571,000","355,147,000","497,653,000","632,958,000","382,123,000","257,021,000","113,920,000","491,117,000","374,500,000","291,300,000","365,200,000","422,500,000","349,500,000","256,700,000","309,400,000","345,200,000","280,100,000","218,400,000","266,300,000","303,100,000","243,000,000","192,300,000","234,800,000","263,000,000","207,800,000","161,100,000","203,400,000","217,200,000","174,100,000","136,300,000","165,300,000","182,200,000","148,400,000","119,800,000","147,900,000","162,400,000","130,300,000","106,300,000","128,900,000","139,500,000","110,700,000","90,900,000","114,600,000","123,600,000","100,200,000","84,000,000","111,000,000","118,900,000","95,800,000","403,400,000","113,200,000","117,800,000","409,500,000","396,100,000","-883,900,000","418,000,000","376,700,000","361,300,000","-787,000,000","373,700,000","334,200,000","321,100,000","-686,500,000","324,300,000","290,300,000","271,200,000"
TaxRateForCalcs,"0.232","0.237","0.222","0.228","0.24","0.222","0.213","0.225","0.238","0.22","0.212","0.249","0.234","0.247","0.219","0.27","0.246","0.174","0.268","0.316","0.29","0.35","0.303","0.34","0.33","0.328","0.332","0.326","0.337","0.333","0.341","0.357","0.337","0.328","0.339","0.378","0.334","0.334","0.35","0.35","0.34","0.353","0.341","0.326","0.351","0.36","0.362","0.32","0.366","0.342","0.365","0.038","0.36","0.365","0.37","0.362","0.365","0.338","0.37","0.371","0.37","0.376","0.376","0.4","0.378","0.377","0.377","0.371","0.371","0.371","0.371","0.374","0.374","0.374","0.374","0.378","0.382","0.382","0.382","0.382","0.384","0.385","0.386","0.393","0.392","0.395","0.395","0.358","0.347","0.342","0.342","0.345","0.358","0.39","0.324","0.317","0.317","0.313","0.313","0.268","0.303","0.294","0.294","0.311","0.28","0.277","0.261","0.267","0.259","0.259","0.258","0.249","0.253","0.248","0.259","0.236","0.24","0.241","0.24","0.248","0.253","0.248","0.249","0.236","0.24","0.241","0.245","0.239","0.249","0.263",,"0.304","0.304",,,,,,,,,,,,,,
TaxEffectOfUnusualItems,"-418,235.738","94,800","310,800","-501,477.55","-336,000","1,576,200","-489,900","-5,632,411.067","595,000","1,606,000","890,400","4,039,128.375","23,400","889,200","-2,847,000","-86,535,000","-73,800","-174,000","107,200","347,219.361","-58,000","72,345,000","30,300","-373,536.3","-33,000","3,312,800","9,661,200","846,995.995","235,900","299,700","750,200","-5,324,744.103","505,500","3,804,800","1,186,500","-12,822,760.887","2,004,000","3,841,000","1,575,000","2,344,578.616","680,000","24,364,843.885","11,660,613.978","10,526,540.284","5,264,931.087","11,558,914.569","2,351,856.095","-28,072,144.026","9,723,917.852","-547,552.593","-948,625.084","-3,008,476.454","-7,564,139.247","-1,716,314.455","-1,332,154.997","5,364,739.069","328,418.568","236,722.651","221,913.499","-3,338,204.593","-184,752.51","3,800,022.041","14,440,707.536","14,800,000","6,083,286.664","3,582,002.737","1,243,925.234","2,932,741.741","766,113.273","4,210,478.429","4,667,560.884","4,352,559.738","53,195,021.912","5,260,967.081","6,953,707.842","39,534,618.86","3,120,237.298","13,467,584.839","14,404,641.598","11,440,974.539","12,715,368.838","7,839,734.124","1,541,718.926","1,669,471.078","-14,753,284.729","-17,237,275.124","-238,577.998","0","0","0","0","0","0","0","0","0","0","0","0","0","0","0","0","0","0","0","0","0","0","0","0","0","0","0","0","0","0","0","0","0","0","0","0","0","0","0","0","0","0","0",,"0","0",,,,,,,,,,,,,,