name,ttm,12/31/2021,09/30/2021,06/30/2021,03/31/2021,12/31/2020,09/30/2020,06/30/2020,03/31/2020,12/31/2019,09/30/2019,06/30/2019,03/31/2019,12/31/2018,09/30/2018,06/30/2018,03/31/2018,12/31/2017,09/30/2017,06/30/2017,03/31/2017,12/31/2016,09/30/2016,06/30/2016,03/31/2016,12/31/2015,09/30/2015,06/30/2015,03/31/2015,12/31/2014,09/30/2014,06/30/2014,03/31/2014,12/31/2013,09/30/2013,06/30/2013,03/31/2013,12/31/2012,09/30/2012,06/30/2012,03/31/2012,12/31/2011,09/30/2011,06/30/2011,03/31/2011,12/31/2010,09/30/2010,06/30/2010,03/31/2010,12/31/2009,09/30/2009,06/30/2009,03/31/2009,12/31/2008,09/30/2008,06/30/2008,03/31/2008,12/31/2007,09/30/2007,06/30/2007,03/31/2007,12/31/2006,09/30/2006,06/30/2006,03/31/2006,12/31/2005,09/30/2005,06/30/2005,03/31/2005,12/31/2004,09/30/2004,06/30/2004,03/31/2004,12/31/2003,09/30/2003,06/30/2003,03/31/2003,12/31/2002,09/30/2002,06/30/2002,03/31/2002,12/31/2001,09/30/2001,06/30/2001,03/31/2001,12/31/2000,09/30/2000,06/30/2000,03/31/2000,12/31/1999,09/30/1999,06/30/1999,03/31/1999,12/31/1998,09/30/1998,06/30/1998,03/31/1998,12/31/1997,09/30/1997,06/30/1997,03/31/1997
TotalRevenue,"6,394,000,000","1,545,000,000","1,811,000,000","1,472,000,000","1,566,000,000","1,328,000,000","1,628,000,000","1,398,000,000","1,440,000,000","1,316,000,000","1,659,000,000","1,379,000,000","1,556,000,000","1,419,000,000","1,724,000,000","1,563,000,000","1,585,000,000","1,402,000,000","1,723,000,000","1,538,000,000","1,514,000,000","1,356,000,000","1,859,000,000","1,427,000,000","1,434,000,000","1,308,000,000","1,833,000,000","1,401,000,000","1,556,000,000","1,370,000,000","1,670,000,000","1,419,000,000","1,594,000,000","1,322,000,000","1,638,000,000","1,403,000,000","1,475,000,000","1,509,000,000","2,001,000,000","1,660,000,000","1,658,000,000","1,578,000,000","2,268,000,000","1,781,000,000","1,904,000,000","1,764,000,000","2,267,000,000","1,704,000,000","1,916,000,000","1,675,000,000","1,815,000,000","1,684,000,000","1,916,000,000","1,908,000,000","2,060,000,000","1,788,000,000","2,079,000,000","1,807,000,000","1,997,000,000","1,723,000,000","2,019,000,000","1,620,000,000","1,910,000,000","1,550,000,000","1,800,000,000","1,701,000,000","1,868,000,000","1,590,000,000","1,626,000,000","1,475,000,000","1,317,000,000","1,152,000,000","1,216,000,000","1,047,000,000","1,350,000,000","1,088,000,000","1,108,000,000","503,000,000","1,232,000,000","1,111,000,000","1,115,000,000","992,710,000","1,431,613,000","1,057,016,000","1,024,528,000","894,758,000","1,195,411,000","940,304,000","825,376,000","734,300,000","1,193,500,000","859,900,000","735,900,000","678,500,000","1,117,100,000","821,800,000","700,800,000","732,000,000","1,043,100,000","791,800,000","759,700,000"
	OperatingRevenue,"6,394,000,000","1,545,000,000","1,811,000,000","1,472,000,000","1,566,000,000","1,328,000,000","1,628,000,000","1,398,000,000","1,440,000,000","1,316,000,000","1,659,000,000","1,379,000,000","1,556,000,000","1,419,000,000","1,724,000,000","1,563,000,000","1,585,000,000","1,402,000,000","1,723,000,000","1,538,000,000","1,514,000,000","1,356,000,000","1,859,000,000","1,427,000,000","1,434,000,000","1,308,000,000","1,833,000,000","1,401,000,000","1,556,000,000","1,370,000,000","1,670,000,000","1,419,000,000","1,594,000,000","1,322,000,000","1,638,000,000","1,403,000,000","1,475,000,000","1,509,000,000","2,001,000,000","1,660,000,000","1,658,000,000","1,578,000,000","2,268,000,000","1,781,000,000","1,904,000,000","1,764,000,000","2,267,000,000","1,704,000,000","1,916,000,000","1,675,000,000","1,815,000,000","1,684,000,000","1,916,000,000","1,908,000,000","2,060,000,000","1,788,000,000","2,079,000,000","1,807,000,000","1,997,000,000","1,723,000,000","2,019,000,000","1,620,000,000","1,910,000,000","1,550,000,000","1,800,000,000","1,701,000,000","1,868,000,000","1,590,000,000","1,626,000,000","1,475,000,000","1,317,000,000","1,152,000,000","1,216,000,000","1,047,000,000","1,350,000,000","1,088,000,000","1,108,000,000","503,000,000","1,232,000,000","1,111,000,000","1,115,000,000","992,710,000","1,431,613,000","1,057,016,000","1,024,528,000","894,758,000","1,195,411,000","940,304,000","825,376,000","734,300,000","1,193,500,000","859,900,000","735,900,000","678,500,000","1,117,100,000","821,800,000","700,800,000","732,000,000","1,043,100,000","791,800,000","759,700,000"
CostOfRevenue,"3,403,000,000","938,000,000","845,000,000","779,000,000","841,000,000","730,000,000","733,000,000","654,000,000","819,000,000","781,000,000","760,000,000","732,000,000","894,000,000","902,000,000","823,000,000","818,000,000","953,000,000","836,000,000","788,000,000","801,000,000","921,000,000","885,000,000","828,000,000","777,000,000","893,000,000","862,000,000","878,000,000","779,000,000","982,000,000","945,000,000","801,000,000","800,000,000","1,040,000,000","869,000,000","775,000,000","853,000,000","993,000,000","2,379,000,000","635,000,000","528,000,000","705,000,000","677,000,000","845,000,000","687,000,000","894,000,000","743,000,000","821,000,000","637,000,000","897,000,000","701,000,000","619,000,000","589,000,000","890,000,000","918,000,000","905,000,000","671,000,000","589,000,000","862,000,000","825,000,000","710,000,000","1,057,000,000","786,000,000","707,000,000","628,000,000","978,000,000","938,000,000","711,000,000","597,000,000","770,000,000","53,000,000","377,000,000","357,000,000","484,000,000","-64,000,000","384,000,000","315,000,000","221,000,000","-279,000,000","331,000,000","353,000,000","525,000,000","449,312,000","513,781,000","381,204,000","439,709,000","357,880,000","308,789,000","270,094,000","297,925,000","319,900,000","304,700,000","248,000,000","232,100,000","182,900,000","252,800,000","226,300,000","209,900,000",,,,
GrossProfit,"2,991,000,000","607,000,000","966,000,000","693,000,000","725,000,000","598,000,000","895,000,000","744,000,000","621,000,000","535,000,000","899,000,000","647,000,000","662,000,000","517,000,000","901,000,000","745,000,000","632,000,000","566,000,000","935,000,000","737,000,000","593,000,000","471,000,000","1,031,000,000","650,000,000","541,000,000","446,000,000","955,000,000","622,000,000","574,000,000","425,000,000","869,000,000","619,000,000","554,000,000","453,000,000","863,000,000","550,000,000","482,000,000","-870,000,000","1,366,000,000","1,132,000,000","953,000,000","901,000,000","1,423,000,000","1,094,000,000","1,010,000,000","1,021,000,000","1,446,000,000","1,067,000,000","1,019,000,000","974,000,000","1,196,000,000","1,095,000,000","1,026,000,000","990,000,000","1,155,000,000","1,117,000,000","1,490,000,000","945,000,000","1,172,000,000","1,013,000,000","962,000,000","834,000,000","1,203,000,000","922,000,000","822,000,000","763,000,000","1,157,000,000","993,000,000","856,000,000","1,422,000,000","940,000,000","795,000,000","732,000,000","1,111,000,000","966,000,000","773,000,000","887,000,000","782,000,000","901,000,000","758,000,000","590,000,000","543,398,000","917,832,000","675,812,000","584,819,000","536,878,000","886,622,000","670,210,000","527,451,000","414,400,000","888,800,000","611,900,000","503,800,000","495,600,000","864,300,000","595,500,000","490,900,000",,,,
OperatingExpense,"1,658,000,000","410,000,000","432,000,000","407,000,000","409,000,000","387,000,000","401,000,000","390,000,000","380,000,000","356,000,000","379,000,000","367,000,000","374,000,000","351,000,000","368,000,000","360,000,000","359,000,000","341,000,000","354,000,000","339,000,000","339,000,000","326,000,000","340,000,000","325,000,000","321,000,000","306,000,000","329,000,000","385,000,000","318,000,000","300,000,000","308,000,000","297,000,000","308,000,000","282,000,000","296,000,000","289,000,000","297,000,000","-1,004,000,000","731,000,000","769,000,000","747,000,000","754,000,000","749,000,000","778,000,000","783,000,000","823,000,000","768,000,000","736,000,000","721,000,000","729,000,000","711,000,000","730,000,000","705,000,000","821,000,000","727,000,000","676,000,000","1,171,000,000","692,000,000","693,000,000","691,000,000","674,000,000","680,000,000","656,000,000","646,000,000","626,000,000","619,000,000","647,000,000","627,000,000","593,000,000","1,219,000,000","527,000,000","549,000,000","516,000,000","972,000,000","466,000,000","523,000,000","686,000,000","776,000,000","460,000,000","481,000,000","441,000,000","436,195,000","431,345,000","469,881,000","419,401,000","456,041,000","417,231,000","431,765,000","374,622,000","380,000,000","429,000,000","419,600,000","368,800,000","401,300,000","427,100,000","408,400,000","370,600,000",,,,
	DepreciationAmortizationDepletionIncomeStatement,"1,146,000,000","290,000,000","290,000,000","285,000,000","281,000,000","276,000,000","273,000,000","271,000,000","255,000,000","250,000,000","248,000,000","249,000,000","248,000,000","242,000,000","241,000,000","238,000,000","234,000,000","228,000,000","225,000,000","222,000,000","221,000,000","217,000,000","211,000,000","210,000,000","207,000,000","202,000,000","201,000,000","200,000,000","193,000,000","194,000,000","187,000,000","183,000,000","181,000,000","178,000,000","175,000,000","178,000,000","175,000,000","193,000,000","188,000,000","195,000,000","199,000,000","200,000,000","196,000,000","194,000,000","195,000,000","194,000,000","194,000,000","190,000,000","187,000,000","184,000,000","185,000,000","182,000,000","174,000,000","151,000,000","180,000,000","178,000,000","176,000,000","167,000,000","169,000,000","169,000,000","176,000,000","172,000,000","162,000,000","162,000,000","165,000,000","160,000,000","158,000,000","157,000,000","157,000,000","159,000,000","136,000,000","132,000,000","130,000,000","131,000,000","132,000,000","132,000,000","124,000,000","110,000,000","108,000,000","106,000,000","107,000,000","102,404,000","104,226,000","100,440,000","98,734,000","99,037,000","84,359,000","99,379,000","99,354,000","86,100,000","97,500,000","95,400,000","97,400,000","96,900,000","94,400,000","90,000,000","94,100,000",,,,
		DepreciationAndAmortizationInIncomeStatement,"1,146,000,000","290,000,000","290,000,000","285,000,000","281,000,000","276,000,000","273,000,000","271,000,000","255,000,000","250,000,000","248,000,000","249,000,000","248,000,000","242,000,000","241,000,000","238,000,000","234,000,000","228,000,000","225,000,000","222,000,000","221,000,000","217,000,000","211,000,000","210,000,000","207,000,000","202,000,000","201,000,000","200,000,000","193,000,000","194,000,000","187,000,000","183,000,000","181,000,000","178,000,000","175,000,000","178,000,000","175,000,000","193,000,000","188,000,000","195,000,000","199,000,000","200,000,000","196,000,000","194,000,000","195,000,000","194,000,000","194,000,000","190,000,000","187,000,000","184,000,000","185,000,000","182,000,000","174,000,000",,,,,,,,,,,,,,,,,,,,,,,,,,,,,,,,,,,,,,,,,,,,,,,,
	OtherTaxes,"512,000,000","120,000,000","142,000,000","122,000,000","128,000,000","111,000,000","128,000,000","119,000,000","125,000,000","106,000,000","131,000,000","118,000,000","126,000,000","109,000,000","127,000,000","122,000,000","125,000,000","113,000,000","129,000,000","117,000,000","118,000,000","109,000,000","129,000,000","115,000,000","114,000,000","104,000,000","128,000,000","116,000,000","125,000,000","106,000,000","121,000,000","114,000,000","127,000,000","104,000,000","121,000,000","111,000,000","122,000,000","112,000,000","119,000,000","116,000,000","121,000,000","102,000,000","121,000,000","109,000,000","125,000,000","114,000,000","119,000,000","100,000,000","118,000,000","101,000,000","104,000,000","97,000,000","110,000,000","93,000,000","98,000,000","89,000,000","113,000,000","86,000,000","97,000,000","96,000,000","102,000,000","89,000,000","99,000,000","90,000,000","113,000,000","81,000,000","98,000,000","95,000,000","91,000,000","81,000,000","77,000,000","74,000,000","80,000,000","61,000,000","83,000,000","77,000,000","78,000,000","51,000,000","74,000,000","69,000,000","68,000,000","57,703,000","75,630,000","60,298,000","67,186,000","61,846,000","75,535,000","66,769,000","60,915,000","55,200,000","70,300,000","61,200,000","59,900,000","58,900,000","78,200,000","70,900,000","64,700,000",,,,
	OtherOperatingExpenses,,,,,,,,,,,,,,,,,,,,,,,,,,"0",,"69,000,000",,,,,,,,,,,,"458,000,000","427,000,000",,"432,000,000","475,000,000","463,000,000",,"444,000,000","446,000,000","416,000,000","444,000,000","422,000,000","451,000,000","421,000,000","577,000,000","449,000,000","409,000,000","882,000,000","439,000,000","427,000,000","426,000,000","396,000,000","419,000,000","395,000,000","394,000,000","348,000,000","378,000,000","391,000,000","375,000,000","345,000,000","979,000,000","314,000,000","343,000,000","306,000,000","780,000,000","251,000,000","314,000,000","484,000,000","615,000,000","278,000,000","306,000,000","266,000,000","276,088,000","251,489,000","309,143,000","253,481,000","295,158,000","257,337,000","265,617,000","214,353,000","238,700,000","261,200,000","263,000,000","211,500,000","245,500,000","254,500,000","247,500,000","211,800,000",,,,
OperatingIncome,"1,333,000,000","197,000,000","534,000,000","286,000,000","316,000,000","211,000,000","494,000,000","354,000,000","241,000,000","179,000,000","520,000,000","280,000,000","288,000,000","166,000,000","533,000,000","385,000,000","273,000,000","225,000,000","581,000,000","398,000,000","254,000,000","145,000,000","691,000,000","325,000,000","220,000,000","140,000,000","626,000,000","237,000,000","256,000,000","125,000,000","561,000,000","322,000,000","246,000,000","171,000,000","567,000,000","261,000,000","185,000,000","134,000,000","635,000,000","363,000,000","206,000,000","147,000,000","674,000,000","316,000,000","227,000,000","198,000,000","678,000,000","331,000,000","298,000,000","245,000,000","485,000,000","365,000,000","321,000,000","169,000,000","428,000,000","441,000,000","319,000,000","253,000,000","479,000,000","322,000,000","288,000,000","154,000,000","547,000,000","276,000,000","196,000,000","144,000,000","510,000,000","366,000,000","263,000,000","203,000,000","413,000,000","246,000,000","216,000,000","139,000,000","500,000,000","250,000,000","201,000,000","6,000,000","441,000,000","277,000,000","149,000,000","107,203,000","486,487,000","205,931,000","165,418,000","80,837,000","469,391,000","238,445,000","152,829,000","34,400,000","459,800,000","192,300,000","135,000,000","94,300,000","437,200,000","187,100,000","120,300,000","-1,778,200,000","1,043,100,000","791,800,000","759,700,000"
NetNonOperatingInterestIncomeExpense,"-383,000,000","-113,000,000","-87,000,000","-90,000,000","-93,000,000","-129,000,000","-103,000,000","-101,000,000","-86,000,000","-83,000,000","-88,000,000","-88,000,000","-89,000,000","-91,000,000","-93,000,000","-91,000,000","-93,000,000","-87,000,000","-90,000,000","-90,000,000","-90,000,000","-86,000,000","-87,000,000","-85,000,000","-84,000,000","-82,000,000","-76,000,000","-79,000,000","-77,000,000","-66,000,000","-76,000,000","-80,000,000","-83,000,000","-103,000,000","-79,000,000","-92,000,000","-94,000,000","-77,000,000","-113,000,000","-112,000,000","-113,000,000","-115,000,000","-113,000,000","-104,000,000","-119,000,000","-120,000,000","-130,000,000","-115,000,000","-124,000,000","-132,000,000","-134,000,000","-124,000,000","-118,000,000",,,,,,,,,,,,,,,,,,,,,,,,,,,,,,,,,,,,,,,,,,,,,,,,
	InterestIncomeNonOperating,"33,000,000",,"7,000,000","6,000,000","7,000,000",,"7,000,000","7,000,000","7,000,000","8,000,000","8,000,000","9,000,000","8,000,000","8,000,000","8,000,000","9,000,000","8,000,000","9,000,000","7,000,000","9,000,000","9,000,000","9,000,000","10,000,000","10,000,000","11,000,000","9,000,000","11,000,000","10,000,000","11,000,000","9,000,000","9,000,000","9,000,000","9,000,000","6,000,000","9,000,000","8,000,000","7,000,000",,,,,,,,,,,,"8,000,000",,,,,,,,,,,,,,,,,,,,,,,,,,,,,,,,,,,,,,,,,,,,,,,,,,,,
	InterestExpenseNonOperating,"383,000,000","93,000,000","94,000,000","96,000,000","100,000,000","108,000,000","110,000,000","108,000,000","93,000,000","91,000,000","96,000,000","97,000,000","97,000,000","99,000,000","101,000,000","100,000,000","101,000,000","96,000,000","97,000,000","99,000,000","99,000,000","95,000,000","97,000,000","95,000,000","95,000,000","91,000,000","87,000,000","89,000,000","88,000,000","75,000,000","85,000,000","89,000,000","92,000,000","109,000,000","88,000,000","100,000,000","101,000,000","110,000,000","113,000,000","112,000,000","113,000,000","115,000,000","113,000,000","104,000,000","119,000,000","120,000,000","130,000,000","115,000,000","132,000,000","132,000,000","134,000,000","124,000,000","118,000,000",,,,,,,,,,,,,,,,,,,,,,,,,,,,,,,,,,,,,,,,,,,,,,,,
OtherIncomeExpense,"202,000,000","71,000,000","49,000,000","43,000,000","39,000,000","55,000,000","41,000,000","41,000,000","14,000,000","23,000,000","26,000,000","27,000,000","21,000,000","10,000,000","24,000,000","20,000,000","15,000,000","3,000,000","4,000,000",,"-3,000,000","0",,,"2,000,000","12,000,000","3,000,000","10,000,000","-3,000,000","8,000,000","5,000,000","8,000,000","9,000,000","4,000,000","6,000,000","3,000,000","7,000,000","-1,974,000,000","10,000,000","13,000,000","-626,000,000","11,000,000","-111,000,000","12,000,000","11,000,000","6,000,000","-575,000,000","22,000,000","7,000,000","13,000,000","13,000,000","10,000,000","12,000,000","66,000,000","-5,000,000","13,000,000","-1,000,000","64,000,000","-2,000,000","2,000,000","2,000,000","37,000,000","2,000,000","2,000,000","4,000,000","23,000,000","-2,000,000","-5,000,000","1,000,000","21,000,000","1,000,000","-2,000,000","3,000,000","3,000,000","3,000,000","-3,000,000","3,000,000","-2,000,000","2,000,000","-34,000,000","-1,000,000","1,541,000","3,615,000","-6,082,000","-4,685,000","9,081,000","-5,481,000","-3,078,000","-4,922,000","-4,100,000","-2,800,000","-1,700,000","-2,300,000","2,700,000","-500,000","-1,600,000","-3,100,000",,,,
	SpecialIncomeCharges,"5,000,000",,"13,000,000","8,000,000","4,000,000",,"12,000,000","8,000,000","-9,000,000","4,000,000","6,000,000","7,000,000","0","-7,000,000","7,000,000","3,000,000","0","7,000,000","6,000,000","2,000,000","1,000,000","-1,000,000","6,000,000","3,000,000","3,000,000","6,000,000","8,000,000","4,000,000","-3,000,000","7,000,000","7,000,000","8,000,000","2,000,000","6,000,000","8,000,000","7,000,000","4,000,000","-1,963,000,000","10,000,000","13,000,000","-626,000,000","11,000,000","-111,000,000","12,000,000","11,000,000","6,000,000","-575,000,000","22,000,000","7,000,000","13,000,000","13,000,000","10,000,000","12,000,000","66,000,000","-5,000,000","13,000,000","-1,000,000","64,000,000","-2,000,000","2,000,000","2,000,000","37,000,000","2,000,000","2,000,000","4,000,000","23,000,000","-2,000,000","-5,000,000","1,000,000","21,000,000","1,000,000","-2,000,000","3,000,000","3,000,000","3,000,000","-3,000,000","3,000,000","-2,000,000","2,000,000","-34,000,000","-1,000,000","1,541,000","3,615,000","-6,082,000","-4,685,000","9,081,000","-5,481,000","-3,078,000","-4,922,000","-4,100,000","-2,800,000","-1,700,000","-2,300,000","2,700,000","-500,000","-1,600,000","-3,100,000",,,,
		ImpairmentOfCapitalAssets,,,,,,,,,,,,,,,,,,,,,,,,,,,,,,,,,,,,,,"1,950,000,000","0","0","628,000,000","-1,000,000","124,000,000",,,"0","589,000,000",,,,,,,,,,,,,,,,,,,,,,,,,,,,,,,,,,,,,,,,,,,,,,,,,,,,,,
		OtherSpecialCharges,"-5,000,000",,"-13,000,000","-8,000,000","-4,000,000",,"-12,000,000","-8,000,000","9,000,000","-4,000,000","-6,000,000","-7,000,000",,"7,000,000","-7,000,000","-3,000,000",,"-7,000,000","-6,000,000","-2,000,000","-1,000,000","1,000,000","-6,000,000","-3,000,000","-3,000,000","-6,000,000","-8,000,000","-4,000,000","3,000,000","-7,000,000","-7,000,000","-8,000,000","-2,000,000","-6,000,000","-8,000,000","-7,000,000","-4,000,000","13,000,000","-10,000,000","-13,000,000","-2,000,000","-10,000,000","-13,000,000","-12,000,000","-11,000,000","-6,000,000","-14,000,000",,,,,,,,,,,,,,,,,,,,,,,,,,,,,,,,,,,,,,,,,,,,,,,,,,,,,,
	OtherNonOperatingIncomeExpenses,"202,000,000","96,000,000","36,000,000","35,000,000","35,000,000","66,000,000","29,000,000","33,000,000","23,000,000","19,000,000","20,000,000","20,000,000","21,000,000","17,000,000","17,000,000","17,000,000","15,000,000","-4,000,000","-2,000,000","-2,000,000","-4,000,000","1,000,000","-6,000,000","-3,000,000","-1,000,000","-3,000,000","-5,000,000","-4,000,000","8,000,000","1,000,000","-2,000,000","17,000,000","-2,000,000","-2,000,000","-2,000,000","-4,000,000","-4,000,000","9,000,000",,,,,,,,,,,,,,,,,,,,,,,,,,,,,,,,,,,,,,,,,,,,,,,,,,,,,,,,,,,,,,,
PretaxIncome,"1,152,000,000","155,000,000","496,000,000","239,000,000","262,000,000","137,000,000","432,000,000","294,000,000","169,000,000","119,000,000","458,000,000","219,000,000","220,000,000","85,000,000","464,000,000","314,000,000","195,000,000","141,000,000","495,000,000","308,000,000","161,000,000","59,000,000","604,000,000","240,000,000","138,000,000","61,000,000","553,000,000","158,000,000","176,000,000","67,000,000","490,000,000","250,000,000","163,000,000","72,000,000","494,000,000","172,000,000","91,000,000","-1,917,000,000","532,000,000","264,000,000","-533,000,000","43,000,000","450,000,000","224,000,000","119,000,000","84,000,000","-27,000,000","238,000,000","181,000,000","126,000,000","364,000,000","251,000,000","215,000,000","104,000,000","317,000,000","325,000,000","225,000,000","159,000,000","374,000,000","221,000,000","194,000,000","72,000,000","454,000,000","191,000,000","114,000,000","68,000,000","439,000,000","285,000,000","192,000,000","123,000,000","355,000,000","178,000,000","156,000,000","66,000,000","429,000,000","177,000,000","135,000,000","-51,000,000","385,000,000","188,000,000","97,000,000","62,774,000","442,641,000","155,358,000","114,665,000","39,975,000","419,843,000","192,824,000","105,644,000","-6,700,000","412,800,000","148,300,000","89,600,000","51,700,000","390,300,000","142,400,000","69,800,000",,,,
TaxProvision,"157,000,000","29,000,000","70,000,000","31,000,000","27,000,000","21,000,000","63,000,000","50,000,000","21,000,000","24,000,000","92,000,000","39,000,000","27,000,000","16,000,000","105,000,000","74,000,000","42,000,000","200,000,000","205,000,000","114,000,000","57,000,000","26,000,000","233,000,000","92,000,000","31,000,000","30,000,000","208,000,000","59,000,000","66,000,000","20,000,000","194,000,000","99,000,000","64,000,000","23,000,000","187,000,000","66,000,000","35,000,000","-762,000,000","158,000,000","54,000,000","-130,000,000","17,000,000","163,000,000","85,000,000","45,000,000","30,000,000","137,000,000","83,000,000","75,000,000","44,000,000","135,000,000","83,000,000","70,000,000","8,000,000","113,000,000","119,000,000","87,000,000","51,000,000","130,000,000","78,000,000","71,000,000","11,000,000","161,000,000","68,000,000","44,000,000","26,000,000","159,000,000","100,000,000","71,000,000","40,000,000","123,000,000","60,000,000","59,000,000","28,000,000","154,000,000","67,000,000","52,000,000","-19,000,000","145,000,000","73,000,000","38,000,000","13,927,000","176,065,000","60,728,000","49,332,000","13,996,000","163,706,000","79,239,000","44,251,000","-1,100,000","163,000,000","61,800,000","35,200,000","25,400,000","153,600,000","58,800,000","29,900,000",,,,
NetIncomeCommonStockholders,"990,000,000","125,000,000","425,000,000","207,000,000","233,000,000","115,000,000","367,000,000","243,000,000","146,000,000","94,000,000","364,000,000","179,000,000","191,000,000","68,000,000","357,000,000","239,000,000","151,000,000","-60,000,000","288,000,000","193,000,000","102,000,000","32,000,000","369,000,000","147,000,000","105,000,000","29,000,000","343,000,000","150,000,000","108,000,000","48,000,000","293,000,000","149,000,000","96,000,000","37,000,000","302,000,000","95,000,000","-145,000,000","-1,156,000,000","374,000,000","211,000,000","-403,000,000","25,000,000","285,000,000","138,000,000","71,000,000","52,000,000","-167,000,000","152,000,000","102,000,000","79,000,000","227,000,000","165,000,000","141,000,000","57,000,000","204,000,000","206,000,000","138,000,000","108,000,000","244,000,000","143,000,000","123,000,000","61,000,000","293,000,000","123,000,000","70,000,000","20,000,000","280,000,000","185,000,000","121,000,000","83,000,000","232,000,000","118,000,000","97,000,000","38,000,000","275,000,000","110,000,000","101,000,000","-43,000,000","240,000,000","115,000,000","59,000,000","48,847,000","266,576,000","94,630,000","58,492,000","25,979,000","256,137,000","113,585,000","61,393,000","-5,600,000","249,800,000","86,500,000","54,400,000","26,300,000","236,700,000","83,600,000","39,900,000","-5,400,000","215,400,000","79,700,000","45,000,000"
	NetIncome,"990,000,000","125,000,000","425,000,000","207,000,000","233,000,000","115,000,000","367,000,000","243,000,000","146,000,000","94,000,000","364,000,000","179,000,000","191,000,000","68,000,000","357,000,000","239,000,000","151,000,000","-60,000,000","288,000,000","193,000,000","102,000,000","32,000,000","369,000,000","147,000,000","105,000,000","29,000,000","343,000,000","150,000,000","108,000,000","48,000,000","293,000,000","149,000,000","96,000,000","37,000,000","302,000,000","95,000,000","-145,000,000","-1,156,000,000","374,000,000","211,000,000","-403,000,000","25,000,000","285,000,000","138,000,000","71,000,000","52,000,000","-167,000,000","152,000,000","102,000,000","79,000,000","227,000,000","165,000,000","141,000,000","57,000,000","204,000,000","206,000,000","138,000,000","108,000,000","244,000,000","143,000,000","123,000,000","61,000,000","293,000,000","123,000,000","70,000,000","20,000,000","280,000,000","185,000,000","121,000,000","83,000,000","232,000,000","118,000,000","97,000,000","38,000,000","275,000,000","110,000,000","101,000,000","-32,000,000","240,000,000","115,000,000","59,000,000","48,847,000","266,576,000","94,630,000","58,492,000","25,979,000","256,137,000","113,585,000","61,393,000","-5,600,000","249,800,000","86,500,000","54,400,000","26,300,000","236,700,000","83,600,000","39,900,000","-5,400,000","215,400,000","79,700,000","45,000,000"
		NetIncomeIncludingNoncontrollingInterests,"995,000,000","126,000,000","426,000,000","208,000,000","235,000,000","116,000,000","369,000,000","244,000,000","148,000,000","95,000,000","366,000,000","180,000,000","193,000,000","69,000,000","359,000,000","240,000,000","153,000,000","-59,000,000","290,000,000","194,000,000","104,000,000","33,000,000","371,000,000","148,000,000","107,000,000","30,000,000","345,000,000","151,000,000","110,000,000","49,000,000","295,000,000","150,000,000","98,000,000","38,000,000","304,000,000","96,000,000","-143,000,000","-1,155,000,000","374,000,000","210,000,000","-403,000,000","26,000,000","287,000,000","139,000,000","74,000,000","54,000,000","-164,000,000","155,000,000","106,000,000","82,000,000","229,000,000","168,000,000","145,000,000","63,000,000","215,000,000","217,000,000","149,000,000","118,000,000","253,000,000","152,000,000","133,000,000","68,000,000","306,000,000","131,000,000","80,000,000","8,000,000","285,000,000","185,000,000","124,000,000","71,000,000","234,000,000","120,000,000","98,000,000","38,000,000","275,000,000","110,000,000","101,000,000","-32,000,000","240,000,000","115,000,000","59,000,000","61,292,000","266,576,000","94,630,000","58,492,000","38,679,000","256,137,000","113,585,000","61,393,000","7,100,000","249,800,000","86,500,000","54,400,000","26,300,000","236,700,000","83,600,000","39,900,000","-5,400,000","215,400,000","79,700,000","45,000,000"
			NetIncomeContinuousOperations,"995,000,000","126,000,000","426,000,000","208,000,000","235,000,000","116,000,000","369,000,000","244,000,000","148,000,000","95,000,000","366,000,000","180,000,000","193,000,000","69,000,000","359,000,000","240,000,000","153,000,000","-59,000,000","290,000,000","194,000,000","104,000,000","33,000,000","371,000,000","148,000,000","107,000,000","31,000,000","345,000,000","99,000,000","110,000,000","47,000,000","296,000,000","151,000,000","99,000,000","49,000,000","307,000,000","106,000,000","56,000,000","-1,155,000,000","374,000,000","210,000,000","-403,000,000","26,000,000","287,000,000","139,000,000","74,000,000","54,000,000","-164,000,000","155,000,000","106,000,000","82,000,000","229,000,000","168,000,000","145,000,000","96,000,000","204,000,000","206,000,000","138,000,000","108,000,000","244,000,000","143,000,000","123,000,000","61,000,000","293,000,000","123,000,000","70,000,000","42,000,000","280,000,000","185,000,000","121,000,000","83,000,000","232,000,000","118,000,000","97,000,000","38,000,000","275,000,000","110,000,000","83,000,000","-32,000,000","240,000,000","115,000,000","59,000,000","48,847,000","266,576,000","94,630,000","65,333,000","25,979,000","256,137,000","113,585,000","61,393,000","-5,600,000","249,800,000","86,500,000","54,400,000","26,300,000","236,700,000","83,600,000","39,900,000","46,400,000","215,400,000","79,700,000","45,000,000"
			NetIncomeDiscontinuousOperations,,,,,,,,,,,,,,,,,,,,,,"0","0","0",,"-1,000,000","0","52,000,000","0","2,000,000","-1,000,000","-1,000,000","-1,000,000","-11,000,000","-3,000,000","-10,000,000","-199,000,000",,,,,,,,,,,,,,,,,,,,,,,,,,,,,,,,,,,,,,,,,,,,,,,,,,,,,,,,,,,,,,,,
			NetIncomeExtraordinary,,,,,,,,,,,,,,,,,,,,,,,,,,,,,,,,,,,,,,,,,,,,,,,,,,,,,,,,,,,,,,,,,,,,,,,,,,"0",,,"18,000,000",,,,,"0",,,"-6,841,000",,,,,,,,,,,,,,,,
		MinorityInterests,"-5,000,000","-1,000,000","-1,000,000","-1,000,000","-2,000,000","-1,000,000","-2,000,000","-1,000,000","-2,000,000","-1,000,000","-2,000,000","-1,000,000","-2,000,000","-1,000,000","-2,000,000","-1,000,000","-2,000,000","-1,000,000","-2,000,000","-1,000,000","-2,000,000","-1,000,000","-2,000,000","-1,000,000","-2,000,000","-1,000,000","-2,000,000","-1,000,000","-2,000,000","-1,000,000","-2,000,000","-1,000,000","-2,000,000","-1,000,000","-2,000,000","-1,000,000","-2,000,000","-1,000,000","0","1,000,000","0","-1,000,000","-2,000,000","-1,000,000","-3,000,000","-2,000,000","-3,000,000","-3,000,000","-4,000,000","-3,000,000","-2,000,000","-3,000,000","-4,000,000","-6,000,000","-11,000,000","-11,000,000","-11,000,000","-10,000,000","-9,000,000","-9,000,000","-10,000,000","-7,000,000","-13,000,000","-8,000,000","-10,000,000",,"-5,000,000","2,000,000","-3,000,000",,"-2,000,000","-2,000,000","-1,000,000",,,,,,,,,,,,,,,,,,,,,,,,,,,,
	OtherunderPreferredStockDividend,,,,,,,,,,,,,,,,,,,,,,,,,,,,,,,,,,,,,,,,,,,,,,,,,,,,"3,000,000",,,,,,,,,,,,,,,,,,,,,,,,,,,,,,,,,,,,,,,,,,,,,,,,,
DilutedNIAvailtoComStockholders,"990,000,000","125,000,000","425,000,000","207,000,000","233,000,000","115,000,000","367,000,000","243,000,000","146,000,000","94,000,000","364,000,000","179,000,000","191,000,000","68,000,000","357,000,000","239,000,000","151,000,000","-60,000,000","288,000,000","193,000,000","102,000,000","32,000,000","369,000,000","147,000,000","105,000,000","29,000,000","343,000,000","150,000,000","108,000,000","48,000,000","293,000,000","149,000,000","96,000,000","37,000,000","302,000,000","95,000,000","-145,000,000","-1,156,000,000","374,000,000","211,000,000","-403,000,000","25,000,000","285,000,000","138,000,000","71,000,000","52,000,000","-167,000,000","152,000,000","102,000,000","79,000,000","227,000,000","165,000,000","141,000,000","57,000,000","204,000,000","206,000,000","138,000,000","108,000,000","244,000,000","143,000,000","123,000,000","61,000,000","293,000,000","123,000,000","70,000,000","20,000,000","280,000,000","185,000,000","121,000,000","83,000,000","232,000,000","118,000,000","97,000,000","38,000,000","275,000,000","110,000,000","101,000,000","-43,000,000","240,000,000","115,000,000","59,000,000","48,847,000","266,576,000","94,630,000","58,492,000","25,979,000","256,137,000","113,585,000","61,393,000","-5,600,000","249,800,000","86,500,000","54,400,000","26,300,000","236,700,000","83,600,000","39,900,000","-5,400,000","215,400,000","79,700,000","45,000,000"
BasicEPS,,"0.48","1.66","0.81","0.92","0.47","1.48","0.99","0.59","0.38","1.48","0.73","0.78","0.28","1.46","0.98","0.62","-0.24","1.19","0.79","0.42","0.13","1.52","0.61","0.43","0.12","1.42","0.61","0.45","0.2","1.21","0.61","0.4","0.15","1.25","0.39","-0.6","-4.76","1.54","0.87","-1.66",,"1.18","0.57","0.29",,"-0.7","0.64","0.43",,"1.04","0.77","0.66",,"0.97","0.98","0.66",,"1.18","0.69","0.59",,"1.42","0.6","0.34",,"1.37","0.93","0.62",,"1.2","0.65","0.55",,"1.7","0.68","0.63",,"1.64","0.8","0.42",,"1.94","0.69","0.43",,"1.87","0.83","0.45",,"1.82","0.63","0.4",,"1.73","0.61","0.29",,"1.57","0.58","0.33"
DilutedEPS,,"0.48","1.65","0.8","0.91","0.46","1.47","0.98","0.59","0.38","1.47","0.72","0.78","0.28","1.45","0.97","0.62","-0.24","1.18","0.79","0.42","0.13","1.52","0.61","0.43","0.12","1.41","0.61","0.45","0.2","1.2","0.61","0.4","0.15","1.24","0.39","-0.6","-4.76","1.54","0.87","-1.66",,"1.18","0.57","0.29",,"-0.7","0.64","0.43",,"1.04","0.77","0.66",,"0.97","0.98","0.66",,"1.18","0.69","0.59",,"1.42","0.6","0.34",,"1.37","0.93","0.62",,"1.2","0.65","0.55",,"1.7","0.68","0.63",,"1.63","0.8","0.42",,"1.94","0.69","0.43",,"1.87","0.83","0.45",,"1.82","0.63","0.4",,"1.73","0.61","0.29",,"1.57","0.58","0.33"
BasicAverageShares,,"257,600,000","257,300,000","256,100,000","254,400,000","247,400,000","247,100,000","246,900,000","246,400,000","246,000,000","245,900,000","245,600,000","244,900,000","244,300,000","244,100,000","243,700,000","242,900,000","242,600,000","242,600,000","242,600,000","242,600,000","242,600,000","242,600,000","242,600,000","242,600,000","242,600,000","242,600,000","242,600,000","242,600,000","242,600,000","242,600,000","242,600,000","242,600,000","242,600,000","242,600,000","242,600,000","242,600,000","242,600,000","242,600,000","242,600,000","242,600,000",,"241,700,000","241,200,000","240,600,000",,"239,300,000","238,400,000","237,600,000",,"218,200,000","213,600,000","212,700,000",,"210,300,000","209,500,000","208,700,000",,"207,600,000","207,100,000","206,600,000",,"205,900,000","205,400,000","204,800,000",,"203,800,000","199,700,000","195,300,000",,"193,500,000","182,700,000","174,300,000",,"161,800,000","161,200,000","158,900,000",,"146,700,000","144,400,000","139,700,000",,"137,222,499","137,215,462","137,215,462",,"137,215,462","137,215,462","137,215,462",,"137,252,747","137,301,587","136,000,000",,"136,820,809","137,049,180","137,586,207",,"137,197,452","137,413,793","136,363,636"
DilutedAverageShares,,"258,900,000","258,600,000","257,200,000","255,900,000","249,700,000","249,200,000","247,900,000","248,100,000","247,500,000","247,500,000","247,200,000","246,400,000","246,800,000","246,300,000","245,800,000","242,900,000","244,700,000","244,700,000","242,600,000","242,600,000","244,700,000","242,900,000","242,600,000","242,600,000","243,000,000","243,900,000","242,600,000","242,600,000","244,500,000","244,300,000","242,600,000","242,600,000","245,100,000","245,100,000","242,600,000","242,600,000","242,600,000","242,600,000","242,600,000","242,600,000",,"241,700,000","241,200,000","240,600,000",,"239,300,000","238,400,000","237,600,000",,"218,200,000","213,600,000","212,700,000",,"210,300,000","209,500,000","208,700,000",,"207,600,000","207,100,000","206,600,000",,"205,900,000","205,400,000","204,800,000",,"203,800,000","199,700,000","195,300,000",,"193,500,000","182,700,000","174,300,000",,"161,800,000","161,200,000","158,900,000",,"147,239,264","144,400,000","139,700,000",,"137,222,499","137,215,462","137,215,462",,"137,215,462","137,215,462","137,215,462",,"137,252,747","137,301,587","136,000,000",,"136,820,809","137,049,180","137,586,207",,"137,197,452","137,413,793","136,363,636"
TotalOperatingIncomeAsReported,"1,333,000,000","197,000,000","534,000,000","286,000,000","316,000,000","211,000,000","494,000,000","354,000,000","241,000,000","179,000,000","520,000,000","280,000,000","288,000,000","166,000,000","533,000,000","385,000,000","273,000,000","225,000,000","581,000,000","398,000,000","254,000,000","145,000,000","691,000,000","325,000,000","220,000,000","140,000,000","626,000,000","237,000,000","256,000,000","125,000,000","561,000,000","322,000,000","246,000,000","171,000,000","567,000,000","261,000,000","185,000,000","-1,816,000,000","635,000,000","363,000,000","-422,000,000","148,000,000","550,000,000","316,000,000","227,000,000","198,000,000","89,000,000","331,000,000","298,000,000","245,000,000","485,000,000","365,000,000","321,000,000","169,000,000","428,000,000","441,000,000","319,000,000","253,000,000","479,000,000","322,000,000","288,000,000","154,000,000","547,000,000","276,000,000","196,000,000","144,000,000","510,000,000","366,000,000","263,000,000","203,000,000","413,000,000","246,000,000","216,000,000","139,000,000","500,000,000","250,000,000","201,000,000","6,000,000","441,000,000","277,000,000","149,000,000","107,203,000","486,487,000","205,931,000","165,418,000","80,837,000","469,391,000","238,445,000","152,829,000","34,400,000","459,800,000","192,300,000","135,000,000","94,300,000","437,200,000","187,100,000","120,300,000",,,,
TotalExpenses,"5,061,000,000","1,348,000,000","1,277,000,000","1,186,000,000","1,250,000,000","1,117,000,000","1,134,000,000","1,044,000,000","1,199,000,000","1,137,000,000","1,139,000,000","1,099,000,000","1,268,000,000","1,253,000,000","1,191,000,000","1,178,000,000","1,312,000,000","1,177,000,000","1,142,000,000","1,140,000,000","1,260,000,000","1,211,000,000","1,168,000,000","1,102,000,000","1,214,000,000","1,168,000,000","1,207,000,000","1,164,000,000","1,300,000,000","1,245,000,000","1,109,000,000","1,097,000,000","1,348,000,000","1,151,000,000","1,071,000,000","1,142,000,000","1,290,000,000","1,375,000,000","1,366,000,000","1,297,000,000","1,452,000,000","1,431,000,000","1,594,000,000","1,465,000,000","1,677,000,000","1,566,000,000","1,589,000,000","1,373,000,000","1,618,000,000","1,430,000,000","1,330,000,000","1,319,000,000","1,595,000,000","1,739,000,000","1,632,000,000","1,347,000,000","1,760,000,000","1,554,000,000","1,518,000,000","1,401,000,000","1,731,000,000","1,466,000,000","1,363,000,000","1,274,000,000","1,604,000,000","1,557,000,000","1,358,000,000","1,224,000,000","1,363,000,000","1,272,000,000","904,000,000","906,000,000","1,000,000,000","908,000,000","850,000,000","838,000,000","907,000,000","497,000,000","791,000,000","834,000,000","966,000,000","885,507,000","945,126,000","851,085,000","859,110,000","813,921,000","726,020,000","701,859,000","672,547,000","699,900,000","733,700,000","667,600,000","600,900,000","584,200,000","679,900,000","634,700,000","580,500,000",,,,
NetIncomeFromContinuingAndDiscontinuedOperation,"990,000,000","125,000,000","425,000,000","207,000,000","233,000,000","115,000,000","367,000,000","243,000,000","146,000,000","94,000,000","364,000,000","179,000,000","191,000,000","68,000,000","357,000,000","239,000,000","151,000,000","-60,000,000","288,000,000","193,000,000","102,000,000","32,000,000","369,000,000","147,000,000","105,000,000","29,000,000","343,000,000","150,000,000","108,000,000","48,000,000","293,000,000","149,000,000","96,000,000","37,000,000","302,000,000","95,000,000","-145,000,000","-1,156,000,000","374,000,000","211,000,000","-403,000,000","25,000,000","285,000,000","138,000,000","71,000,000","52,000,000","-167,000,000","152,000,000","102,000,000","79,000,000","227,000,000","165,000,000","141,000,000","57,000,000","204,000,000","206,000,000","138,000,000","108,000,000","244,000,000","143,000,000","123,000,000","61,000,000","293,000,000","123,000,000","70,000,000","42,000,000","280,000,000","185,000,000","121,000,000","83,000,000","232,000,000","118,000,000","97,000,000","38,000,000","275,000,000","110,000,000","83,000,000","-32,000,000","240,000,000","115,000,000","59,000,000","48,847,000","266,576,000","94,630,000","65,333,000","25,979,000","256,137,000","113,585,000","61,393,000","-5,600,000","249,800,000","86,500,000","54,400,000","26,300,000","236,700,000","83,600,000","39,900,000","46,400,000","215,400,000","79,700,000","45,000,000"
NormalizedIncome,"990,000,000","125,000,000","413,834,677.419","200,040,000","229,412,213.74","115,000,000","356,800,000","236,360,544.218","153,881,656.805","90,806,722.689","359,205,240.175","173,246,575.342","191,000,000","73,682,352.941","351,584,051.724","236,707,006.369","151,000,000","-64,200,000","284,400,000","191,740,000","101,350,000","32,600,000","365,340,000","145,140,000","102,660,000","26,400,000","338,040,000","95,480,000","109,860,000","41,089,552.239","289,800,000","145,200,000","95,780,000","43,916,666.667","300,040,000","100,660,000","51,520,000","26,715,179.969","366,969,924.812","200,659,090.909","70,317,073.171","18,348,837.209","355,793,333.333","130,553,571.429","64,159,663.866","48,142,857.143","206,750,000","137,672,268.908","97,450,000","70,539,682.54","218,821,428.571","158,306,772.908","132,906,976.744","-3,923,076.923","207,217,665.615","197,760,000","138,613,333.333","64,528,301.887","245,304,812.834","141,705,882.353","121,731,958.763","29,652,777.778","291,709,251.101","121,712,041.885","67,543,859.649","27,794,117.647","281,275,626.424","188,245,614.035","120,369,791.667","68,829,268.293","231,346,478.873","119,325,842.697","95,134,615.385","36,200,000","273,076,923.077","111,864,406.78","81,155,555.556","-30,745,098.039","238,753,246.753","135,797,872.34","59,608,247.423","47,647,885.287","264,398,903.346","98,334,602.66","68,144,000","20,077,429.043","259,480,837.808","115,431,800","64,346,200","-2,173,134.328","251,494,379.845","87,520,000","55,796,428.571","24,680,000","237,003,228.286","84,560,000","41,760,000","46,400,000","215,400,000","79,700,000","45,000,000"
InterestIncome,"33,000,000",,"7,000,000","6,000,000","7,000,000",,"7,000,000","7,000,000","7,000,000","8,000,000","8,000,000","9,000,000","8,000,000","8,000,000","8,000,000","9,000,000","8,000,000","9,000,000","7,000,000","9,000,000","9,000,000","9,000,000","10,000,000","10,000,000","11,000,000","9,000,000","11,000,000","10,000,000","11,000,000","9,000,000","9,000,000","9,000,000","9,000,000","6,000,000","9,000,000","8,000,000","7,000,000",,,,,,,,,,,,"8,000,000",,,,,,"10,000,000",,,,,"14,000,000",,,,,,,,"1,000,000",,,,,"2,000,000",,,,,,,,,,,,,,,,,,,,,,,,,,,,
InterestExpense,"383,000,000","93,000,000","94,000,000","96,000,000","100,000,000","108,000,000","110,000,000","108,000,000","93,000,000","91,000,000","96,000,000","97,000,000","97,000,000","99,000,000","101,000,000","100,000,000","101,000,000","96,000,000","97,000,000","99,000,000","99,000,000","95,000,000","97,000,000","95,000,000","95,000,000","91,000,000","87,000,000","89,000,000","88,000,000","75,000,000","85,000,000","89,000,000","92,000,000","109,000,000","88,000,000","100,000,000","101,000,000","110,000,000","113,000,000","112,000,000","113,000,000","115,000,000","113,000,000","104,000,000","119,000,000","120,000,000","130,000,000","115,000,000","132,000,000","132,000,000","134,000,000","124,000,000","118,000,000",,,,,,,,,,,,,,,,,,,,,,,,,,,,,,,,,,,,,,,,,,,,,,,,
NetInterestIncome,"-383,000,000","-113,000,000","-87,000,000","-90,000,000","-93,000,000","-129,000,000","-103,000,000","-101,000,000","-86,000,000","-83,000,000","-88,000,000","-88,000,000","-89,000,000","-91,000,000","-93,000,000","-91,000,000","-93,000,000","-87,000,000","-90,000,000","-90,000,000","-90,000,000","-86,000,000","-87,000,000","-85,000,000","-84,000,000","-82,000,000","-76,000,000","-79,000,000","-77,000,000","-66,000,000","-76,000,000","-80,000,000","-83,000,000","-103,000,000","-79,000,000","-92,000,000","-94,000,000","-77,000,000","-113,000,000","-112,000,000","-113,000,000","-115,000,000","-113,000,000","-104,000,000","-119,000,000","-120,000,000","-130,000,000","-115,000,000","-124,000,000","-132,000,000","-134,000,000","-124,000,000","-118,000,000",,"-103,000,000",,,,,"-94,000,000",,"-112,000,000",,,,"-101,000,000",,"-79,000,000",,,,,"-65,000,000","-76,000,000","-72,000,000",,,,,"-56,000,000",,,,,,"-40,826,000",,,,,,,,,"-49,200,000",,,,,,
EBIT,"1,535,000,000","248,000,000","590,000,000","335,000,000","362,000,000","245,000,000","542,000,000","402,000,000","262,000,000","210,000,000","554,000,000","316,000,000","317,000,000","184,000,000","565,000,000","414,000,000","296,000,000","237,000,000","592,000,000","407,000,000","260,000,000","154,000,000","701,000,000","335,000,000","233,000,000","152,000,000","640,000,000","247,000,000","264,000,000","142,000,000","575,000,000","339,000,000","255,000,000","181,000,000","582,000,000","272,000,000","192,000,000","-1,807,000,000","645,000,000","376,000,000","-420,000,000","158,000,000","563,000,000","328,000,000","238,000,000","204,000,000","103,000,000","353,000,000","313,000,000","258,000,000","498,000,000","375,000,000","333,000,000","218,000,000","428,000,000","441,000,000","319,000,000","253,000,000","479,000,000","322,000,000","288,000,000","154,000,000","547,000,000","276,000,000","196,000,000","144,000,000","510,000,000","366,000,000","263,000,000","203,000,000","413,000,000","246,000,000","216,000,000","139,000,000","500,000,000","250,000,000","201,000,000","6,000,000","441,000,000","277,000,000","149,000,000","107,203,000","486,487,000","205,931,000","165,418,000","80,837,000","469,391,000","238,445,000","152,829,000","34,400,000","459,800,000","192,300,000","135,000,000","94,300,000","437,200,000","187,100,000","120,300,000","-1,778,200,000","1,043,100,000","791,800,000","759,700,000"
EBITDA,"2,812,000,000"
ReconciledCostOfRevenue,"3,272,000,000","891,000,000","811,000,000","743,000,000","827,000,000","723,000,000","713,000,000","634,000,000","788,000,000","751,000,000","734,000,000","722,000,000","874,000,000","881,000,000","805,000,000","799,000,000","933,000,000","836,000,000","770,000,000","783,000,000","901,000,000","867,000,000","808,000,000","764,000,000","866,000,000","843,000,000","860,000,000","763,000,000","957,000,000","944,000,000","788,000,000","787,000,000","1,021,000,000","856,000,000","767,000,000","854,000,000","982,000,000","2,306,000,000","644,000,000","538,000,000","716,000,000","717,000,000","845,000,000","686,000,000","893,000,000","778,000,000","797,000,000","624,000,000","881,000,000","734,000,000","596,000,000","570,000,000","876,000,000","876,000,000","928,000,000","653,000,000","569,000,000","815,000,000","799,000,000","693,000,000","1,037,000,000","809,000,000","725,000,000","581,000,000","989,000,000","950,000,000","682,000,000","626,000,000","759,000,000","38,000,000","366,000,000","350,000,000","473,000,000","-64,000,000","372,000,000","294,000,000","221,000,000","-279,000,000","320,000,000","337,000,000","521,000,000","444,253,000","508,420,000","380,462,000","434,217,000","388,677,000","290,326,000","270,094,000","297,925,000","319,900,000","304,700,000","248,000,000","232,100,000","182,900,000","252,800,000","226,300,000","209,900,000",,,,
ReconciledDepreciation,"1,277,000,000","337,000,000","324,000,000","321,000,000","295,000,000","283,000,000","293,000,000","291,000,000","286,000,000","280,000,000","274,000,000","259,000,000","268,000,000","263,000,000","259,000,000","257,000,000","254,000,000","228,000,000","243,000,000","240,000,000","241,000,000","235,000,000","231,000,000","223,000,000","234,000,000","221,000,000","219,000,000","216,000,000","218,000,000","195,000,000","200,000,000","196,000,000","200,000,000","191,000,000","183,000,000","177,000,000","186,000,000","266,000,000","179,000,000","185,000,000","188,000,000","160,000,000","196,000,000","195,000,000","196,000,000","159,000,000","218,000,000","203,000,000","203,000,000","151,000,000","208,000,000","201,000,000","188,000,000","193,000,000","157,000,000","196,000,000","196,000,000","214,000,000","195,000,000","186,000,000","196,000,000","149,000,000","144,000,000","209,000,000","154,000,000","148,000,000","187,000,000","128,000,000","168,000,000","174,000,000","147,000,000","139,000,000","141,000,000","141,000,000","144,000,000","153,000,000","124,000,000","117,000,000","119,000,000","122,000,000","111,000,000","107,463,000","109,587,000","101,182,000","104,226,000","68,240,000","102,822,000","99,379,000","99,354,000",,,,,,,,,,,,
NetIncomeFromContinuingOperationNetMinorityInterest,"990,000,000","125,000,000","425,000,000","207,000,000","233,000,000","115,000,000","367,000,000","243,000,000","146,000,000","94,000,000","364,000,000","179,000,000","191,000,000","68,000,000","357,000,000","239,000,000","151,000,000","-60,000,000","288,000,000","193,000,000","102,000,000","32,000,000","369,000,000","147,000,000","105,000,000","30,000,000","343,000,000","98,000,000","108,000,000","46,000,000","294,000,000","150,000,000","97,000,000","48,000,000","305,000,000","105,000,000","54,000,000","-1,156,000,000","374,000,000","211,000,000","-403,000,000","25,000,000","285,000,000","138,000,000","71,000,000","52,000,000","-167,000,000","152,000,000","102,000,000","79,000,000","227,000,000","165,000,000","141,000,000","57,000,000","204,000,000","206,000,000","138,000,000","108,000,000","244,000,000","143,000,000","123,000,000","61,000,000","293,000,000","123,000,000","70,000,000","42,000,000","280,000,000","185,000,000","121,000,000","83,000,000","232,000,000","118,000,000","97,000,000","38,000,000","275,000,000","110,000,000","83,000,000","-32,000,000","240,000,000","115,000,000","59,000,000","48,847,000","266,576,000","94,630,000","65,333,000","25,979,000","256,137,000","113,585,000","61,393,000","-5,600,000","249,800,000","86,500,000","54,400,000","26,300,000","236,700,000","83,600,000","39,900,000","46,400,000","215,400,000","79,700,000","45,000,000"
TotalUnusualItemsExcludingGoodwill,"5,000,000",,"13,000,000","8,000,000","4,000,000",,"12,000,000","8,000,000","-9,000,000","4,000,000","6,000,000","7,000,000","0","-7,000,000","7,000,000","3,000,000","0","7,000,000","6,000,000","2,000,000","1,000,000","-1,000,000","6,000,000","3,000,000","3,000,000","6,000,000","8,000,000","4,000,000","-3,000,000","7,000,000","7,000,000","8,000,000","2,000,000","6,000,000","8,000,000","7,000,000","4,000,000","-1,963,000,000","10,000,000","13,000,000","-626,000,000","11,000,000","-111,000,000","12,000,000","11,000,000","6,000,000","-575,000,000","22,000,000","7,000,000","13,000,000","13,000,000","10,000,000","12,000,000","66,000,000","-5,000,000","13,000,000","-1,000,000","64,000,000","-2,000,000","2,000,000","2,000,000","37,000,000","2,000,000","2,000,000","4,000,000","23,000,000","-2,000,000","-5,000,000","1,000,000","21,000,000","1,000,000","-2,000,000","3,000,000","3,000,000","3,000,000","-3,000,000","3,000,000","-2,000,000","2,000,000","-34,000,000","-1,000,000","1,541,000","3,615,000","-6,082,000","-4,685,000","9,081,000","-5,481,000","-3,078,000","-4,922,000","-4,100,000","-2,800,000","-1,700,000","-2,300,000","2,700,000","-500,000","-1,600,000","-3,100,000",,,,
TotalUnusualItems,"5,000,000",,"13,000,000","8,000,000","4,000,000",,"12,000,000","8,000,000","-9,000,000","4,000,000","6,000,000","7,000,000","0","-7,000,000","7,000,000","3,000,000","0","7,000,000","6,000,000","2,000,000","1,000,000","-1,000,000","6,000,000","3,000,000","3,000,000","6,000,000","8,000,000","4,000,000","-3,000,000","7,000,000","7,000,000","8,000,000","2,000,000","6,000,000","8,000,000","7,000,000","4,000,000","-1,963,000,000","10,000,000","13,000,000","-626,000,000","11,000,000","-111,000,000","12,000,000","11,000,000","6,000,000","-575,000,000","22,000,000","7,000,000","13,000,000","13,000,000","10,000,000","12,000,000","66,000,000","-5,000,000","13,000,000","-1,000,000","64,000,000","-2,000,000","2,000,000","2,000,000","37,000,000","2,000,000","2,000,000","4,000,000","23,000,000","-2,000,000","-5,000,000","1,000,000","21,000,000","1,000,000","-2,000,000","3,000,000","3,000,000","3,000,000","-3,000,000","3,000,000","-2,000,000","2,000,000","-34,000,000","-1,000,000","1,541,000","3,615,000","-6,082,000","-4,685,000","9,081,000","-5,481,000","-3,078,000","-4,922,000","-4,100,000","-2,800,000","-1,700,000","-2,300,000","2,700,000","-500,000","-1,600,000","-3,100,000",,,,
NormalizedEBITDA,"2,812,000,000","585,000,000","901,000,000","648,000,000","653,000,000","528,000,000","823,000,000","685,000,000","557,000,000","486,000,000","822,000,000","568,000,000","585,000,000","454,000,000","817,000,000","668,000,000","550,000,000","458,000,000","829,000,000","645,000,000","500,000,000","390,000,000","926,000,000","555,000,000","464,000,000","367,000,000","851,000,000","459,000,000","485,000,000","330,000,000","768,000,000","527,000,000","453,000,000","366,000,000","757,000,000","443,000,000","374,000,000","422,000,000","823,000,000","558,000,000","405,000,000","347,000,000","870,000,000","511,000,000","423,000,000","392,000,000","896,000,000","534,000,000","509,000,000","429,000,000","693,000,000","566,000,000","509,000,000","345,000,000","613,000,000","624,000,000","516,000,000","403,000,000","676,000,000","506,000,000","482,000,000","289,000,000","707,000,000","483,000,000","357,000,000","281,000,000","699,000,000","528,000,000","430,000,000","356,000,000","559,000,000","387,000,000","354,000,000","277,000,000","641,000,000","406,000,000","322,000,000","125,000,000","558,000,000","433,000,000","261,000,000","213,125,000","592,459,000","313,195,000","274,329,000","170,793,000","577,694,000","340,902,000","257,105,000","124,600,000","560,100,000","289,400,000","234,700,000","188,500,000","532,100,000","278,700,000","217,500,000","-1,778,200,000","1,043,100,000","791,800,000","759,700,000"
TaxRateForCalcs,"0.136","0.187","0.141","0.13","0.103","0.153","0.15","0.17","0.124","0.202","0.201","0.178","0.12","0.188","0.226","0.236","0.215","0.4","0.4","0.37","0.35","0.4","0.39","0.38","0.22","0.4","0.38","0.37","0.38","0.299","0.4","0.4","0.39","0.319","0.38","0.38","0.38","0.397","0.297","0.205","0.244","0.395","0.362","0.379","0.378","0.357","0.35","0.349","0.35","0.349","0.371","0.331","0.326","0.077","0.356","0.366","0.387","0.321","0.348","0.353","0.366","0.153","0.355","0.356","0.386","0.382","0.362","0.351","0.37","0.325","0.346","0.337","0.378","0.4","0.359","0.379","0.385","0.373","0.377","0.388","0.392","0.222","0.398","0.391","0.4","0.35","0.39","0.4","0.4","0.164","0.395","0.4","0.393","0.4","0.394","0.4","0.4","0.4","0.4","0.4","0.4"
TaxEffectOfUnusualItems,"0","0","1,834,677.419","1,040,000","412,213.74","0","1,800,000","1,360,544.218","-1,118,343.195","806,722.689","1,205,240.175","1,246,575.342","0","-1,317,647.059","1,584,051.724","707,006.369","0","2,800,000","2,400,000","740,000","350,000","-400,000","2,340,000","1,140,000","660,000","2,400,000","3,040,000","1,480,000","-1,140,000","2,089,552.239","2,800,000","3,200,000","780,000","1,916,666.667","3,040,000","2,660,000","1,520,000","-780,284,820.031","2,969,924.812","2,659,090.909","-152,682,926.829","4,348,837.209","-40,206,666.667","4,553,571.429","4,159,663.866","2,142,857.143","-201,250,000","7,672,268.908","2,450,000","4,539,682.54","4,821,428.571","3,306,772.908","3,906,976.744","5,076,923.077","-1,782,334.385","4,760,000","-386,666.667","20,528,301.887","-695,187.166","705,882.353","731,958.763","5,652,777.778","709,251.101","712,041.885","1,543,859.649","8,794,117.647","-724,373.576","-1,754,385.965","369,791.667","6,829,268.293","346,478.873","-674,157.303","1,134,615.385","1,200,000","1,076,923.077","-1,135,593.22","1,155,555.556","-745,098.039","753,246.753","-13,202,127.66","-391,752.577","341,885.287","1,437,903.346","-2,377,397.34","-1,874,000","3,179,429.043","-2,137,162.192","-1,231,200","-1,968,800","-673,134.328","-1,105,620.155","-680,000","-903,571.429","1,080,000","-196,771.714","-640,000","-1,240,000","0","0","0","0"