name,ttm,12/31/2021,09/30/2021,06/30/2021,03/31/2021,12/31/2020,09/30/2020,06/30/2020,03/31/2020,12/31/2019,09/30/2019,06/30/2019,03/31/2019,12/31/2018,09/30/2018,06/30/2018,03/31/2018,12/31/2017,09/30/2017,06/30/2017,03/31/2017,12/31/2016,09/30/2016,06/30/2016,03/31/2016,12/31/2015,09/30/2015,06/30/2015,03/31/2015,12/31/2014,09/30/2014,06/30/2014,03/31/2014,12/31/2013,09/30/2013,06/30/2013,03/31/2013,12/31/2012,09/30/2012,06/30/2012,03/31/2012,12/31/2011,09/30/2011,06/30/2011,03/31/2011,12/31/2010,09/30/2010,06/30/2010,03/31/2010,12/31/2009,09/30/2009,06/30/2009,03/31/2009,12/31/2008,09/30/2008,06/30/2008,03/31/2008,12/31/2007,09/30/2007,06/30/2007,03/31/2007,12/31/2006,09/30/2006,06/30/2006,03/31/2006,12/31/2005,09/30/2005,06/30/2005,03/31/2005,12/31/2004,09/30/2004,06/30/2004,03/31/2004,12/31/2003,09/30/2003,06/30/2003,03/31/2003,12/31/2002,09/30/2002,06/30/2002,03/31/2002,12/31/2001,09/30/2001,06/30/2001,03/31/2001,12/31/2000,09/30/2000,06/30/2000,03/31/2000,12/31/1999,09/30/1999,06/30/1999,03/31/1999,12/31/1998,09/30/1998,06/30/1998,03/31/1998,12/31/1997,09/30/1997,06/30/1997,03/31/1997,12/31/1996,09/30/1996,06/30/1996,03/31/1996,12/31/1995,09/30/1995,06/30/1995,03/31/1995,12/31/1994,09/30/1994,06/30/1994,03/31/1994,12/31/1993,09/30/1993,06/30/1993,03/31/1993,12/31/1992,09/30/1992,06/30/1992,03/31/1992,12/31/1991,09/30/1991,06/30/1991,03/31/1991,12/31/1990,09/30/1990,06/30/1990,03/31/1990,12/31/1989,09/30/1989,06/30/1989,03/31/1989,12/31/1988,09/30/1988,06/30/1988,03/31/1988,12/31/1987,09/30/1987,06/30/1987,03/31/1987,12/31/1986,09/30/1986,06/30/1986,03/31/1986,12/31/1985,09/30/1985
TotalRevenue,"16,792,000,000","4,061,400,000","4,623,000,000","3,826,500,000","4,281,100,000","3,610,600,000","4,066,400,000","3,494,000,000","3,747,500,000","3,616,000,000","4,315,000,000","3,573,600,000","4,056,800,000","3,801,100,000","4,333,100,000","4,013,200,000","4,048,300,000","3,810,400,000","4,104,700,000","3,576,500,000","3,933,300,000","3,790,100,000","4,652,200,000","3,892,900,000","4,044,900,000","3,614,200,000","4,432,000,000","3,942,000,000","4,708,000,000","4,026,000,000","4,302,000,000","4,044,000,000","4,648,000,000","3,773,000,000","4,176,000,000","3,582,000,000","3,826,000,000","3,613,000,000","4,156,000,000","3,551,000,000","3,625,000,000","3,444,000,000","4,333,000,000","3,609,000,000","3,730,000,000","3,434,000,000","4,064,000,000","3,360,000,000","3,569,000,000","3,282,000,000","3,547,000,000","3,202,000,000","3,458,000,000","3,236,000,000","4,191,000,000","3,546,000,000","3,467,000,000","3,276,000,000","3,789,000,000","3,146,000,000","3,169,000,000","2,984,000,000","3,594,000,000","2,936,000,000","3,108,000,000","3,055,000,000","3,300,000,000","2,773,000,000","2,983,000,000","3,596,000,000","3,752,000,000","3,368,000,000","3,341,000,000","2,687,000,000","4,109,000,000","3,669,000,000","4,080,000,000","3,737,000,000","3,911,000,000","14,912,000,000","13,414,000,000","14,179,000,000","18,385,000,000","14,528,000,000","14,238,000,000","3,560,000,000","3,921,000,000","3,168,000,000","1,746,000,000","1,665,000,000","1,914,000,000","1,643,000,000","1,694,000,000","-3,200,700,000","4,638,100,000","2,737,900,000","2,170,600,000","1,703,200,000","1,584,000,000","1,382,200,000","1,492,100,000","1,446,100,000","1,484,400,000","1,400,900,000","1,517,800,000","1,425,400,000","1,523,400,000","1,305,300,000","1,416,200,000","1,282,700,000","1,385,300,000","1,348,600,000","1,488,200,000","1,330,600,000","1,406,300,000","1,210,400,000","1,321,500,000","1,291,900,000","1,282,000,000","1,173,500,000","1,297,200,000","1,272,800,000","1,285,800,000","1,230,600,000","1,257,400,000","1,275,900,000","1,332,800,000","1,259,900,000","1,298,900,000","400,000","1,297,200,000","1,197,200,000","1,263,000,000","1,232,000,000","1,286,900,000","1,102,600,000","1,219,300,000","1,149,500,000","1,260,900,000","1,143,700,000","1,233,400,000","1,198,600,000","1,210,000,000","1,154,600,000","1,280,000,000","1,200,700,000","1,176,000,000"
	OperatingRevenue,"16,424,600,000","3,970,200,000","4,529,200,000","3,736,700,000","4,188,500,000","3,525,400,000","3,989,000,000","3,421,900,000","3,676,600,000","3,546,400,000","4,247,400,000","3,500,900,000","3,991,800,000","3,745,400,000","4,277,600,000","3,903,900,000","4,000,200,000","3,746,600,000","4,045,000,000","3,508,800,000","3,895,000,000","3,743,400,000","4,607,000,000","3,839,700,000","4,009,300,000","3,579,600,000","4,402,000,000","3,795,000,000","4,552,000,000","3,797,000,000","4,133,000,000","3,873,000,000","4,531,000,000","4,295,000,000","3,797,000,000","3,253,000,000","3,489,000,000","2,345,000,000","4,156,000,000","3,551,000,000","3,625,000,000","3,444,000,000","4,333,000,000","3,609,000,000","3,730,000,000","3,434,000,000","4,064,000,000","3,360,000,000","3,569,000,000","3,282,000,000","3,547,000,000","3,202,000,000","3,458,000,000","3,236,000,000","4,191,000,000","3,546,000,000","3,467,000,000","3,276,000,000","3,789,000,000","3,146,000,000","3,169,000,000","2,984,000,000","3,594,000,000","2,936,000,000","3,108,000,000","3,055,000,000","3,300,000,000","2,773,000,000","2,983,000,000","3,596,000,000","3,752,000,000","3,368,000,000","3,341,000,000","2,687,000,000","4,109,000,000","3,669,000,000","4,080,000,000","3,737,000,000","3,911,000,000","14,912,000,000","13,414,000,000","14,179,000,000","18,385,000,000","14,528,000,000","14,238,000,000","3,560,000,000","3,921,000,000","3,168,000,000","1,746,000,000","1,665,000,000","1,914,000,000","1,643,000,000","1,694,000,000","-3,200,700,000","4,638,100,000","2,737,900,000","2,170,600,000","1,703,200,000","1,584,000,000","1,382,200,000","1,492,100,000","1,446,100,000","1,484,400,000","1,400,900,000","1,517,800,000","1,425,400,000","1,523,400,000","1,305,300,000","1,416,200,000","1,282,700,000","1,385,300,000","1,348,600,000","1,488,200,000","1,330,600,000","1,406,300,000","1,210,400,000","1,321,500,000","1,291,900,000","1,282,000,000","1,173,500,000","1,297,200,000","1,272,800,000","1,285,800,000","1,230,600,000","1,257,400,000","1,275,900,000","1,332,800,000","1,259,900,000","1,298,900,000","400,000","1,297,200,000","1,197,200,000","1,263,000,000","1,232,000,000","1,286,900,000","1,102,600,000","1,219,300,000","1,149,500,000","1,260,900,000","1,143,700,000","1,233,400,000","1,198,600,000","1,210,000,000","1,154,600,000","1,280,000,000","1,200,700,000","1,176,000,000"
CostOfRevenue,"6,588,100,000","1,645,000,000","1,719,200,000","1,388,300,000","1,835,600,000","1,333,300,000","1,438,000,000","1,208,300,000","1,400,500,000","1,460,200,000","1,682,800,000","1,490,300,000","1,686,700,000","1,662,100,000","1,941,700,000","1,639,500,000","1,790,600,000","1,571,500,000","1,693,500,000","1,480,500,000","1,707,600,000","1,742,900,000","1,940,400,000","1,599,000,000","1,685,700,000","1,678,500,000","1,998,000,000","1,690,000,000","2,083,000,000","1,915,000,000","1,850,000,000","1,856,000,000","2,098,000,000","1,689,000,000","1,802,000,000","1,552,000,000","1,695,000,000","2,403,000,000","1,507,000,000","1,172,000,000","1,313,000,000","1,349,000,000","1,665,000,000","1,267,000,000","1,331,000,000","1,219,000,000","1,436,000,000","1,122,000,000","1,252,000,000","1,107,000,000","1,178,000,000","1,022,000,000","1,224,000,000","1,219,000,000","1,874,000,000","1,419,000,000","1,243,000,000","1,219,000,000","1,457,000,000","1,159,000,000","1,132,000,000","1,037,000,000","1,384,000,000","1,125,000,000","1,127,000,000","1,232,000,000","1,197,000,000","956,000,000","1,150,000,000","1,781,000,000","1,780,000,000","1,522,000,000","1,356,000,000","873,000,000","1,950,000,000","1,773,000,000","2,014,000,000","1,624,000,000","1,794,000,000","12,762,000,000","11,307,000,000","12,276,000,000","16,008,000,000","12,367,000,000","12,102,000,000","1,085,000,000","1,237,000,000","976,000,000","511,000,000","500,000,000","631,000,000","494,000,000","491,000,000","-4,169,300,000","3,445,600,000","1,730,800,000","1,146,500,000","694,000,000","522,800,000","391,900,000","434,700,000","424,400,000","416,500,000","404,900,000","441,000,000","400,000,000","456,500,000","357,100,000","412,000,000","385,700,000","427,100,000","430,800,000","501,600,000",,,,,,,,,,,,,,,,,,,,,,,,,,,,,,,,,,
GrossProfit,"10,203,900,000","2,416,400,000","2,903,800,000","2,438,200,000","2,445,500,000","2,277,300,000","2,628,400,000","2,285,700,000","2,347,000,000","2,155,800,000","2,632,200,000","2,083,300,000","2,370,100,000","2,139,000,000","2,391,400,000","2,373,700,000","2,257,700,000","2,238,900,000","2,411,200,000","2,096,000,000","2,225,700,000","2,047,200,000","2,711,800,000","2,293,900,000","2,359,200,000","1,935,700,000","2,434,000,000","2,252,000,000","2,625,000,000","2,111,000,000","2,452,000,000","2,188,000,000","2,550,000,000","2,084,000,000","2,374,000,000","2,030,000,000","2,131,000,000","1,210,000,000","2,649,000,000","2,379,000,000","2,312,000,000","2,095,000,000","2,668,000,000","2,342,000,000","2,399,000,000","2,215,000,000","2,628,000,000","2,238,000,000","2,317,000,000","2,175,000,000","2,369,000,000","2,180,000,000","2,234,000,000","2,017,000,000","2,317,000,000","2,127,000,000","2,224,000,000","2,057,000,000","2,332,000,000","1,987,000,000","2,037,000,000","1,947,000,000","2,210,000,000","1,811,000,000","1,981,000,000","1,823,000,000","2,103,000,000","1,817,000,000","1,833,000,000","1,815,000,000","1,972,000,000","1,846,000,000","1,985,000,000","1,814,000,000","2,159,000,000","1,896,000,000","2,066,000,000","2,113,000,000","2,117,000,000","2,150,000,000","2,107,000,000","1,903,000,000","2,377,000,000","2,161,000,000","2,136,000,000","2,475,000,000","2,684,000,000","2,192,000,000","1,235,000,000","1,165,000,000","1,283,000,000","1,149,000,000","1,203,000,000","968,600,000","1,192,500,000","1,007,100,000","1,024,100,000","1,009,200,000","1,061,200,000","990,300,000","1,057,400,000","1,021,700,000","1,067,900,000","996,000,000","1,076,800,000","1,025,400,000","1,066,900,000","948,200,000","1,004,200,000","897,000,000","958,200,000","917,800,000","986,600,000",,,,,,,,,,,,,,,,,,,,,,,,,,,,,,,,,,
OperatingExpense,"6,781,000,000","1,721,100,000","1,796,400,000","1,628,300,000","1,635,200,000","1,707,100,000","1,685,200,000","1,563,000,000","1,595,400,000","1,704,700,000","1,674,000,000","1,532,300,000","1,581,700,000","1,517,300,000","1,722,800,000","1,616,700,000","1,551,700,000","1,420,200,000","1,427,200,000","1,349,300,000","1,343,900,000","1,468,400,000","1,574,800,000","1,427,700,000","1,466,300,000","1,470,200,000","1,474,000,000","1,443,000,000","1,501,000,000","1,612,000,000","1,527,000,000","1,421,000,000","1,509,000,000","1,478,000,000","1,355,000,000","1,329,000,000","1,376,000,000","674,000,000","1,724,000,000","1,638,000,000","1,558,000,000","1,703,000,000","1,688,000,000","1,625,000,000","1,567,000,000","1,729,000,000","1,603,000,000","1,844,000,000","1,559,000,000","1,694,000,000","1,511,000,000","1,498,000,000","1,493,000,000","1,837,000,000","1,586,000,000","1,546,000,000","1,184,000,000","1,643,000,000","1,536,000,000","1,441,000,000","1,515,000,000","1,577,000,000","1,675,000,000","1,440,000,000","1,360,000,000","1,496,000,000","1,486,000,000","1,371,000,000","1,305,000,000","977,000,000","1,354,000,000","1,468,000,000","1,377,000,000","1,873,000,000","1,560,000,000","1,474,000,000","1,466,000,000","1,642,000,000","1,334,000,000","1,877,000,000","1,587,000,000","1,643,000,000","1,515,000,000","1,489,000,000","1,462,000,000","2,087,000,000","1,804,000,000","1,887,000,000","932,000,000","902,000,000","907,000,000","864,000,000","822,000,000","770,700,000","766,200,000","702,300,000","680,200,000","719,000,000","694,300,000","698,700,000","680,300,000","707,700,000","708,600,000","710,100,000","685,800,000","730,300,000","723,500,000","684,400,000","668,400,000","668,600,000","643,500,000","641,400,000","656,700,000",,,,,,,,,,,,,,,,,,,,,,,,,,,,,,,,,,
	DepreciationAmortizationDepletionIncomeStatement,"2,825,700,000","721,800,000","700,300,000","707,300,000","696,300,000","686,500,000","644,600,000","679,500,000","672,200,000","640,900,000","645,200,000","622,600,000","605,800,000","591,100,000","602,600,000","553,200,000","539,700,000","511,300,000","518,500,000","485,500,000","481,900,000","412,100,000","539,300,000","513,800,000","497,100,000","481,700,000","535,000,000","506,000,000","505,000,000","488,000,000","507,000,000","443,000,000","491,000,000","433,000,000","447,000,000","443,000,000","420,000,000","429,000,000","470,000,000","460,000,000","423,000,000","397,000,000","445,000,000","410,000,000","403,000,000","404,000,000","424,000,000","405,000,000","408,000,000","397,000,000","421,000,000","397,000,000","382,000,000","360,000,000","387,000,000","373,000,000","363,000,000","369,000,000","381,000,000","372,000,000","391,000,000","402,000,000","376,000,000","348,000,000","341,000,000","330,000,000","336,000,000","325,000,000","327,000,000","328,000,000","333,000,000","320,000,000","317,000,000","314,000,000","334,000,000","336,000,000","315,000,000","318,000,000","366,000,000","367,000,000","359,000,000","353,000,000","340,000,000","354,000,000","336,000,000","258,000,000","275,000,000","257,000,000","154,000,000","-107,000,000","242,000,000","256,000,000","172,000,000","24,400,000","223,000,000","233,400,000","153,600,000","8,000,000","218,200,000","241,000,000","153,000,000","33,700,000","224,700,000","225,600,000","162,200,000","38,900,000","198,600,000","232,300,000","161,700,000","43,600,000","178,900,000","204,400,000","134,300,000",,,,,,,,,,,,,,,,,,,,,,,,,,,,,,,,,,
		DepreciationAndAmortizationInIncomeStatement,"2,825,700,000","721,800,000","700,300,000","707,300,000","696,300,000","686,500,000","644,600,000","679,500,000","672,200,000","640,900,000","645,200,000","622,600,000","605,800,000","591,100,000","602,600,000","553,200,000","539,700,000","511,300,000","518,500,000","485,500,000","481,900,000","412,100,000","539,300,000","513,800,000","497,100,000","481,700,000","535,000,000","506,000,000","505,000,000","488,000,000","507,000,000","443,000,000","491,000,000","433,000,000","447,000,000","443,000,000","420,000,000","429,000,000","470,000,000","460,000,000","423,000,000","397,000,000","445,000,000","410,000,000","403,000,000","404,000,000","424,000,000","405,000,000","408,000,000","397,000,000","421,000,000","397,000,000","382,000,000",,,,,,,,,,,,,,,,,,,,,,,,,,,,,,,,,,,,,,,,,,,,,,,,,,,,,,,,,,,,,,,,,,,,,,,,,,,,,,,,,,,,,,,,,,,,,,
	OtherTaxes,"1,407,600,000","346,200,000","360,800,000","354,100,000","346,500,000","319,200,000","337,700,000","317,500,000","321,100,000","301,800,000","320,500,000","302,300,000","309,900,000","279,700,000","294,200,000","283,200,000","285,600,000","267,400,000","272,600,000","259,600,000","259,800,000","250,100,000","264,400,000","249,400,000","254,100,000","239,600,000","248,000,000","242,000,000","250,000,000","226,000,000","233,000,000","218,000,000","238,000,000","220,000,000","231,000,000","222,000,000","218,000,000","202,000,000","224,000,000","207,000,000","217,000,000","196,000,000","213,000,000","202,000,000","213,000,000","201,000,000","210,000,000","202,000,000","207,000,000","183,000,000","193,000,000","192,000,000","197,000,000","183,000,000","189,000,000","191,000,000","198,000,000","190,000,000","191,000,000","188,000,000","186,000,000","170,000,000","186,000,000","190,000,000","191,000,000","197,000,000","205,000,000","173,000,000","188,000,000","172,000,000","178,000,000","176,000,000","184,000,000","157,000,000","179,000,000","157,000,000","188,000,000","158,000,000","198,000,000","178,000,000","186,000,000","131,000,000","200,000,000","169,000,000","168,000,000","164,000,000","173,000,000","169,000,000","125,000,000","112,000,000","121,000,000","119,000,000","124,000,000","122,500,000","124,600,000","121,200,000","125,200,000","117,900,000","123,900,000","122,200,000","126,600,000","121,800,000","128,200,000","121,000,000","127,600,000","117,900,000","125,100,000","117,300,000","130,000,000","123,500,000","122,600,000","122,000,000","128,200,000",,,,,,,,,,,,,,,,,,,,,,,,,,,,,,,,,,
	OtherOperatingExpenses,"2,547,700,000","653,100,000","735,300,000","566,900,000","592,400,000","701,400,000","702,900,000","566,000,000","602,100,000","762,000,000","708,300,000","607,400,000","666,000,000","646,500,000","826,000,000","780,300,000","726,400,000","641,500,000","636,100,000","604,200,000","602,200,000","806,200,000","771,100,000","664,500,000","715,100,000","748,900,000","691,000,000","695,000,000","746,000,000","898,000,000","787,000,000","760,000,000","780,000,000","825,000,000","677,000,000","664,000,000","738,000,000",,,,,,,,,,,,,,"-2,000,000","-2,000,000",,"239,000,000",,,"-255,000,000",,,,,"0","209,000,000",,,"-111,000,000","39,000,000",,,,,,,"650,000,000","70,000,000",,,,,,,"5,000,000","4,000,000","7,000,000",,"-1,775,000,000","598,000,000","745,000,000","164,000,000","810,000,000","-91,000,000","-107,000,000","-24,000,000","122,000,000","-77,700,000","-88,700,000","-10,000,000","135,200,000","-73,900,000","-89,500,000","-1,000,000","116,900,000","-72,900,000","-76,200,000","-13,100,000","109,300,000","-48,200,000","-85,100,000","-14,500,000","101,600,000","-33,400,000","-61,600,000","4,500,000",,,,,,,,,,,,,,,,,,,,,,,,,,,,,,,,,,
OperatingIncome,"3,422,900,000","695,300,000","1,107,400,000","809,900,000","810,300,000","570,200,000","943,200,000","722,700,000","751,600,000","451,100,000","958,200,000","551,000,000","788,400,000","621,700,000","668,600,000","757,000,000","706,000,000","818,700,000","984,000,000","746,700,000","881,800,000","578,800,000","1,137,000,000","866,200,000","892,900,000","465,500,000","960,000,000","809,000,000","1,124,000,000","499,000,000","925,000,000","767,000,000","1,041,000,000","606,000,000","1,019,000,000","701,000,000","755,000,000","536,000,000","925,000,000","741,000,000","754,000,000","392,000,000","980,000,000","717,000,000","832,000,000","486,000,000","1,025,000,000","394,000,000","758,000,000","481,000,000","858,000,000","682,000,000","741,000,000","180,000,000","731,000,000","581,000,000","1,040,000,000","414,000,000","796,000,000","546,000,000","522,000,000","370,000,000","535,000,000","371,000,000","621,000,000","327,000,000","617,000,000","446,000,000","528,000,000","838,000,000","618,000,000","378,000,000","608,000,000","-59,000,000","599,000,000","422,000,000","600,000,000","471,000,000","783,000,000","273,000,000","520,000,000","260,000,000","862,000,000","672,000,000","674,000,000","388,000,000","880,000,000","305,000,000","303,000,000","263,000,000","376,000,000","285,000,000","381,000,000","197,900,000","426,300,000","304,800,000","343,900,000","290,200,000","366,900,000","291,600,000","377,100,000","314,000,000","359,300,000","285,900,000","391,000,000","295,100,000","343,400,000","263,800,000","335,800,000","228,400,000","314,700,000","276,400,000","329,900,000","1,330,600,000","1,406,300,000","1,210,400,000","1,321,500,000","1,291,900,000","1,282,000,000","1,173,500,000","1,297,200,000","1,272,800,000","1,285,800,000","1,230,600,000","1,257,400,000","1,275,900,000","1,332,800,000","1,259,900,000","1,298,900,000","400,000","1,297,200,000","1,197,200,000","1,263,000,000","1,232,000,000","1,286,900,000","1,102,600,000","1,219,300,000","1,149,500,000","1,260,900,000","1,143,700,000","1,233,400,000","1,198,600,000","1,210,000,000","1,154,600,000","1,280,000,000","1,200,700,000","1,176,000,000"
NetNonOperatingInterestIncomeExpense,"-1,199,100,000","-303,600,000","-303,700,000","-301,600,000","-290,200,000","-288,300,000","-291,300,000","-294,000,000","-292,100,000","-290,900,000","-275,100,000","-250,700,000","-255,800,000","-251,000,000","-251,400,000","-238,500,000","-231,900,000","-223,700,000","-220,900,000","-220,600,000","-213,800,000","-200,200,000","-223,300,000","-222,500,000","-214,900,000","-213,000,000","-219,000,000","-221,000,000","-222,000,000","-221,000,000","-220,000,000","-218,000,000","-219,000,000","-218,000,000","-222,000,000","-179,000,000","-229,000,000","-289,000,000","-231,000,000","-233,000,000","-227,000,000","-207,000,000","-223,000,000","-236,000,000","-240,000,000","-235,000,000","-248,000,000","-231,000,000","-247,000,000","-241,000,000","-243,000,000","-245,000,000","-233,000,000",,,,,,,,,,,,,,,,,,,,,,,,,,,,,,,,,,,,,,,,,,,,,,,,,,,,,,,,,,,,,,,,,,,,,,,,,,,,,,,,,,,,,,,,,,,,,,
	InterestIncomeNonOperating,,,,,,,,,,,,,,"300,000","5,400,000","3,800,000","2,100,000","3,300,000","2,400,000","2,300,000","8,000,000","9,800,000","2,000,000","2,400,000","2,100,000","1,900,000","2,000,000","3,000,000","1,000,000","2,000,000","1,000,000","3,000,000","1,000,000","3,000,000","3,000,000","49,000,000","3,000,000","2,000,000","2,000,000","2,000,000","2,000,000","3,000,000","19,000,000","3,000,000","2,000,000","14,000,000","3,000,000","18,000,000","3,000,000","6,000,000","5,000,000","0","5,000,000",,,,,,,,,,,,,,,,,,,,,,,,,,,,,,,,,,,,,,,,,,,,,,,,,,,,,,,,,,,,,,,,,,,,,,,,,,,,,,,,,,,,,,,,,,,,,,
	InterestExpenseNonOperating,"1,199,100,000","303,600,000","303,700,000","301,600,000","290,200,000","288,300,000","291,300,000","294,000,000","292,100,000","290,900,000","275,100,000","250,700,000","255,800,000","251,300,000","256,800,000","242,300,000","234,000,000","227,000,000","223,300,000","222,900,000","221,800,000","210,000,000","225,300,000","224,900,000","217,000,000","214,900,000","221,000,000","224,000,000","223,000,000","223,000,000","221,000,000","221,000,000","220,000,000","221,000,000","225,000,000","228,000,000","232,000,000","291,000,000","233,000,000","235,000,000","229,000,000","210,000,000","242,000,000","239,000,000","242,000,000","249,000,000","251,000,000","249,000,000","250,000,000","247,000,000","248,000,000","245,000,000","238,000,000",,,,,,,,,,,,,,,,,,,,,,,,,,,,,,,,,,,,,,,,,,,,,,,,,,,,,,,,,,,,,,,,,,,,,,,,,,,,,,,,,,,,,,,,,,,,,,
OtherIncomeExpense,"288,100,000","61,100,000","46,000,000","96,300,000","84,700,000","107,800,000","80,400,000","79,200,000","56,700,000","-72,100,000","76,200,000","87,000,000","67,500,000","-1,900,000","63,700,000","65,100,000","66,100,000","-40,600,000","37,500,000","24,700,000","242,400,000","28,500,000","-2,237,600,000","35,100,000","35,600,000","40,400,000","34,000,000","43,000,000","38,000,000","40,000,000","34,000,000","34,000,000","28,000,000","104,000,000","-117,000,000","-129,000,000","19,000,000","-253,000,000","21,000,000","35,000,000","43,000,000","50,000,000","227,000,000","40,000,000","35,000,000","36,000,000","35,000,000","38,000,000","38,000,000","37,000,000","35,000,000","32,000,000","34,000,000","302,000,000","27,000,000","31,000,000","22,000,000","73,000,000","16,000,000","19,000,000","35,000,000","53,000,000","4,000,000","39,000,000","107,000,000","-224,000,000","108,000,000","66,000,000","173,000,000","-277,000,000","193,000,000","51,000,000","49,000,000","25,000,000","24,000,000","29,000,000","73,000,000","-1,137,000,000","38,000,000","41,000,000","-5,000,000","30,000,000","16,000,000","22,000,000","31,000,000","3,000,000","16,000,000","-2,000,000","3,000,000",,"3,000,000","2,000,000","-5,000,000","15,100,000","-6,300,000","-100,000","800,000","16,600,000","32,800,000","5,700,000","4,500,000","-1,400,000","3,700,000","1,000,000","-1,100,000","9,600,000","5,700,000","100,000","4,800,000","6,600,000","4,000,000","-6,300,000","7,200,000",,,,,,,,,,,,,,,,,,,,,,,,,,,,,,,,,,
	SpecialIncomeCharges,"128,100,000","24,200,000","37,000,000","33,500,000","33,400,000","36,400,000","45,200,000","35,100,000","31,400,000","-110,300,000","43,000,000","50,400,000","28,900,000","-31,100,000","31,800,000","33,700,000","34,100,000","-40,600,000","37,500,000","24,700,000","242,400,000","28,500,000","-2,237,600,000","35,100,000","35,600,000","40,400,000","34,000,000","43,000,000","38,000,000","40,000,000","34,000,000","34,000,000","28,000,000","104,000,000","-117,000,000","-129,000,000","19,000,000","-253,000,000","21,000,000","35,000,000","43,000,000","50,000,000","227,000,000","40,000,000","35,000,000","36,000,000","35,000,000","38,000,000","38,000,000","37,000,000","35,000,000","32,000,000","34,000,000","302,000,000","27,000,000","31,000,000","22,000,000","73,000,000","16,000,000","19,000,000","35,000,000","53,000,000","4,000,000","39,000,000","107,000,000","-224,000,000","108,000,000","66,000,000","173,000,000","-277,000,000","193,000,000","51,000,000","49,000,000","25,000,000","24,000,000","29,000,000","73,000,000","-1,137,000,000","38,000,000","41,000,000","-5,000,000","30,000,000","16,000,000","22,000,000","31,000,000","3,000,000","16,000,000","-2,000,000","3,000,000",,"3,000,000","2,000,000","-5,000,000","15,100,000","-6,300,000","-100,000","800,000","16,600,000","32,800,000","5,700,000","4,500,000","-1,400,000","3,700,000","1,000,000","-1,100,000","9,600,000","5,700,000","100,000","4,800,000","6,600,000","4,000,000","-6,300,000","7,200,000",,,,,,,,,,,,,,,,,,,,,,,,,,,,,,,,,,
		ImpairmentOfCapitalAssets,"11,600,000",,,,,,,,,,,,,,,,,"76,500,000","-2,500,000","1,900,000","11,200,000","2,900,000","2,264,900,000",,,,,,,"0","0","0",,"-72,000,000","144,000,000","154,000,000",,"287,000,000","13,000,000",,,,"90,000,000",,,,,,,,,"0","0",,,,,,,,,,,,,,,,,,,,,,,,,,,,,,,,,,,,,,,,,,,,,,,,,,,,,,,,,,,,,,,,,,,,,,,,,,,,,,,,,,,,,,,,,,,,,,
		WriteOff,"11,600,000",,,,,,,,,,,,,,,,,"76,500,000","-2,500,000","1,900,000","11,200,000","2,900,000","2,264,900,000",,,,,,,"0","0","0",,"-72,000,000","144,000,000","154,000,000",,,,,,,,,,,,,,,,,,,,,,,,,,,,,,,,,,,,,,,,,,,,,,,,,,,,,,,,,,,,,,,,,,,,,,,,,,,,,,,,,,,,,,,,,,,,,,,,,,,,,,,,,,,,,,,
		OtherSpecialCharges,"-139,700,000","-35,800,000","-37,000,000","-33,500,000","-33,400,000","-36,400,000","-45,200,000","-35,100,000","-31,400,000","-46,100,000","-43,000,000","-50,400,000","-28,900,000","-39,500,000","-31,800,000","-33,700,000","-34,100,000","-35,900,000","-22,600,000","-26,700,000","-27,100,000","-31,400,000","-27,300,000","-35,100,000","-35,600,000","-40,400,000","-34,000,000","-43,000,000","-38,000,000","-40,000,000","-34,000,000","-34,000,000","-28,000,000","-32,000,000","-27,000,000","-25,000,000","-19,000,000","-34,000,000","-34,000,000","-35,000,000",,,"-317,000,000","-40,000,000",,,,,,,,"-32,000,000","-34,000,000",,,,,,,,,,,,,,,,,,,,,,,,,,,,,,,,,,,,,,,,,,,,,,,,,,,,,,,,,,,,,,,,,,,,,,,,,,,,,,,,,,,,,,,,,,,,,,
		GainOnSaleOfBusiness,,,,,,,,,,,,,,"0","0",,,"0","12,400,000",,,,,,,,,,,,,,,,,,,,,,,,,,,,,,,,,,,,,,,,,,,,,,,,,,,,,,,,,,,,,,,,,,,,,,,,,,,,,,,,,,,,,,,,,,,,,,,,,,,,,,,,,,,,,,,,,,,,,,,,,,,,,,,,
		GainOnSaleOfPPE,,,,,,,,,,,,,,"0","0",,,"0","0","-100,000","226,500,000",,,,,,,,,,,,,,,,,,,,,,,,,,,,,,,,,,,,,,,,,,,,,,,,,,,,,,,,,,,,,,,,,,,,,,,,,,,,,,,,,,,,,,,,,,,,,,,,,,,,,,,,,,,,,,,,,,,,,,,,,,,,,,
	OtherNonOperatingIncomeExpenses,"160,000,000","36,900,000","9,000,000","62,800,000","51,300,000","71,400,000","35,200,000","44,100,000","25,300,000","38,200,000","33,200,000","36,600,000","38,600,000","29,200,000","31,900,000","31,400,000","32,000,000",,,,,,,,,,,,,,,,,,,,,,,,,,,,,,,,,,,,,,,,,,,,,,,,,,,,,,,,,,,,,,,,,,,,,,,,,,,,,,,,,,,,,,,,,,,,,,,,,,,,,,,,,,,,,,,,,,,,,,,,,,,,,,,,,,
PretaxIncome,"2,511,900,000","452,800,000","849,700,000","604,600,000","604,800,000","389,700,000","732,300,000","507,900,000","516,200,000","88,100,000","759,300,000","387,300,000","600,100,000","368,800,000","480,900,000","583,600,000","540,200,000","554,400,000","800,600,000","550,800,000","910,400,000","407,100,000","-1,323,900,000","678,800,000","713,600,000","292,900,000","775,000,000","631,000,000","940,000,000","318,000,000","739,000,000","583,000,000","850,000,000","492,000,000","680,000,000","393,000,000","545,000,000","-6,000,000","715,000,000","543,000,000","570,000,000","235,000,000","984,000,000","521,000,000","627,000,000","287,000,000","812,000,000","201,000,000","549,000,000","277,000,000","650,000,000","469,000,000","542,000,000","176,000,000","566,000,000","403,000,000","866,000,000","282,000,000","612,000,000","365,000,000","401,000,000","268,000,000","398,000,000","244,000,000","567,000,000","51,000,000","561,000,000","321,000,000","526,000,000","403,000,000","616,000,000","229,000,000","456,000,000","-223,000,000","405,000,000","242,000,000","459,000,000","-896,000,000","629,000,000","96,000,000","276,000,000","57,000,000","626,000,000","453,000,000","436,000,000","27,000,000","622,000,000","34,000,000","167,000,000","141,000,000","243,000,000","152,000,000","244,000,000","108,100,000","310,100,000","195,700,000","238,500,000","199,000,000","293,600,000","191,400,000","277,800,000","210,900,000","261,900,000","177,900,000","278,800,000","193,300,000","235,100,000","149,200,000","226,300,000","123,300,000","207,600,000","161,000,000","225,400,000",,,,,,,,,,,,,,,,,,,,,,,,,,,,,,,,,,
TaxProvision,"115,500,000","-70,000,000","69,800,000","61,200,000","54,500,000","-17,400,000","-1,200,000","12,600,000","46,500,000","-43,600,000","40,600,000","-54,400,000","44,500,000","21,800,000","-80,700,000","72,200,000","102,000,000","171,900,000","264,000,000","190,600,000","343,200,000","60,300,000","-534,500,000","165,000,000","235,500,000","92,600,000","275,000,000","225,000,000","333,000,000","151,000,000","269,000,000","215,000,000","307,000,000","164,000,000","257,000,000","68,000,000","195,000,000","-16,000,000","241,000,000","180,000,000","-189,000,000","-1,604,000,000","334,000,000","174,000,000","-278,000,000","113,000,000","258,000,000","-65,000,000","207,000,000","40,000,000","208,000,000","148,000,000","179,000,000","34,000,000","192,000,000","123,000,000","293,000,000","73,000,000","205,000,000","108,000,000","130,000,000","91,000,000","133,000,000","72,000,000","189,000,000","-41,000,000","196,000,000","103,000,000","172,000,000","128,000,000","204,000,000","78,000,000","165,000,000","-50,000,000","148,000,000","60,000,000","200,000,000","-215,000,000","242,000,000","38,000,000","95,000,000","3,000,000","223,000,000","173,000,000","170,000,000","249,000,000","219,000,000","52,000,000","63,000,000","34,000,000","69,000,000","64,000,000","93,000,000","35,900,000","114,700,000","77,600,000","87,900,000","74,100,000","91,800,000","70,300,000","105,200,000","78,500,000","99,600,000","65,200,000","98,800,000","61,900,000","80,900,000","52,700,000","78,400,000","19,800,000","67,800,000","57,200,000","72,400,000",,,,,,,,,,,,,,,,,,,,,,,,,,,,,,,,,,
EarningsFromEquityInterestNetOfTax,"91,700,000","15,800,000","17,000,000","30,400,000","28,500,000","27,600,000","14,700,000","19,200,000","29,600,000","21,000,000","15,200,000","17,400,000","18,500,000","17,800,000","18,100,000","18,700,000","18,500,000","19,300,000","20,100,000","16,000,000","27,000,000","28,400,000","25,200,000","-7,400,000","25,000,000","4,300,000","12,000,000","25,000,000","24,000,000","25,000,000","24,000,000","23,000,000","18,000,000","19,000,000","11,000,000","14,000,000","14,000,000","11,000,000","14,000,000",,"9,000,000","8,000,000","7,000,000","6,000,000","6,000,000","4,000,000","3,000,000","1,000,000","4,000,000","2,000,000","4,000,000","1,000,000","0",,,,,,,,,,,,,,,,,,,,,,,,,,,,,,,,,,,,,,,,,,,,,,,,,,,,,,,,,,,,,,,,,,,,,,,,,,,,,,,,,,,,,,,,,,,,,,
NetIncomeCommonStockholders,"2,488,100,000","538,900,000","796,000,000","578,200,000","575,000,000","435,500,000","748,600,000","520,800,000","495,200,000","153,500,000","733,500,000","461,300,000","572,800,000","363,400,000","577,600,000","528,400,000","454,400,000","400,700,000","544,700,000","375,000,000","592,200,000","373,400,000","-765,800,000","502,100,000","501,200,000","469,100,000","519,000,000","430,000,000","629,000,000","191,000,000","493,000,000","390,000,000","560,000,000","346,000,000","433,000,000","338,000,000","363,000,000","21,000,000","487,000,000","362,000,000","389,000,000","308,000,000","928,000,000","352,000,000","353,000,000","176,000,000","555,000,000","136,000,000","344,000,000","238,000,000","443,000,000","316,000,000","360,000,000","152,000,000","374,000,000","281,000,000","573,000,000","231,000,000","407,000,000","180,000,000","271,000,000","181,000,000","265,000,000","175,000,000","381,000,000","-149,000,000","387,000,000","221,000,000","355,000,000","177,000,000","530,000,000","100,000,000","278,000,000","-768,000,000","257,000,000","175,000,000","198,000,000","-837,000,000","425,000,000","62,000,000","181,000,000","52,000,000","421,000,000","232,000,000","266,000,000","-222,000,000","359,000,000","-9,000,000","104,000,000","107,000,000","174,000,000","88,000,000","151,000,000","72,200,000","195,400,000","118,100,000","150,600,000","126,100,000","91,200,000","121,100,000","172,600,000","132,400,000","162,300,000","112,700,000","180,000,000","131,400,000","154,200,000","96,500,000","147,900,000","103,500,000","139,800,000","103,800,000","153,000,000","144,700,000","-10,100,000","86,200,000","133,100,000","155,900,000","107,800,000","74,300,000","130,300,000","115,000,000","136,000,000","101,400,000","145,600,000","110,200,000","129,100,000","112,300,000","144,900,000",,,"129,300,000",,,,,,,,,,,,,,,
	NetIncome,"2,488,100,000","538,900,000","796,000,000","578,200,000","575,000,000","435,500,000","748,600,000","520,800,000","495,200,000","153,500,000","733,500,000","461,300,000","572,800,000","363,400,000","577,600,000","528,400,000","454,400,000","400,700,000","544,700,000","375,000,000","592,200,000","373,400,000","-765,800,000","502,100,000","501,200,000","469,100,000","519,000,000","430,000,000","629,000,000","191,000,000","493,000,000","390,000,000","560,000,000","346,000,000","433,000,000","338,000,000","363,000,000","21,000,000","487,000,000","362,000,000","389,000,000","311,000,000","929,000,000","352,000,000","354,000,000","177,000,000","556,000,000","136,000,000","345,000,000","239,000,000","444,000,000","316,000,000","361,000,000","153,000,000","374,000,000","281,000,000","573,000,000","231,000,000","407,000,000","180,000,000","271,000,000","181,000,000","265,000,000","175,000,000","381,000,000","-149,000,000","387,000,000","221,000,000","355,000,000","177,000,000","530,000,000","100,000,000","278,000,000","-762,000,000","257,000,000","175,000,000","201,000,000","-837,000,000","425,000,000","62,000,000","181,000,000","52,000,000","421,000,000","232,000,000","266,000,000","-222,000,000","359,000,000","-9,000,000","104,000,000","107,000,000","174,000,000","88,000,000","151,000,000","72,200,000","195,400,000","118,100,000","150,600,000","126,100,000","91,200,000","121,100,000","172,600,000","132,400,000","162,300,000","112,700,000","180,000,000","131,400,000","154,200,000","96,500,000","147,900,000","103,500,000","139,800,000","103,800,000","153,000,000","144,700,000","-10,100,000","86,200,000","133,100,000","155,900,000","107,800,000","74,300,000","130,300,000","115,000,000","136,000,000","101,400,000","145,600,000","110,200,000","129,100,000","112,300,000","144,900,000",,,"129,300,000",,,,,,,,,,,,,,,
		NetIncomeIncludingNoncontrollingInterests,"2,488,100,000","538,600,000","796,900,000","573,800,000","578,800,000","434,700,000","748,200,000","514,500,000","499,300,000","152,700,000","733,900,000","459,100,000","574,100,000","364,800,000","579,700,000","530,100,000","456,700,000","401,800,000","556,700,000","376,200,000","594,200,000","375,200,000","-764,200,000","503,900,000","503,100,000","470,300,000","520,000,000","431,000,000","631,000,000","192,000,000","494,000,000","391,000,000","561,000,000","347,000,000","434,000,000","339,000,000","364,000,000","21,000,000","488,000,000","363,000,000","390,000,000","311,000,000","930,000,000","353,000,000","355,000,000","178,000,000","557,000,000","137,000,000","346,000,000","239,000,000","446,000,000","317,000,000","363,000,000","154,000,000","375,000,000","282,000,000","574,000,000","231,000,000","408,000,000","181,000,000","272,000,000","182,000,000","266,000,000","176,000,000","381,000,000","-145,000,000","387,000,000","221,000,000","357,000,000","177,000,000","530,000,000","100,000,000","278,000,000","-767,000,000","258,000,000","186,000,000","210,000,000","-837,000,000","437,000,000","62,000,000","190,000,000","65,000,000","421,000,000","232,000,000","266,000,000","-222,000,000","359,000,000","-9,000,000","104,000,000","107,000,000","174,000,000","88,000,000","151,000,000","72,200,000","195,400,000","118,100,000","150,600,000","126,100,000","91,200,000","121,100,000","172,600,000","132,400,000","162,300,000","112,700,000","180,000,000","131,400,000","154,200,000","96,500,000","147,900,000","103,500,000","139,800,000","103,800,000","153,000,000","144,700,000","-10,100,000","86,200,000","133,100,000","155,900,000","107,800,000","74,300,000","130,300,000","115,000,000","136,000,000","101,400,000","145,600,000","110,200,000","129,100,000","112,300,000","144,900,000","0","162,800,000","129,300,000","159,800,000","160,300,000","172,300,000","118,800,000","175,400,000","89,300,000","148,200,000","117,300,000","147,700,000","151,100,000","132,900,000","97,100,000","126,100,000","132,500,000","114,100,000"
			NetIncomeContinuousOperations,"2,488,100,000","538,600,000","796,900,000","573,800,000","578,800,000","434,700,000","748,200,000","514,500,000","499,300,000","152,700,000","733,900,000","459,100,000","574,100,000","364,800,000","579,700,000","530,100,000","456,700,000","401,800,000","556,700,000","376,200,000","594,200,000","375,200,000","-764,200,000","506,400,000","503,100,000","204,600,000","512,000,000","431,000,000","631,000,000","192,000,000","494,000,000","391,000,000","561,000,000","347,000,000","434,000,000","339,000,000","364,000,000","21,000,000","488,000,000","363,000,000","390,000,000","584,000,000","657,000,000","353,000,000","355,000,000","178,000,000","557,000,000","137,000,000","346,000,000","239,000,000","446,000,000","322,000,000","363,000,000","141,000,000","374,000,000","280,000,000","573,000,000","209,000,000","407,000,000","257,000,000","271,000,000","177,000,000","265,000,000","172,000,000","378,000,000","92,000,000","365,000,000","218,000,000","354,000,000","275,000,000","412,000,000","151,000,000","291,000,000","-173,000,000","257,000,000","182,000,000","259,000,000","-681,000,000","387,000,000","58,000,000","181,000,000","54,000,000","403,000,000","280,000,000","266,000,000","-222,000,000","403,000,000","-18,000,000","104,000,000","107,000,000","174,000,000","88,000,000","151,000,000","72,200,000","195,400,000","118,100,000","150,600,000","124,900,000","201,800,000","121,100,000","172,600,000","132,400,000","162,300,000","112,700,000","180,000,000","131,400,000","154,200,000","96,500,000","147,900,000","103,500,000","139,800,000","103,800,000","153,000,000","144,700,000","-10,100,000","86,200,000","133,100,000","155,900,000","107,800,000","74,300,000","130,300,000","115,000,000","136,000,000","101,400,000","145,600,000","110,200,000","129,100,000","112,300,000","144,900,000","0","162,800,000","129,300,000","159,800,000","160,300,000","172,300,000","118,800,000","175,400,000","89,300,000","148,200,000","117,300,000","147,700,000","151,100,000","132,900,000","97,100,000","126,100,000","132,500,000","114,100,000"
			NetIncomeDiscontinuousOperations,,,,,,,,,,,,,,,,,,"0","0","0",,"0",,"-2,500,000","0","265,700,000","8,000,000",,,,,,,,,,,,,,,,,,,,,,,"0","0","0",,,,"1,000,000",,"22,000,000",,"2,000,000",,"4,000,000",,"3,000,000","3,000,000","1,000,000","22,000,000","3,000,000","1,000,000","23,000,000","118,000,000","-51,000,000","-13,000,000","-589,000,000",,"-7,000,000","-9,000,000","-156,000,000","38,000,000","4,000,000",,,,,,,,,,,,,,,,,,,,,,,,,,,,,,,,,,,,,,,,,,,,,,,,,,,,,,,,,,,,,,,,,,,
			NetIncomeExtraordinary,,,,,,,,,,,,,,,,,,,,,,,,,,,,,,,,,,,,,,"0","0",,,,"273,000,000",,,"0","0",,,"0","0","-5,000,000",,,,,,"0",,"-79,000,000",,,,,,,,,,,,,,"0",,,"-49,000,000","0",,,,"0","18,000,000",,,,,,,,,,,,,,,,,,,,,,,,,,,,,,,,,,,,,,,,,,,,,,,,,,,,,,,,,,,,,,,,
			NetIncomeFromTaxLossCarryforward,,,,,,,,,,,,,,,,,,,,,,,,,,,,,,,,,,,,,,,,,,,,,,,,,,,,,,,,,,,,,,,,,,,,,,,,,,,,,,,,,,"-2,000,000",,"-48,000,000",,"0","-44,000,000","9,000,000",,,,,,,,,,"1,200,000","-110,600,000",,,,,,,,,,,,,,,,,,,,,,,,,,,,,,,,,,,,,,,,,,,,,,,,
		MinorityInterests,"0","300,000","-900,000","4,400,000","-3,800,000","800,000","400,000","6,300,000","-4,100,000","800,000","-400,000","2,200,000","-1,300,000","-1,400,000","-2,100,000","-1,700,000","-2,300,000","-1,100,000","-12,000,000","-1,200,000","-2,000,000","-1,800,000","-1,600,000","-1,800,000","-1,900,000","-1,200,000","-1,000,000","-1,000,000","-2,000,000","-1,000,000","-1,000,000","-1,000,000","-1,000,000","-1,000,000","-1,000,000","-1,000,000","-1,000,000","0","-1,000,000","-1,000,000","-1,000,000","0","-1,000,000","-1,000,000","-1,000,000","-1,000,000","-1,000,000","-1,000,000","-1,000,000","0","-2,000,000","-1,000,000","-2,000,000","-1,000,000","-1,000,000","-1,000,000","-1,000,000","0","-1,000,000","-1,000,000","-1,000,000","-1,000,000","-1,000,000","-1,000,000",,,,,"-2,000,000",,,,,"5,000,000","-1,000,000","-11,000,000","-9,000,000","0","-12,000,000",,"-9,000,000",,,,,,,,,,,,,,,,,,,,,,,,,,,,,,,,,,,,,,,,,,,,,,,,,,,,,,,,,,,,,,,,,,
	PreferredStockDividends,,,,,,,,,,,,,,,,,,,,,,,,,,,,,,,,,,,,,,,,,,"3,000,000","1,000,000",,"1,000,000","1,000,000","1,000,000",,"1,000,000","1,000,000","1,000,000",,"1,000,000","1,000,000",,,,,,,,,,,,,,,,,,,,"6,000,000",,,"3,000,000",,,,,,,,,,,,,,,,,,,,,,,,,,,,,,,,,,,,,,,,,,,,,,,,,,,,,,,,,,,,,,,,,,,,,,
DilutedNIAvailtoComStockholders,"2,488,100,000","538,900,000","796,000,000","578,200,000","575,000,000","435,500,000","748,600,000","520,800,000","495,200,000","153,500,000","733,500,000","461,300,000","572,800,000","363,400,000","577,600,000","528,400,000","454,400,000","400,700,000","544,700,000","375,000,000","592,200,000","373,400,000","-765,800,000","502,100,000","501,200,000","469,100,000","519,000,000","430,000,000","629,000,000","191,000,000","493,000,000","390,000,000","560,000,000","346,000,000","433,000,000","338,000,000","363,000,000","21,000,000","487,000,000","362,000,000","389,000,000","308,000,000","928,000,000","352,000,000","353,000,000","176,000,000","555,000,000","136,000,000","344,000,000","238,000,000","443,000,000","316,000,000","360,000,000","152,000,000","374,000,000","281,000,000","573,000,000","231,000,000","407,000,000","180,000,000","271,000,000","181,000,000","265,000,000","175,000,000","381,000,000","-149,000,000","387,000,000","221,000,000","355,000,000","177,000,000","530,000,000","100,000,000","278,000,000","-768,000,000","257,000,000","175,000,000","198,000,000","-837,000,000","425,000,000","62,000,000","181,000,000","52,000,000","421,000,000","232,000,000","266,000,000","-222,000,000","359,000,000","-9,000,000","104,000,000","107,000,000","174,000,000","88,000,000","151,000,000","72,200,000","195,400,000","118,100,000","150,600,000","126,100,000","91,200,000","121,100,000","172,600,000","132,400,000","162,300,000","112,700,000","180,000,000","131,400,000","154,200,000","96,500,000","147,900,000","103,500,000","139,800,000","103,800,000","153,000,000","144,700,000","-10,100,000","86,200,000","133,100,000","155,900,000","107,800,000","74,300,000","130,300,000","115,000,000","136,000,000","101,400,000","145,600,000","110,200,000","129,100,000","112,300,000","144,900,000",,,"129,300,000",,,,,,,,,,,,,,,
BasicEPS,,,"1.59","1.16","1.16",,"1.51","1.05","1",,"1.49","0.93","1.16",,"1.17","1.07","0.92",,"1.11","0.76","1.2",,"-1.56","1.02","1.02",,"1.06","0.88","1.29",,"1.01","0.8","1.15",,"0.89","0.69","0.75",,"1","0.75","0.8",,"1.92","0.73","0.73",,"1.16","0.28","0.72",,"0.93","0.67","0.89",,"0.93","0.7","1.43",,"1.02","0.45","0.68",,"0.67","0.44","0.97",,"0.99","0.58","0.9",,"1.34","0.25","0.7",,"0.65","0.44","1.24",,"1.25","0.19","0.56",,"1.31","0.72","0.83",,"1.11","-0.03","0.53",,"0.9","0.46","0.79",,"1.02","0.62","0.79",,"0.48","0.64","0.92",,"0.87","0.6","0.96",,"0.83","0.52","0.8",,"0.76","0.56","0.83",,"-0.06","0.47","0.72",,"0.58","0.4","0.71",,"0.74","0.55","0.79",,"0.7","0.6","0.75",,"0.84","0.67","0.83",,"0.89","0.61","0.91",,"0.77","0.61","0.76",,"0.69","0.5","0.65",,"0.59"
DilutedEPS,,,"1.58","1.15","1.15",,"1.5","1.05","1",,"1.48","0.93","1.16",,"1.17","1.07","0.92",,"1.1","0.76","1.2",,"-1.56","1.02","1.02",,"1.06","0.88","1.29",,"1.01","0.8","1.15",,"0.89","0.69","0.75",,"1","0.75","0.8",,"1.92","0.73","0.73",,"1.16","0.28","0.72",,"0.93","0.67","0.89",,"0.93","0.7","1.43",,"1.02","0.45","0.68",,"0.67","0.44","0.96",,"0.99","0.58","0.9",,"1.34","0.25","0.7",,"0.65","0.44","1.24",,"1.25","0.19","0.56",,"1.31","0.72","0.83",,"1.11","-0.03","0.53",,"0.9","0.46","0.79",,"1.02","0.62","0.79",,"0.48","0.64","0.92",,"0.87","0.6","0.96",,"0.83","0.52","0.8",,"0.76","0.56","0.83",,"-0.06","0.47","0.72",,"0.58","0.4","0.71",,"0.74","0.55","0.79",,"0.7","0.6","0.75",,"0.84","0.67","0.83",,"0.89","0.61","0.91",,"0.77","0.61","0.76",,"0.69","0.5","0.65",,"0.59"
BasicAverageShares,,,"501,233,680","499,916,640","497,058,635",,"496,177,968","495,655,053","494,596,869",,"493,839,034","493,584,347","493,309,076",,"492,984,741","492,688,342","492,267,402",,"491,840,722","491,790,752","491,712,042",,"491,697,809","491,459,541","491,108,392",,"490,648,929","490,207,482","489,597,986",,"488,912,892","488,291,576","487,867,089",,"486,932,747","486,293,026","485,823,668",,"484,979,543","484,500,029","483,828,101",,"482,498,734","481,928,494","481,144,270",,"479,578,139","479,050,774","478,429,535",,"476,948,143","472,220,041","406,826,606",,"402,286,779","401,513,958","400,797,993",,"399,222,569","398,679,242","397,314,642",,"394,000,000","394,000,000","394,000,000",,"389,000,000","384,000,000","393,000,000",,"396,000,000","396,000,000","395,000,000",,"395,000,000","395,000,000","356,000,000",,"339,000,000","326,000,000","322,000,000",,"322,000,000","322,000,000","322,000,000",,"322,000,000","322,000,000","194,000,000",,"193,333,333","191,304,348","191,139,241",,"191,568,627","190,483,871","190,632,911",,"190,000,000","189,218,750","187,608,696",,"186,551,724","187,833,333","187,500,000",,"185,783,133","185,576,923","184,875,000",,"183,947,368","185,357,143","184,337,349",,"168,333,333","183,404,255","184,861,111",,"185,862,069","185,750,000","183,521,127",,"183,783,784","184,363,636","184,303,797",,"184,428,571","187,166,667","193,200,000",,"194,026,846","192,985,075","193,535,000",,"193,535,000","193,535,000","193,535,000",,"193,535,000","193,535,000","193,535,000",,"193,535,000","193,535,000","193,535,000",,"191,678,000"
DilutedAverageShares,,,"502,606,836","500,983,778","498,164,219",,"497,458,523","497,337,980","496,608,918",,"495,461,509","495,382,966","494,484,144",,"493,940,543","493,505,085","493,127,300",,"492,986,307","492,642,100","492,031,975",,"491,813,858","491,641,400","491,332,305",,"490,800,335","490,484,450","489,936,726",,"488,970,647","488,538,227","488,271,167",,"487,258,905","486,763,615","486,344,036",,"485,362,858","484,860,690","484,248,868",,"482,796,945","482,203,255","481,365,806",,"479,750,447","479,176,543","478,844,632",,"477,111,144","472,222,817","407,381,954",,"403,910,309","402,785,942","402,072,098",,"400,215,911","399,868,900","398,552,113",,"396,000,000","396,000,000","396,000,000",,"390,000,000","384,000,000","393,000,000",,"396,000,000","396,000,000","395,000,000",,"395,000,000","395,000,000","356,000,000",,"339,000,000","326,000,000","322,000,000",,"322,000,000","322,000,000","322,000,000",,"322,000,000","322,000,000","194,000,000",,"193,333,333","191,304,348","191,139,241",,"191,568,627","190,483,871","190,632,911",,"190,000,000","189,218,750","187,608,696",,"186,551,724","187,833,333","187,500,000",,"185,783,133","185,576,923","184,875,000",,"183,947,368","185,357,143","184,337,349",,"168,333,333","183,404,255","184,861,111",,"185,862,069","185,750,000","183,521,127",,"183,783,784","184,363,636","184,303,797",,"184,428,571","187,166,667","193,200,000",,"194,026,846","192,985,075","193,535,000",,"193,535,000","193,535,000","193,535,000",,"193,535,000","193,535,000","193,535,000",,"193,535,000","193,535,000","193,535,000",,"191,678,000"
TotalOperatingIncomeAsReported,"3,411,300,000","683,700,000","1,107,400,000","809,900,000","810,300,000","570,200,000","943,200,000","722,700,000","751,600,000","294,700,000","958,200,000","551,000,000","788,400,000","551,100,000","668,600,000","757,000,000","706,000,000","742,200,000","986,500,000","744,700,000","1,097,100,000","575,900,000","-1,127,900,000","866,200,000","892,900,000","465,500,000","960,000,000","809,000,000","1,124,000,000","499,000,000","925,000,000","767,000,000","1,041,000,000","678,000,000","875,000,000","547,000,000","755,000,000","249,000,000","912,000,000","741,000,000","754,000,000","343,000,000","890,000,000","717,000,000","832,000,000","486,000,000","1,025,000,000","394,000,000","758,000,000","481,000,000","858,000,000","682,000,000","750,000,000","435,000,000","731,000,000","581,000,000","1,040,000,000","414,000,000","796,000,000","546,000,000","522,000,000","370,000,000","535,000,000","371,000,000","621,000,000","327,000,000","617,000,000","446,000,000","528,000,000","838,000,000","618,000,000","378,000,000","608,000,000","-59,000,000","599,000,000","422,000,000","600,000,000","471,000,000","783,000,000","273,000,000","520,000,000","260,000,000","862,000,000","672,000,000","674,000,000","388,000,000","880,000,000","305,000,000","303,000,000","263,000,000","376,000,000","285,000,000","381,000,000","197,900,000","426,300,000","304,800,000","343,900,000","290,200,000","366,900,000","291,600,000","377,100,000","314,000,000","359,300,000","285,900,000","391,000,000","295,100,000","343,400,000","263,800,000","335,800,000","228,400,000","314,700,000","276,400,000","329,900,000",,,,,,,,,,,,,,,,,,,,,,,,,,,,,,,,,,
TotalExpenses,"13,369,100,000","3,366,100,000","3,515,600,000","3,016,600,000","3,470,800,000","3,040,400,000","3,123,200,000","2,771,300,000","2,995,900,000","3,164,900,000","3,356,800,000","3,022,600,000","3,268,400,000","3,179,400,000","3,664,500,000","3,256,200,000","3,342,300,000","2,991,700,000","3,120,700,000","2,829,800,000","3,051,500,000","3,211,300,000","3,515,200,000","3,026,700,000","3,152,000,000","3,148,700,000","3,472,000,000","3,133,000,000","3,584,000,000","3,527,000,000","3,377,000,000","3,277,000,000","3,607,000,000","3,167,000,000","3,157,000,000","2,881,000,000","3,071,000,000","3,077,000,000","3,231,000,000","2,810,000,000","2,871,000,000","3,052,000,000","3,353,000,000","2,892,000,000","2,898,000,000","2,948,000,000","3,039,000,000","2,966,000,000","2,811,000,000","2,801,000,000","2,689,000,000","2,520,000,000","2,717,000,000","3,056,000,000","3,460,000,000","2,965,000,000","2,427,000,000","2,862,000,000","2,993,000,000","2,600,000,000","2,647,000,000","2,614,000,000","3,059,000,000","2,565,000,000","2,487,000,000","2,728,000,000","2,683,000,000","2,327,000,000","2,455,000,000","2,758,000,000","3,134,000,000","2,990,000,000","2,733,000,000","2,746,000,000","3,510,000,000","3,247,000,000","3,480,000,000","3,266,000,000","3,128,000,000","14,639,000,000","12,894,000,000","13,919,000,000","17,523,000,000","13,856,000,000","13,564,000,000","3,172,000,000","3,041,000,000","2,863,000,000","1,443,000,000","1,402,000,000","1,538,000,000","1,358,000,000","1,313,000,000","-3,398,600,000","4,211,800,000","2,433,100,000","1,826,700,000","1,413,000,000","1,217,100,000","1,090,600,000","1,115,000,000","1,132,100,000","1,125,100,000","1,115,000,000","1,126,800,000","1,130,300,000","1,180,000,000","1,041,500,000","1,080,400,000","1,054,300,000","1,070,600,000","1,072,200,000","1,158,300,000",,,,,,,,,,,,,,,,,,,,,,,,,,,,,,,,,,
NetIncomeFromContinuingAndDiscontinuedOperation,"2,488,100,000","538,900,000","796,000,000","578,200,000","575,000,000","435,500,000","748,600,000","520,800,000","495,200,000","153,500,000","733,500,000","461,300,000","572,800,000","363,400,000","577,600,000","528,400,000","454,400,000","400,700,000","544,700,000","375,000,000","592,200,000","373,400,000","-765,800,000","502,100,000","501,200,000","469,100,000","519,000,000","430,000,000","629,000,000","191,000,000","493,000,000","390,000,000","560,000,000","346,000,000","433,000,000","338,000,000","363,000,000","21,000,000","487,000,000","362,000,000","389,000,000","584,000,000","656,000,000","352,000,000","354,000,000","177,000,000","556,000,000","136,000,000","345,000,000","239,000,000","444,000,000","321,000,000","361,000,000","153,000,000","374,000,000","281,000,000","573,000,000","231,000,000","407,000,000","259,000,000","271,000,000","181,000,000","265,000,000","175,000,000","381,000,000","93,000,000","387,000,000","221,000,000","355,000,000","298,000,000","530,000,000","100,000,000","278,000,000","-762,000,000","257,000,000","175,000,000","250,000,000","-837,000,000","425,000,000","62,000,000","181,000,000","54,000,000","403,000,000","280,000,000","266,000,000","-222,000,000","403,000,000","-18,000,000","104,000,000","107,000,000","174,000,000","88,000,000","151,000,000","72,200,000","195,400,000","118,100,000","150,600,000","124,900,000","201,800,000","121,100,000","172,600,000","132,400,000","162,300,000","112,700,000","180,000,000","131,400,000","154,200,000","96,500,000","147,900,000","103,500,000","139,800,000","103,800,000","153,000,000","144,700,000","-10,100,000","86,200,000","133,100,000","155,900,000","107,800,000","74,300,000","130,300,000","115,000,000","136,000,000","101,400,000","145,600,000","110,200,000","129,100,000","112,300,000","144,900,000",,,"129,300,000",,,,,,,,,,,,,,,
NormalizedIncome,"2,365,890,182.73","521,234,000","762,039,425.68","548,091,002.316","544,609,755.291","408,928,000","715,604,000","486,570,761.961","466,628,554.824","234,019,000","692,799,222.969","424,508,000","546,043,059.49","392,661,659.436","550,951,600","498,869,191.227","426,540,300","428,711,363.636","519,575,000","358,847,240.378","441,179,261.863","349,121,444.363","576,760,000","478,031,968.179","477,348,598.655","175,772,413.793","489,064,516.129","402,332,805.071","604,461,702.128","165,000,000","471,376,184.032","368,538,593.482","542,112,941.176","276,666,666.667","505,780,882.353","444,679,389.313","350,798,165.138","185,450,000","473,078,321.678","338,602,209.945","361,050,000","551,500,000","506,050,813.008","325,358,925.144","331,250,000","155,174,216.028","532,120,689.655","111,300,000","321,327,868.852","207,342,960.289","420,200,000","299,098,081.023","338,228,782.288","-102,659,090.909","356,159,010.601","258,461,538.462","558,443,418.014","154,897,163.121","396,359,477.124","243,621,917.808","247,346,633.416","141,996,268.657","262,336,683.417","144,508,196.721","306,666,666.667","226,400,000","294,732,620.321","173,177,570.093","237,570,342.205","464,019,851.117","282,915,584.416","117,371,179.039","259,730,263.158","-192,394,618.834","241,770,370.37","160,190,082.645","215,200,000","183,170,758.929","363,620,031.797","33,229,166.667","184,278,985.507","25,578,947.368","392,699,680.511","266,401,766.004","247,087,155.963","-223,800,000","392,633,440.514","-16,800,000","102,131,736.527","107,000,000","171,851,851.852","86,800,000","154,094,262.295","62,114,708.603","199,369,751.693","118,160,347.471","150,094,842.767","114,481,206.03","179,255,585.831","117,493,573.668","169,804,103.672","133,278,899.953","160,007,101.947","112,066,498.033","180,710,186.514","124,874,185.204","150,461,420.672","96,435,321.716","144,762,925.32","97,959,854.015","137,106,358.382","107,861,739.13","148,112,688.554","144,700,000","-10,100,000","86,200,000","133,100,000","155,900,000","107,800,000","74,300,000","130,300,000","115,000,000","136,000,000","101,400,000","145,600,000","110,200,000","129,100,000","112,300,000","144,900,000",,,"129,300,000",,,,,,,,,,,,,,,
InterestIncome,,,,,,,,,,,,,,"300,000","5,400,000","3,800,000","2,100,000","3,300,000","2,400,000","2,300,000","8,000,000","9,800,000","2,000,000","2,400,000","2,100,000","1,900,000","2,000,000","3,000,000","1,000,000","2,000,000","1,000,000","3,000,000","1,000,000","3,000,000","3,000,000","49,000,000","3,000,000","2,000,000","2,000,000","2,000,000","2,000,000","3,000,000","19,000,000","3,000,000","2,000,000","14,000,000","3,000,000","18,000,000","3,000,000","6,000,000","5,000,000","0","5,000,000",,,,,,,,,,,,,,,,,,,,,,,,,,,,,,,,,,,,,,,,,,,,,,,,,,,,,,,,,,,,,,,,,,,,,,,,,,,,,,,,,,,,,,,,,,,,,,
InterestExpense,"1,199,100,000","303,600,000","303,700,000","301,600,000","290,200,000","288,300,000","291,300,000","294,000,000","292,100,000","290,900,000","275,100,000","250,700,000","255,800,000","251,300,000","256,800,000","242,300,000","234,000,000","227,000,000","223,300,000","222,900,000","221,800,000","210,000,000","225,300,000","224,900,000","217,000,000","214,900,000","221,000,000","224,000,000","223,000,000","223,000,000","221,000,000","221,000,000","220,000,000","221,000,000","225,000,000","228,000,000","232,000,000","291,000,000","233,000,000","235,000,000","229,000,000","210,000,000","242,000,000","239,000,000","242,000,000","249,000,000","251,000,000","249,000,000","250,000,000","247,000,000","248,000,000","245,000,000","238,000,000",,,,,,,,,,,,,,,,,,,,,,,,,,,,,,,,,,,,,,,,,,,,,,,,,,,,,,,,,,,,,,,,,,,,,,,,,,,,,,,,,,,,,,,,,,,,,,
NetInterestIncome,"-1,199,100,000","-303,600,000","-303,700,000","-301,600,000","-290,200,000","-288,300,000","-291,300,000","-294,000,000","-292,100,000","-290,900,000","-275,100,000","-250,700,000","-255,800,000","-251,000,000","-251,400,000","-238,500,000","-231,900,000","-223,700,000","-220,900,000","-220,600,000","-213,800,000","-200,200,000","-223,300,000","-222,500,000","-214,900,000","-213,000,000","-219,000,000","-221,000,000","-222,000,000","-221,000,000","-220,000,000","-218,000,000","-219,000,000","-218,000,000","-222,000,000","-179,000,000","-229,000,000","-289,000,000","-231,000,000","-233,000,000","-227,000,000","-207,000,000","-223,000,000","-236,000,000","-240,000,000","-235,000,000","-248,000,000","-231,000,000","-247,000,000","-241,000,000","-243,000,000","-245,000,000","-233,000,000",,,,,,,,,,,,,,,,,,,,,,,,,,,,,,,,,,,,,,,,,,,,,,,,,,,,,,,,,,,,,,,,,,,,,,,,,,,,,,,,,,,,,,,,,,,,,,
EBIT,"3,711,000,000","756,400,000","1,153,400,000","906,200,000","895,000,000","678,000,000","1,023,600,000","801,900,000","808,300,000","379,000,000","1,034,400,000","638,000,000","855,900,000","620,100,000","737,700,000","825,900,000","774,200,000","781,400,000","1,023,900,000","773,700,000","1,132,200,000","617,100,000","-1,098,600,000","903,700,000","930,600,000","507,800,000","996,000,000","855,000,000","1,163,000,000","541,000,000","960,000,000","804,000,000","1,070,000,000","713,000,000","905,000,000","621,000,000","777,000,000","285,000,000","948,000,000","778,000,000","799,000,000","445,000,000","1,226,000,000","760,000,000","869,000,000","536,000,000","1,063,000,000","450,000,000","799,000,000","524,000,000","898,000,000","714,000,000","780,000,000","617,000,000","731,000,000","581,000,000","1,040,000,000","414,000,000","796,000,000","546,000,000","522,000,000","370,000,000","535,000,000","371,000,000","621,000,000","327,000,000","617,000,000","446,000,000","528,000,000","838,000,000","618,000,000","378,000,000","608,000,000","-59,000,000","599,000,000","422,000,000","600,000,000","471,000,000","783,000,000","273,000,000","520,000,000","260,000,000","862,000,000","672,000,000","674,000,000","388,000,000","880,000,000","305,000,000","303,000,000","263,000,000","376,000,000","285,000,000","381,000,000","197,900,000","426,300,000","304,800,000","343,900,000","290,200,000","366,900,000","291,600,000","377,100,000","314,000,000","359,300,000","285,900,000","391,000,000","295,100,000","343,400,000","263,800,000","335,800,000","228,400,000","314,700,000","276,400,000","329,900,000","1,330,600,000","1,406,300,000","1,210,400,000","1,321,500,000","1,291,900,000","1,282,000,000","1,173,500,000","1,297,200,000","1,272,800,000","1,285,800,000","1,230,600,000","1,257,400,000","1,275,900,000","1,332,800,000","1,259,900,000","1,298,900,000","400,000","1,297,200,000","1,197,200,000","1,263,000,000","1,232,000,000","1,286,900,000","1,102,600,000","1,219,300,000","1,149,500,000","1,260,900,000","1,143,700,000","1,233,400,000","1,198,600,000","1,210,000,000","1,154,600,000","1,280,000,000","1,200,700,000","1,176,000,000"
EBITDA,"6,757,400,000"
ReconciledCostOfRevenue,"6,367,400,000","1,587,000,000","1,663,700,000","1,336,600,000","1,780,100,000","1,176,500,000","1,416,400,000","1,186,100,000","1,377,100,000","1,306,200,000","1,657,300,000","1,469,300,000","1,661,600,000","1,630,900,000","1,910,500,000","1,615,500,000","1,763,200,000","1,547,200,000","1,660,300,000","1,444,000,000","1,672,500,000","1,724,000,000","1,903,900,000","1,566,300,000","1,645,200,000","1,635,500,000","1,980,000,000","1,662,000,000","2,045,000,000","1,885,000,000","1,815,000,000","1,815,000,000","2,060,000,000","1,659,000,000","1,764,000,000","1,523,000,000","1,661,000,000","2,267,000,000","1,507,000,000","1,206,000,000","1,279,000,000","1,212,000,000","1,665,000,000","1,267,000,000","1,331,000,000","1,193,000,000","1,392,000,000","1,083,000,000","1,222,000,000","1,085,000,000","1,162,000,000","997,000,000","1,224,000,000","1,131,000,000","1,919,000,000","1,396,000,000","1,221,000,000","1,202,000,000","1,442,000,000","1,142,000,000","1,116,000,000","1,025,000,000","1,371,000,000","1,100,000,000","1,127,000,000","1,343,000,000","1,113,000,000","864,000,000","1,232,000,000","1,877,000,000","1,685,000,000","1,432,000,000","1,446,000,000","952,000,000","1,853,000,000","1,753,000,000","2,014,000,000","1,579,000,000","1,845,000,000","12,726,000,000","11,304,000,000","12,402,000,000","15,933,000,000","12,262,000,000","12,086,000,000","1,140,000,000","1,133,000,000","663,000,000","470,000,000","500,000,000","631,000,000","494,000,000","491,000,000","-4,169,300,000","3,445,600,000","1,730,800,000","1,146,500,000","694,000,000","522,800,000","391,900,000","434,700,000","424,400,000","416,500,000","404,900,000","441,000,000","400,000,000","456,500,000","357,100,000","412,000,000","385,700,000","427,100,000","430,800,000","501,600,000",,,,,,,,,,,,,,,,,,,,,,,,,,,,,,,,,,
ReconciledDepreciation,"3,046,400,000","779,800,000","755,800,000","759,000,000","751,800,000","843,300,000","666,200,000","701,700,000","695,600,000","794,900,000","670,700,000","643,600,000","630,900,000","622,300,000","633,800,000","577,200,000","567,100,000","535,600,000","551,700,000","522,000,000","517,000,000","431,000,000","575,800,000","546,500,000","537,600,000","524,700,000","553,000,000","534,000,000","543,000,000","518,000,000","542,000,000","484,000,000","529,000,000","463,000,000","485,000,000","472,000,000","454,000,000","565,000,000","470,000,000","426,000,000","457,000,000","534,000,000","445,000,000","410,000,000","403,000,000","430,000,000","468,000,000","444,000,000","438,000,000","419,000,000","437,000,000","422,000,000","382,000,000","448,000,000","342,000,000","396,000,000","385,000,000","386,000,000","396,000,000","389,000,000","407,000,000","414,000,000","389,000,000","373,000,000","341,000,000","219,000,000","420,000,000","417,000,000","245,000,000","232,000,000","428,000,000","410,000,000","227,000,000","235,000,000","431,000,000","356,000,000","315,000,000","363,000,000","315,000,000","403,000,000","362,000,000","227,000,000","415,000,000","459,000,000","352,000,000","203,000,000","379,000,000","570,000,000","195,000,000",,,,,,,,,,,,,,,,,,,,,,,,,,,,,,,,,,,,,,,,,,,,,,,,,,,,,,,,,,
NetIncomeFromContinuingOperationNetMinorityInterest,"2,488,100,000","538,900,000","796,000,000","578,200,000","575,000,000","435,500,000","748,600,000","520,800,000","495,200,000","153,500,000","733,500,000","461,300,000","572,800,000","363,400,000","577,600,000","528,400,000","454,400,000","400,700,000","544,700,000","375,000,000","592,200,000","373,400,000","-765,800,000","504,600,000","501,200,000","203,400,000","511,000,000","430,000,000","629,000,000","191,000,000","493,000,000","390,000,000","560,000,000","346,000,000","433,000,000","338,000,000","363,000,000","21,000,000","487,000,000","362,000,000","389,000,000","584,000,000","656,000,000","352,000,000","354,000,000","177,000,000","556,000,000","136,000,000","345,000,000","239,000,000","444,000,000","321,000,000","361,000,000","141,000,000","374,000,000","280,000,000","573,000,000","209,000,000","407,000,000","257,000,000","271,000,000","177,000,000","265,000,000","172,000,000","378,000,000","92,000,000","365,000,000","218,000,000","354,000,000","275,000,000","412,000,000","151,000,000","291,000,000","-173,000,000","257,000,000","182,000,000","259,000,000","-681,000,000","387,000,000","58,000,000","181,000,000","54,000,000","403,000,000","280,000,000","266,000,000","-222,000,000","403,000,000","-18,000,000","104,000,000","107,000,000","174,000,000","88,000,000","151,000,000","72,200,000","195,400,000","118,100,000","150,600,000","124,900,000","201,800,000","121,100,000","172,600,000","132,400,000","162,300,000","112,700,000","180,000,000","131,400,000","154,200,000","96,500,000","147,900,000","103,500,000","139,800,000","103,800,000","153,000,000","144,700,000","-10,100,000","86,200,000","133,100,000","155,900,000","107,800,000","74,300,000","130,300,000","115,000,000","136,000,000","101,400,000","145,600,000","110,200,000","129,100,000","112,300,000","144,900,000",,,"129,300,000",,,,,,,,,,,,,,,
TotalUnusualItemsExcludingGoodwill,"128,100,000","24,200,000","37,000,000","33,500,000","33,400,000","36,400,000","45,200,000","35,100,000","31,400,000","-110,300,000","43,000,000","50,400,000","28,900,000","-31,100,000","31,800,000","33,700,000","34,100,000","-40,600,000","37,500,000","24,700,000","242,400,000","28,500,000","-2,237,600,000","35,100,000","35,600,000","40,400,000","34,000,000","43,000,000","38,000,000","40,000,000","34,000,000","34,000,000","28,000,000","104,000,000","-117,000,000","-129,000,000","19,000,000","-253,000,000","21,000,000","35,000,000","43,000,000","50,000,000","227,000,000","40,000,000","35,000,000","36,000,000","35,000,000","38,000,000","38,000,000","37,000,000","35,000,000","32,000,000","34,000,000","302,000,000","27,000,000","31,000,000","22,000,000","73,000,000","16,000,000","19,000,000","35,000,000","53,000,000","4,000,000","39,000,000","107,000,000","-224,000,000","108,000,000","66,000,000","173,000,000","-277,000,000","193,000,000","51,000,000","49,000,000","25,000,000","24,000,000","29,000,000","73,000,000","-1,137,000,000","38,000,000","41,000,000","-5,000,000","30,000,000","16,000,000","22,000,000","31,000,000","3,000,000","16,000,000","-2,000,000","3,000,000",,"3,000,000","2,000,000","-5,000,000","15,100,000","-6,300,000","-100,000","800,000","16,600,000","32,800,000","5,700,000","4,500,000","-1,400,000","3,700,000","1,000,000","-1,100,000","9,600,000","5,700,000","100,000","4,800,000","6,600,000","4,000,000","-6,300,000","7,200,000",,,,,,,,,,,,,,,,,,,,,,,,,,,,,,,,,,
TotalUnusualItems,"128,100,000","24,200,000","37,000,000","33,500,000","33,400,000","36,400,000","45,200,000","35,100,000","31,400,000","-110,300,000","43,000,000","50,400,000","28,900,000","-31,100,000","31,800,000","33,700,000","34,100,000","-40,600,000","37,500,000","24,700,000","242,400,000","28,500,000","-2,237,600,000","35,100,000","35,600,000","40,400,000","34,000,000","43,000,000","38,000,000","40,000,000","34,000,000","34,000,000","28,000,000","104,000,000","-117,000,000","-129,000,000","19,000,000","-253,000,000","21,000,000","35,000,000","43,000,000","50,000,000","227,000,000","40,000,000","35,000,000","36,000,000","35,000,000","38,000,000","38,000,000","37,000,000","35,000,000","32,000,000","34,000,000","302,000,000","27,000,000","31,000,000","22,000,000","73,000,000","16,000,000","19,000,000","35,000,000","53,000,000","4,000,000","39,000,000","107,000,000","-224,000,000","108,000,000","66,000,000","173,000,000","-277,000,000","193,000,000","51,000,000","49,000,000","25,000,000","24,000,000","29,000,000","73,000,000","-1,137,000,000","38,000,000","41,000,000","-5,000,000","30,000,000","16,000,000","22,000,000","31,000,000","3,000,000","16,000,000","-2,000,000","3,000,000",,"3,000,000","2,000,000","-5,000,000","15,100,000","-6,300,000","-100,000","800,000","16,600,000","32,800,000","5,700,000","4,500,000","-1,400,000","3,700,000","1,000,000","-1,100,000","9,600,000","5,700,000","100,000","4,800,000","6,600,000","4,000,000","-6,300,000","7,200,000",,,,,,,,,,,,,,,,,,,,,,,,,,,,,,,,,,
NormalizedEBITDA,"6,629,300,000","1,512,000,000","1,872,200,000","1,631,700,000","1,613,400,000","1,484,900,000","1,644,600,000","1,468,500,000","1,472,500,000","1,284,200,000","1,662,100,000","1,231,200,000","1,457,900,000","1,273,500,000","1,339,700,000","1,369,400,000","1,307,200,000","1,357,600,000","1,538,100,000","1,271,000,000","1,406,800,000","1,019,600,000","1,714,800,000","1,415,100,000","1,432,600,000","992,100,000","1,515,000,000","1,346,000,000","1,668,000,000","1,019,000,000","1,468,000,000","1,254,000,000","1,571,000,000","1,072,000,000","1,507,000,000","1,222,000,000","1,212,000,000","1,103,000,000","1,397,000,000","1,203,000,000","1,213,000,000","929,000,000","1,444,000,000","1,130,000,000","1,237,000,000","930,000,000","1,496,000,000","856,000,000","1,199,000,000","906,000,000","1,300,000,000","1,104,000,000","1,128,000,000","763,000,000","1,091,000,000","946,000,000","1,403,000,000","727,000,000","1,176,000,000","916,000,000","894,000,000","731,000,000","920,000,000","705,000,000","855,000,000","881,000,000","929,000,000","797,000,000","682,000,000","1,443,000,000","853,000,000","737,000,000","876,000,000","230,000,000","1,006,000,000","749,000,000","842,000,000","1,971,000,000","1,111,000,000","635,000,000","887,000,000","583,000,000","1,261,000,000","1,109,000,000","995,000,000","643,000,000","1,243,000,000","877,000,000","495,000,000","263,000,000","615,000,000","539,000,000","558,000,000","207,200,000","655,600,000","538,300,000","496,700,000","281,600,000","552,300,000","526,900,000","525,600,000","349,100,000","580,300,000","510,500,000","554,300,000","324,400,000","536,300,000","496,000,000","492,700,000","265,400,000","489,600,000","487,100,000","457,000,000","1,330,600,000","1,406,300,000","1,210,400,000","1,321,500,000","1,291,900,000","1,282,000,000","1,173,500,000","1,297,200,000","1,272,800,000","1,285,800,000","1,230,600,000","1,257,400,000","1,275,900,000","1,332,800,000","1,259,900,000","1,298,900,000","400,000","1,297,200,000","1,197,200,000","1,263,000,000","1,232,000,000","1,286,900,000","1,102,600,000","1,219,300,000","1,149,500,000","1,260,900,000","1,143,700,000","1,233,400,000","1,198,600,000","1,210,000,000","1,154,600,000","1,280,000,000","1,200,700,000","1,176,000,000"
TaxRateForCalcs,"0.046","0.27","0.082","0.101","0.09","0.27","0.27","0.025","0.09","0.27","0.053","0.27","0.074","0.059","0.162","0.124","0.183","0.31","0.33","0.346","0.377","0.148","0.4","0.243","0.33","0.316","0.355","0.357","0.354","0.35","0.364","0.369","0.361","0.333","0.378","0.173","0.358","0.35","0.337","0.331","0.35","0.35","0.339","0.334","0.35","0.394","0.318","0.35","0.377","0.144","0.32","0.316","0.33","0.193","0.339","0.305","0.338","0.259","0.335","0.296","0.324","0.34","0.334","0.295","0.333","0.4","0.349","0.321","0.327","0.318","0.331","0.341","0.362","0.224","0.365","0.248","0.4","0.24","0.385","0.396","0.344","0.053","0.356","0.382","0.39","0.4","0.352","0.4","0.377","0.241","0.284","0.4","0.381","0.332","0.37","0.397","0.369","0.372","0.313","0.367","0.379","0.372","0.38","0.366","0.354","0.32","0.344","0.353","0.346","0.161","0.327","0.355","0.321","0.4","0.4","0.4","0.4","0.4","0.4","0.4","0.4","0.4","0.4","0.4","0.4","0.4","0.4","0.4","0.4",,,"0.4",,,,,,,,,,,,,,,
TaxEffectOfUnusualItems,"5,890,182.73","6,534,000","3,039,425.68","3,391,002.316","3,009,755.291","9,828,000","12,204,000","870,761.961","2,828,554.824","-29,781,000","2,299,222.969","13,608,000","2,143,059.49","-1,838,340.564","5,151,600","4,169,191.227","6,240,300","-12,588,636.364","12,375,000","8,547,240.378","91,379,261.863","4,221,444.363","-895,040,000","8,531,968.179","11,748,598.655","12,772,413.793","12,064,516.129","15,332,805.071","13,461,702.128","14,000,000","12,376,184.032","12,538,593.482","10,112,941.176","34,666,666.667","-44,219,117.647","-22,320,610.687","6,798,165.138","-88,550,000","7,078,321.678","11,602,209.945","15,050,000","17,500,000","77,050,813.008","13,358,925.144","12,250,000","14,174,216.028","11,120,689.655","13,300,000","14,327,868.852","5,342,960.289","11,200,000","10,098,081.023","11,228,782.288","58,340,909.091","9,159,010.601","9,461,538.462","7,443,418.014","18,897,163.121","5,359,477.124","5,621,917.808","11,346,633.416","17,996,268.657","1,336,683.417","11,508,196.721","35,666,666.667","-89,600,000","37,732,620.321","21,177,570.093","56,570,342.205","-87,980,148.883","63,915,584.416","17,371,179.039","17,730,263.158","5,605,381.166","8,770,370.37","7,190,082.645","29,200,000","-272,829,241.071","14,620,031.797","16,229,166.667","-1,721,014.493","1,578,947.368","5,699,680.511","8,401,766.004","12,087,155.963","1,200,000","5,633,440.514","-800,000","1,131,736.527","0","851,851.852","800,000","-1,905,737.705","5,014,708.603","-2,330,248.307","-39,652.529","294,842.767","6,181,206.03","10,255,585.831","2,093,573.668","1,704,103.672","-521,100.047","1,407,101.947","366,498.033","-389,813.486","3,074,185.204","1,961,420.672","35,321.716","1,662,925.32","1,059,854.015","1,306,358.382","-2,238,260.87","2,312,688.554","0","0","0","0","0","0","0","0","0","0","0","0","0","0","0","0",,,"0",,,,,,,,,,,,,,,