name,ttm,12/31/2021,09/30/2021,06/30/2021,03/31/2021,12/31/2020,09/30/2020,06/30/2020,03/31/2020,12/31/2019,09/30/2019,06/30/2019,03/31/2019,12/31/2018,09/30/2018,06/30/2018,03/31/2018,12/31/2017,09/30/2017,06/30/2017,03/31/2017,12/31/2016,09/30/2016,06/30/2016,03/31/2016,12/31/2015,09/30/2015,06/30/2015,03/31/2015,12/31/2014,09/30/2014,06/30/2014,03/31/2014,12/31/2013,09/30/2013,06/30/2013,03/31/2013,12/31/2012,09/30/2012,06/30/2012,03/31/2012,12/31/2011,09/30/2011,06/30/2011,03/31/2011,12/31/2010,09/30/2010,06/30/2010,03/31/2010,12/31/2009,09/30/2009,06/30/2009,03/31/2009,12/31/2008,09/30/2008,06/30/2008,03/31/2008,12/31/2007,09/30/2007,06/30/2007,03/31/2007,12/31/2006,09/30/2006,06/30/2006,03/31/2006,12/31/2005,09/30/2005,06/30/2005,03/31/2005,12/31/2004,09/30/2004,06/30/2004,03/31/2004,12/31/2003,09/30/2003,06/30/2003,03/31/2003,12/31/2002,09/30/2002,06/30/2002,03/31/2002,12/31/2001,09/30/2001,06/30/2001,03/31/2001,12/31/2000,09/30/2000,06/30/2000,03/31/2000,12/31/1999,09/30/1999,06/30/1999,03/31/1999,12/31/1998,09/30/1998,06/30/1998,03/31/1998,12/31/1997,09/30/1997,06/30/1997,03/31/1997,12/31/1996,09/30/1996,06/30/1996,03/31/1996,12/31/1995,09/30/1995,06/30/1995,03/31/1995,12/31/1994,09/30/1994,06/30/1994,03/31/1994,12/31/1993,09/30/1993,06/30/1993,03/31/1993,12/31/1992,09/30/1992,06/30/1992,03/31/1992,12/31/1991,09/30/1991,06/30/1991,03/31/1991,12/31/1990,09/30/1990,06/30/1990,03/31/1990,12/31/1989,09/30/1989,06/30/1989,03/31/1989,12/31/1988,09/30/1988,06/30/1988,03/31/1988,12/31/1987,09/30/1987,06/30/1987,03/31/1987,12/31/1986,09/30/1986,06/30/1986,03/31/1986,12/31/1985,09/30/1985
TotalRevenue,"8,190,500,000","1,962,800,000","2,133,900,000","1,932,900,000","2,160,900,000","1,714,000,000","1,845,700,000","1,583,000,000","1,866,700,000","1,708,400,000","1,821,900,000","1,655,900,000","1,933,500,000","1,657,400,000","1,778,500,000","1,660,400,000","1,837,700,000","1,599,000,000","1,584,500,000","1,563,400,000","1,412,700,000","1,385,000,000","1,482,300,000","1,427,100,000","1,300,400,000","1,334,900,000","1,454,800,000","1,371,400,000","1,231,300,000","1,245,400,000","1,286,800,000","1,179,300,000","915,000,000","890,200,000","835,800,000","779,500,000","674,100,000","673,200,000","650,400,000","649,900,000","546,800,000","578,400,000","562,800,000","546,100,000","447,400,000","459,100,000","463,200,000","459,500,000","482,400,000","435,100,000","439,500,000","453,600,000","401,100,000","378,300,000","428,200,000","428,900,000","375,800,000","370,200,000","424,100,000","440,800,000","388,200,000","414,700,000","421,200,000","370,600,000","327,500,000","376,100,000","389,900,000","371,100,000","348,900,000","386,900,000","373,000,000","378,900,000","341,500,000","365,500,000","345,000,000","299,000,000","254,000,000","306,782,000","279,520,000","248,644,000","249,162,000","253,956,000","233,297,000","209,092,000","198,812,000","201,627,000","181,265,000","150,880,000","146,282,000","188,600,000","154,600,000","130,500,000","130,500,000","154,400,000","139,000,000","115,500,000","113,200,000","122,500,000","120,800,000","106,600,000","105,100,000","119,600,000","121,700,000","102,600,000","100,700,000","110,900,000","110,600,000","91,200,000","90,500,000","88,300,000","96,700,000","79,300,000","79,300,000","68,000,000","89,100,000","73,600,000","66,800,000","77,200,000","72,400,000","60,400,000","58,300,000","62,600,000","59,200,000","52,000,000","49,100,000","51,900,000","54,800,000","43,700,000","45,700,000","46,700,000","47,500,000","38,500,000","40,500,000","38,100,000","44,300,000","33,100,000","36,800,000","20,800,000","39,700,000","29,300,000","31,600,000","18,400,000","33,800,000","20,400,000","24,500,000","21,900,000","23,100,000"
	OperatingRevenue,"7,620,300,000","1,830,000,000","1,996,300,000","1,797,100,000","1,996,900,000","1,586,100,000","1,715,500,000","1,462,700,000","1,724,900,000","1,585,800,000","1,710,000,000","1,546,400,000","1,795,700,000","1,561,200,000","1,670,700,000","1,548,400,000","1,713,100,000","1,535,500,000","1,530,500,000","1,491,100,000","1,323,600,000","1,332,800,000","1,430,800,000","1,362,400,000","1,209,300,000","1,288,700,000","1,376,500,000","1,310,900,000","1,159,900,000","1,202,800,000","1,249,800,000","1,123,100,000","836,400,000","858,200,000","806,600,000","743,600,000","624,800,000","647,200,000","625,300,000","621,800,000","510,600,000","565,300,000","536,500,000","524,600,000","416,600,000","368,000,000","459,900,000","455,700,000","412,600,000","-256,500,000","436,200,000","448,400,000","394,100,000","378,300,000","428,200,000","428,900,000","375,800,000","465,900,000","404,700,000","407,400,000","352,800,000","378,700,000","382,600,000","361,600,000","314,900,000","242,800,000","389,900,000","331,000,000","312,900,000","386,900,000","373,000,000","314,400,000","289,700,000","365,500,000","345,000,000","299,000,000","254,000,000","291,195,000","279,520,000","248,644,000","232,978,000","240,397,000","220,602,000","207,326,000","196,001,000","201,627,000","181,265,000","150,880,000","146,282,000","188,600,000","154,600,000","130,500,000","130,500,000","154,400,000","139,000,000","115,500,000","113,200,000","122,500,000","120,800,000","106,600,000","105,100,000","119,600,000","121,700,000","102,600,000","100,700,000","110,900,000","110,600,000","91,200,000","90,500,000","88,300,000","96,700,000","79,300,000","79,300,000","68,000,000","89,100,000","73,600,000","66,800,000","77,200,000","72,400,000","60,400,000","58,300,000","62,600,000","59,200,000","52,000,000","49,100,000","51,900,000","54,800,000","43,700,000","45,700,000","46,700,000","47,500,000","38,500,000","40,500,000","38,100,000","44,300,000","33,100,000","36,800,000","20,800,000","39,700,000","29,300,000","31,600,000","18,400,000","33,800,000","20,400,000","24,500,000","21,900,000","23,100,000"
CostOfRevenue,"5,233,700,000","1,274,800,000","1,399,200,000","1,242,600,000","1,317,100,000","1,137,500,000","1,234,300,000","1,009,200,000","1,119,300,000","1,176,100,000","1,270,800,000","1,131,300,000","1,252,700,000","1,228,400,000","1,311,800,000","1,201,900,000","1,241,800,000","1,159,400,000","1,131,500,000","1,072,800,000","1,024,500,000","988,700,000","1,076,300,000","956,000,000","926,500,000","950,200,000","1,023,800,000","921,900,000","884,500,000","897,900,000","890,800,000","800,500,000","637,300,000","628,800,000","559,400,000","492,100,000","442,000,000","448,200,000","401,600,000","393,100,000","362,100,000","384,000,000","342,500,000","336,500,000","295,100,000","864,100,000","84,800,000","87,400,000","145,200,000","87,800,000","80,700,000","78,100,000","77,700,000","118,100,000","99,900,000","87,900,000","237,200,000","174,600,000","89,700,000","90,100,000","82,600,000","91,400,000","80,900,000","76,500,000","73,600,000","103,000,000","75,700,000","74,100,000","69,500,000","72,300,000","69,900,000","68,300,000","67,000,000","72,200,000","64,300,000","63,500,000","63,000,000","86,486,000","78,335,000","72,004,000","67,295,000","73,760,000","68,176,000","71,051,000","63,573,000","65,318,000","52,151,000","46,898,000","43,125,000","174,100,000","42,700,000","42,500,000","37,700,000","53,000,000","38,300,000","36,800,000","34,900,000","40,100,000","36,000,000","36,500,000","33,700,000","38,400,000","33,700,000","32,100,000","30,700,000","32,200,000","30,600,000","29,200,000","28,300,000","28,100,000","26,700,000","24,600,000","25,700,000","25,200,000","25,500,000","24,300,000","21,200,000","23,800,000","23,500,000","21,700,000",,,,,,,,,,,,,,,,,,,,,,,,,,,
GrossProfit,"2,956,800,000","688,000,000","734,700,000","690,300,000","843,800,000","576,500,000","611,400,000","573,800,000","747,400,000","532,300,000","551,100,000","524,600,000","680,800,000","429,000,000","466,700,000","458,500,000","595,900,000","439,600,000","453,000,000","490,600,000","388,200,000","396,300,000","406,000,000","471,100,000","373,900,000","384,700,000","431,000,000","449,500,000","346,800,000","347,500,000","396,000,000","378,800,000","277,700,000","261,400,000","276,400,000","287,400,000","232,100,000","225,000,000","248,800,000","256,800,000","184,700,000","194,400,000","220,300,000","209,600,000","152,300,000","-405,000,000","378,400,000","372,100,000","337,200,000","347,300,000","358,800,000","375,500,000","323,400,000","260,200,000","328,300,000","341,000,000","138,600,000","195,600,000","334,400,000","350,700,000","305,600,000","323,300,000","340,300,000","294,100,000","253,900,000","273,100,000","314,200,000","297,000,000","279,400,000","314,600,000","303,100,000","310,600,000","274,500,000","293,300,000","280,700,000","235,500,000","191,000,000","220,296,000","201,185,000","176,640,000","181,867,000","180,196,000","165,121,000","138,041,000","135,239,000","136,309,000","129,114,000","103,982,000","103,157,000","14,500,000","111,900,000","88,000,000","92,800,000","101,400,000","100,700,000","78,700,000","78,300,000","82,400,000","84,800,000","70,100,000","71,400,000","81,200,000","88,000,000","70,500,000","70,000,000","78,700,000","80,000,000","62,000,000","62,200,000","60,200,000","70,000,000","54,700,000","53,600,000","42,800,000","63,600,000","49,300,000","45,600,000","53,400,000","48,900,000","38,700,000",,,,,,,,,,,,,,,,,,,,,,,,,,,
OperatingExpense,"1,638,700,000","466,800,000","396,900,000","398,600,000","376,400,000","364,300,000","337,100,000","337,400,000","430,100,000","409,900,000","387,300,000","372,700,000","373,000,000","346,900,000","333,900,000","327,000,000","314,900,000","322,900,000","314,300,000","306,900,000","294,200,000","288,300,000","278,500,000","293,200,000","288,500,000","315,800,000","290,000,000","289,400,000","279,700,000","294,600,000","277,900,000","243,500,000","210,100,000","198,000,000","178,200,000","180,600,000","174,200,000","166,300,000","158,100,000","160,100,000","139,100,000","136,800,000","143,300,000","135,600,000","118,500,000","-439,800,000","303,300,000","300,400,000","283,800,000","308,000,000","287,700,000","293,000,000","272,600,000","268,300,000","271,800,000","264,400,000","103,700,000","224,500,000","253,300,000","253,300,000","239,100,000","260,700,000","234,900,000","232,300,000","218,400,000","322,600,000","215,200,000","203,400,000","207,200,000","81,600,000","232,500,000","250,600,000","224,000,000","226,600,000","214,300,000","185,200,000","175,000,000","165,591,000","156,552,000","153,722,000","133,062,000","141,099,000","114,843,000","109,443,000","105,912,000","116,037,000","98,997,000","88,864,000","85,830,000","-33,400,000","81,200,000","78,600,000","77,000,000","81,100,000","73,300,000","70,000,000","68,800,000","70,300,000","66,200,000","60,700,000","63,800,000","64,300,000","62,500,000","59,800,000","57,600,000","58,800,000","56,400,000","53,200,000","52,500,000","52,400,000","49,000,000","47,600,000","47,300,000","43,500,000","44,300,000","37,500,000","38,900,000","40,300,000","34,700,000","33,000,000","52,800,000","53,100,000","48,900,000","50,200,000","44,400,000","43,700,000","42,200,000","40,400,000","40,600,000",,,,,,,,,,,,,,,,,,
	SellingGeneralAndAdministration,,,,,,,,,,,,,,,,,,,,,,,,,,,,,,,,,,,,,,,"121,600,000","123,700,000","108,300,000","102,900,000","113,900,000","108,200,000","295,100,000","-463,900,000","280,500,000","275,800,000","262,200,000","285,600,000","266,200,000","271,400,000","252,500,000","246,800,000","253,600,000","246,200,000","87,900,000","211,400,000","238,500,000","238,100,000","223,600,000","245,000,000","220,100,000","219,300,000","205,500,000","310,500,000","202,000,000","189,100,000","193,200,000","68,100,000","219,500,000","235,600,000","212,200,000","215,000,000","203,500,000","175,800,000","168,000,000","157,205,000","147,637,000","145,333,000","126,322,000","141,099,000","114,843,000","109,443,000","105,912,000","112,114,000","94,441,000","84,791,000","82,066,000","-38,000,000","77,400,000","75,000,000","73,700,000","77,900,000","70,500,000","67,200,000","65,900,000","67,200,000","63,500,000","58,000,000","61,200,000","61,800,000","60,000,000","57,200,000","55,400,000","56,800,000","54,200,000","51,400,000","50,500,000","50,500,000","47,200,000","45,800,000","45,500,000","41,800,000","42,700,000","36,000,000","37,400,000","39,000,000","34,700,000","33,000,000",,,,,,,,,,,,,,,,,,,,,,,,,,,
		GeneralAndAdministrativeExpense,,,,,,,,,,,,,,,,,,,,,,,,,,,,,,,,,,,,,,,"373,900,000","364,100,000","344,400,000",,"341,800,000","324,800,000","295,100,000",,"280,500,000","275,800,000","262,200,000","285,600,000","266,200,000","271,400,000","252,500,000",,,,,,,,,,,,,,,,,,,,,,,,,,,,,,,,,,,,,,,,,,,,,,,,,,,,,,,,,,,,,,,,,,,,,,,,,,,,,,,,,,,,,,,,,,,,,,
			SalariesAndWages,,,,,,,,,,,,,,,,,,,,,,,,,,,,,,,,,,,,,,,"373,900,000","364,100,000","344,400,000",,"341,800,000","324,800,000","295,100,000",,"280,500,000","275,800,000","262,200,000","281,000,000","260,200,000","269,400,000","250,400,000",,,,,,,,,,,,,,,,,,,,,,,,,,,,,,,,,,,,,,,,,,,,,,,,,,,,,,,,,,,,,,,,,,,,,,,,,,,,,,,,,,,,,,,,,,,,,,
			OtherGandA,,,,,,,,,,,,,,,,,,,,,,,,,,,,,,,,,,,,,,,,,,,,,,,,,,"4,600,000","6,000,000","2,000,000","2,100,000",,,,,,,,,,,,,,,,,,,,,,,,,,,,,,,,,,,,,,,,,,,,,,,,,,,,,,,,,,,,,,,,,,,,,,,,,,,,,,,,,,,,,,,,,,,,,,
	DepreciationAmortizationDepletionIncomeStatement,"566,300,000","146,500,000","131,300,000","145,200,000","143,300,000","133,500,000","133,900,000","122,600,000","172,400,000","129,600,000","119,300,000","115,000,000","110,500,000","109,800,000","106,200,000","104,200,000","98,800,000","96,600,000","100,100,000","95,300,000","93,800,000","89,300,000","88,900,000","88,600,000","84,000,000","93,800,000","81,900,000","82,300,000","76,200,000","73,600,000","72,900,000","59,500,000","52,900,000","50,300,000","45,100,000","42,800,000","40,400,000","36,700,000","36,500,000","36,400,000","30,800,000","33,900,000","29,400,000","27,400,000","24,500,000","24,100,000","22,800,000","24,600,000","21,600,000","22,400,000","21,500,000","21,600,000","20,100,000","21,500,000","18,200,000","18,200,000","15,800,000","13,100,000","14,800,000","15,200,000","15,500,000","15,700,000","14,800,000","13,000,000","12,900,000","12,100,000","13,200,000","14,300,000","14,000,000","13,500,000","13,000,000","15,000,000","11,800,000","11,600,000","10,800,000","9,400,000","7,000,000","8,386,000","8,915,000","8,389,000","6,740,000",,,,,"3,923,000","4,556,000","4,073,000","3,764,000","4,600,000","3,800,000","3,600,000","3,300,000","3,200,000","2,800,000","2,800,000","2,900,000","3,100,000","2,700,000","2,700,000","2,600,000","2,500,000","2,500,000","2,600,000","2,200,000","2,000,000","2,200,000","1,800,000","2,000,000","1,900,000","1,800,000","1,800,000","1,800,000","1,700,000","1,600,000","1,500,000","1,500,000","1,300,000",,,,,,,,,,,,,,,,,,,,,,,,,,,,,
		DepreciationAndAmortizationInIncomeStatement,"566,300,000","146,500,000","131,300,000","145,200,000","143,300,000","133,500,000","133,900,000","122,600,000","172,400,000","129,600,000","119,300,000","115,000,000","110,500,000","109,800,000","106,200,000","104,200,000","98,800,000","96,600,000","100,100,000","95,300,000","93,800,000","89,300,000","88,900,000","88,600,000","84,000,000","93,800,000","81,900,000","82,300,000","76,200,000","73,600,000","72,900,000","59,500,000","52,900,000","50,300,000","45,100,000","42,800,000","40,400,000","36,700,000","36,500,000","36,400,000","30,800,000","33,900,000","29,400,000","27,400,000","24,500,000","24,100,000","22,800,000","24,600,000","21,600,000","22,400,000","21,500,000","21,600,000","20,100,000","21,500,000","18,200,000","18,200,000","15,800,000","13,100,000","14,800,000","15,200,000","15,500,000","15,700,000","14,800,000","13,000,000","12,900,000","12,100,000","13,200,000","14,300,000","14,000,000","13,500,000","13,000,000","15,000,000","11,800,000","11,600,000","10,800,000","9,400,000","7,000,000","8,386,000","8,915,000","8,389,000","6,740,000",,,,,"3,923,000","4,556,000","4,073,000","3,764,000","4,600,000","3,800,000","3,600,000","3,300,000","3,200,000","2,800,000","2,800,000","2,900,000","3,100,000","2,700,000","2,700,000","2,600,000","2,500,000","2,500,000","2,600,000","2,200,000","2,000,000","2,200,000","1,800,000","2,000,000","1,900,000","1,800,000","1,800,000","1,800,000","1,700,000","1,600,000","1,500,000","1,500,000","1,300,000",,,,,,,,,,,,,,,,,,,,,,,,,,,,,
			DepreciationIncomeStatement,"151,200,000","37,500,000","38,400,000","37,200,000","38,100,000","37,400,000","36,500,000","34,400,000","36,800,000","36,000,000","35,100,000","35,300,000","34,000,000","33,000,000","33,400,000","30,800,000","30,600,000","30,900,000","30,500,000","30,200,000","29,500,000","27,200,000","25,700,000","26,000,000","24,700,000","25,800,000","23,800,000","22,800,000","21,500,000","19,400,000","18,600,000","16,600,000","14,800,000","15,200,000","14,300,000","13,100,000","10,800,000","10,800,000","10,700,000","10,200,000","9,700,000","9,300,000","9,400,000","9,100,000","8,100,000","8,300,000","8,300,000","8,000,000","7,700,000","7,700,000","7,700,000","7,500,000","7,700,000","7,200,000","8,000,000","7,900,000","6,900,000","7,300,000","7,000,000","7,300,000","7,700,000","8,000,000","8,900,000","7,500,000","7,400,000","7,100,000","8,100,000","9,000,000","8,700,000","8,500,000","8,700,000","9,000,000","8,600,000","8,500,000","8,300,000","7,200,000","5,000,000","7,167,000","6,918,000",,,,,,,,,,,,,,,,,,,,,,,,,,,,,,,,,,,,,,,,,,,,,,,,,,,,,,,,,,,,,,,,,,,,
			Amortization,"415,100,000","109,000,000","92,900,000","108,000,000","105,200,000","96,100,000","97,400,000","88,200,000","135,600,000","93,600,000","84,200,000","79,700,000","76,500,000","76,800,000","72,800,000","73,400,000","68,200,000","65,700,000","69,600,000","65,100,000","64,300,000","62,100,000","63,200,000","62,600,000","59,300,000","68,000,000","58,100,000","59,500,000","54,700,000","54,200,000","54,300,000","42,900,000","38,100,000","35,100,000","30,800,000","29,700,000","29,600,000","25,900,000","25,800,000","26,200,000","21,100,000","24,600,000","20,000,000","18,300,000","16,400,000","15,800,000","14,500,000","16,600,000","13,900,000","14,700,000","13,800,000","14,100,000","12,400,000","14,300,000","10,200,000","10,300,000","8,900,000","5,800,000","7,800,000","7,900,000","7,800,000","7,700,000","5,900,000","5,500,000","5,500,000","5,000,000","5,100,000","5,300,000","5,300,000","5,000,000","4,300,000","6,000,000","3,200,000","3,100,000","2,500,000","2,200,000","2,000,000","1,219,000","1,997,000",,,,,,,,,,,,,,,,,,,,,,,,,,,,,,,,,,,,,,,,,,,,,,,,,,,,,,,,,,,,,,,,,,,,
				AmortizationOfIntangiblesIncomeStatement,"415,100,000","109,000,000","92,900,000","108,000,000","105,200,000","96,100,000","97,400,000","88,200,000","135,600,000","93,600,000","84,200,000","79,700,000","76,500,000","76,800,000","72,800,000","73,400,000","68,200,000","65,700,000","69,600,000","65,100,000","64,300,000","62,100,000","63,200,000","62,600,000","59,300,000","68,000,000","58,100,000","59,500,000","54,700,000","54,200,000","54,300,000","42,900,000","38,100,000","35,100,000","30,800,000","29,700,000","29,600,000","25,900,000","25,800,000","26,200,000","21,100,000","24,600,000","20,000,000","18,300,000","16,400,000","15,800,000","14,500,000","16,600,000","13,900,000","14,700,000","13,800,000","14,100,000","12,400,000","14,300,000","10,200,000","10,300,000","8,900,000","5,800,000","7,800,000","7,900,000","7,800,000","7,700,000","5,900,000","5,500,000","5,500,000","5,000,000","5,100,000","5,300,000","5,300,000","5,000,000","4,300,000","6,000,000","3,200,000","3,100,000","2,500,000","2,200,000","2,000,000","1,219,000","1,997,000",,,,,,,,,,,,,,,,,,,,,,,,,,,,,,,,,,,,,,,,,,,,,,,,,,,,,,,,,,,,,,,,,,,,
	OtherOperatingExpenses,"1,072,400,000","320,300,000","265,600,000","253,400,000","233,100,000","230,800,000","203,200,000","214,800,000","257,700,000","280,300,000","268,000,000","257,700,000","262,500,000","237,100,000","227,700,000","222,800,000","216,100,000","226,300,000","214,200,000","211,600,000","200,400,000","199,000,000","189,600,000","204,600,000","204,500,000","222,000,000","208,100,000","207,100,000","203,500,000","221,000,000","205,000,000","184,000,000","157,200,000","147,700,000","133,100,000","137,800,000","133,800,000","129,600,000",,,,,,"108,200,000","94,000,000",,,,,,,"1,400,000",,,,,,,,,,,,,,,,,,,,,,,,,,,,,,,,,,,,,,,,,,,,,,,,,,,,,,,,,,,,,,,,,,,,,,,,,,,,,,,,,,,,,,,,,,,,,,,
OperatingIncome,"1,318,100,000","221,200,000","337,800,000","291,700,000","467,400,000","212,200,000","274,300,000","236,400,000","317,300,000","122,400,000","163,800,000","151,900,000","307,800,000","82,100,000","132,800,000","131,500,000","281,000,000","116,700,000","138,700,000","183,700,000","94,000,000","108,000,000","127,500,000","177,900,000","85,400,000","68,900,000","141,000,000","160,100,000","67,100,000","52,900,000","118,100,000","135,300,000","67,600,000","63,400,000","98,200,000","106,800,000","57,900,000","58,700,000","90,700,000","96,700,000","45,600,000","57,600,000","77,000,000","74,000,000","33,800,000","34,800,000","75,100,000","71,700,000","53,400,000","39,300,000","71,100,000","82,500,000","50,800,000","-8,100,000","56,500,000","76,600,000","34,900,000","-28,900,000","81,100,000","97,400,000","66,500,000","62,600,000","105,400,000","61,800,000","35,500,000","-49,500,000","99,000,000","93,600,000","72,200,000","233,000,000","70,600,000","60,000,000","50,500,000","66,700,000","66,400,000","50,300,000","16,000,000","54,705,000","44,633,000","22,918,000","48,805,000","39,097,000","50,278,000","28,598,000","29,327,000","20,272,000","30,117,000","15,118,000","17,327,000","47,900,000","30,700,000","9,400,000","15,800,000","20,300,000","27,400,000","8,700,000","9,500,000","12,100,000","18,600,000","9,400,000","7,600,000","16,900,000","25,500,000","10,700,000","12,400,000","19,900,000","23,600,000","8,800,000","9,700,000","7,800,000","21,000,000","7,100,000","6,300,000","-700,000","19,300,000","11,800,000","6,700,000","13,100,000","14,200,000","5,700,000","5,500,000","9,500,000","10,300,000","1,800,000","4,700,000","8,200,000","12,600,000","3,300,000","5,100,000","-97,900,000","47,500,000","38,500,000","40,500,000","-91,800,000","44,300,000","33,100,000","36,800,000","-85,200,000","39,700,000","29,300,000","31,600,000","-72,700,000","33,800,000","20,400,000","24,500,000","-42,100,000","23,100,000"
NetNonOperatingInterestIncomeExpense,"-226,100,000","-61,500,000","-60,300,000","-56,200,000","-48,100,000","-47,800,000","-48,100,000","-50,000,000","-50,500,000","-48,100,000","-46,600,000","-44,900,000","-40,200,000","-36,500,000","-36,700,000","-33,900,000","-31,300,000","-31,200,000","-31,400,000","-31,600,000","-29,900,000","-28,300,000","-28,500,000","-27,200,000","-25,800,000","-25,800,000","-25,600,000","-26,000,000","-25,600,000","-25,700,000","-25,900,000","-21,200,000","-16,200,000","-13,900,000","-13,100,000","-11,900,000","-11,200,000","-10,900,000","-10,700,000","-10,800,000","-10,600,000","-10,400,000","-10,300,000","-10,600,000","-9,500,000","-8,700,000","-8,600,000","-8,700,000","-8,600,000","-7,400,000","-6,800,000","-7,000,000","-7,300,000",,,,,,,,,,,,,,,,,,,,,,,,,,,,,,,,,,,,,,,,,,,,,,,,,,,,,,,,,,,,,,,,,,,,,,,,,,,,,,,,,,,,,,,,,,,,,,
	InterestExpenseNonOperating,"226,100,000","61,500,000","60,300,000","56,200,000","48,100,000","47,800,000","48,100,000","50,000,000","50,500,000","48,100,000","46,600,000","44,900,000","40,200,000","36,500,000","36,700,000","33,900,000","31,300,000","31,200,000","31,400,000","31,600,000","29,900,000","28,300,000","28,500,000","27,200,000","25,800,000","25,800,000","25,600,000","26,000,000","25,600,000","25,700,000","25,900,000","21,200,000","16,200,000","13,900,000","13,100,000","11,900,000","11,200,000","10,900,000","10,700,000","10,800,000","10,600,000","10,400,000","10,300,000","10,600,000","9,500,000","8,700,000","8,600,000","8,700,000","8,600,000","7,400,000","6,800,000","7,000,000","7,300,000",,,,,,,,,,,,,,,,,,,,,,,,,,,,,,,,,,,,,,,,,,,,,,,,,,,,,,,,,,,,,,,,,,,,,,,,,,,,,,,,,,,,,,,,,,,,,,
OtherIncomeExpense,"-116,900,000","-46,700,000","-46,100,000","-13,200,000","-10,900,000","-30,700,000","-16,700,000","-14,700,000","89,200,000","9,700,000","-2,400,000","-1,500,000","54,200,000","-2,400,000","-5,800,000","6,000,000","-7,400,000","-3,400,000","-10,600,000","-5,100,000","-11,800,000","-10,900,000","-4,100,000","-13,200,000","-3,900,000","-14,700,000","-9,700,000","-5,600,000","-10,600,000","-900,000","-4,500,000","-7,000,000","-5,100,000","-200,000","400,000","2,500,000","-4,400,000","-2,400,000","-3,700,000","5,200,000","-2,500,000","200,000","4,300,000","2,500,000","-800,000","-300,000","3,900,000","900,000","-1,900,000","-1,500,000","-1,200,000","-1,400,000",,,,,"-1,500,000",,"9,300,000","-3,600,000","-9,000,000","-8,800,000","-3,900,000","-3,000,000","-4,400,000","184,800,000","-30,500,000","6,900,000","-158,700,000",,,"64,500,000","51,800,000",,,,,"13,369,000","-13,748,000","28,447,000","16,184,000","11,451,000","4,436,000","1,766,000","2,811,000","12,025,000","14,082,000","7,564,000","5,988,000",,"4,700,000","9,800,000","4,600,000","4,800,000","1,100,000","5,500,000","7,100,000","7,000,000","9,600,000","10,000,000","6,400,000",,,,,,,,,,,"700,000","2,600,000",,,,,,,,,,,,,,,,,,,,,,,,,,,,,,,,,,
	GainOnSaleOfSecurity,"83,600,000",,,,,,,"16,000,000","18,600,000","25,000,000","24,000,000","19,600,000","18,300,000","22,900,000","18,000,000","15,800,000","13,400,000","17,000,000","14,900,000","13,600,000","10,800,000","16,900,000","13,600,000","12,500,000","10,300,000","15,700,000","13,100,000","12,300,000","13,100,000","18,200,000","18,400,000","3,400,000","1,300,000","2,600,000","2,600,000","1,600,000","1,300,000","4,900,000",,,,,,,,,,,,,,,,,,,,,,,,,,,,,,,,,,,,,,,,,,,,,,,,,,,,,,,,,,,,,,,,,,,,,,,,,,,,,,,,,,,,,,,,,,,,,,,,,,,,,,,,,,,,,
	EarningsFromEquityInterest,,,,,,,,,,,,,,,,,,,,,,,,,,,,,,,,,,,,,,,,,,,,,,,,,,,,,,,,,,,,,,,,,,,,,,,,,,,,,,,,,,,"6,907,000",,,,,,,,,,,,,,,,,,,,,,,,,,,,,,,,,,,,,,,,,,,,,,,,,,,,,,,,,,,,,,,,
	SpecialIncomeCharges,"-116,900,000","-46,700,000","-46,100,000","-13,200,000","-10,900,000","-30,700,000","-16,700,000","-14,700,000","89,200,000","9,700,000","-2,400,000","-1,500,000","54,200,000","-2,400,000","-5,800,000","6,000,000","-7,400,000","-3,400,000","-10,600,000","-5,100,000","-11,800,000","-10,900,000","-4,100,000","-13,200,000","-3,900,000","-14,700,000","-9,700,000","-5,600,000","-10,600,000","-900,000","-4,500,000","-7,000,000","-5,100,000","-200,000","400,000","2,500,000","-4,400,000","-2,400,000","-3,700,000","5,200,000","-2,500,000","200,000","4,300,000","2,500,000","-800,000","-300,000","3,900,000","900,000","-1,900,000","-1,500,000","-1,200,000","-1,400,000",,,,,"-1,500,000",,"9,300,000","-3,600,000","-9,000,000","-8,800,000","-3,900,000","-3,000,000","-4,400,000","184,800,000","-30,500,000","6,900,000","-158,700,000",,,"64,500,000","51,800,000",,,,,"28,903,000","-13,748,000","28,447,000","16,184,000","26,090,000","-2,471,000","1,766,000","2,811,000","12,025,000","14,082,000","7,564,000","5,988,000",,"4,700,000","9,800,000","4,600,000","4,800,000","1,100,000","5,500,000","7,100,000","7,000,000","9,600,000","10,000,000","6,400,000",,,,,,,,,,,"700,000","2,600,000",,,,,,,,,,,,,,,,,,,,,,,,,,,,,,,,,,
		RestructuringAndMergernAcquisition,"119,600,000","56,600,000","34,200,000","13,800,000","15,000,000","20,300,000","20,100,000","15,700,000","-89,000,000","3,300,000","5,700,000","3,400,000","2,900,000","2,400,000","5,800,000","-6,000,000","7,400,000","3,400,000","10,600,000","5,100,000","11,800,000","10,900,000","4,100,000","13,200,000","3,900,000","14,700,000","9,700,000","5,600,000","10,600,000","900,000","4,500,000","7,000,000","5,100,000","200,000","-400,000","-2,500,000","4,400,000","2,400,000",,,,,,,,,,,,,,,,,,,,,,,,,,,,,,,,,,,,,,,,,,,,,,,,,,,,,,,,,,,,,,,,,,,,,,,,,,,,,,,,,,,,,,,,,,,,,,,,,,,,,,,,,,,,,
		OtherSpecialCharges,"16,200,000","0","16,200,000",,,,,,,,,,,,,,,,,,,,,,,,,,,,,,,,,,,,,,,,,,,,,,,,,,,,,,,,,,,,,,,,,,,,,,,,,,,,,,,,,,,,,,,,,,,,,,,,,,,,,,,,,,,,,,,,,,,,,,,,,,,,,,,,,,,,,,,,,,,,,,,,
		GainOnSaleOfBusiness,"18,900,000","9,900,000","4,300,000","600,000","4,100,000","-10,400,000","3,400,000","1,000,000","200,000","13,000,000","3,300,000","1,900,000","57,100,000",,,,,,,,,,,,,,,,,,,,,,,,,,,,,,,,,,,,,,,,,,,,,,,,,,,,,,,,,,,,,,,,,,,,,,,,,,,,,,,,,,,,,,,,,,,,,,,,,,,,,,,,,,,,,,,,,,,,,,,,,,,,,,,,,,,,,,
PretaxIncome,"975,100,000","113,000,000","231,400,000","222,300,000","408,400,000","133,700,000","209,500,000","171,700,000","356,000,000","84,000,000","114,800,000","105,500,000","321,800,000","43,200,000","90,300,000","103,600,000","242,300,000","82,100,000","96,700,000","147,000,000","52,300,000","68,800,000","94,900,000","137,500,000","55,700,000","28,400,000","105,700,000","128,500,000","30,900,000","26,300,000","87,700,000","107,100,000","46,300,000","49,300,000","85,500,000","97,400,000","42,300,000","45,400,000","76,300,000","91,100,000","32,500,000","47,400,000","71,000,000","65,900,000","23,500,000","25,800,000","70,400,000","63,900,000","42,900,000","30,400,000","63,100,000","74,100,000","43,500,000","18,000,000","49,400,000","69,300,000","26,900,000","56,000,000","65,400,000","57,200,000","21,500,000","15,600,000","60,800,000","47,700,000","29,000,000","-1,100,000","65,600,000","57,400,000","-125,100,000","61,300,000","68,000,000","57,600,000","48,600,000","64,800,000","64,400,000","48,300,000","16,000,000","54,705,000","33,300,000","48,532,000","48,805,000","36,989,000","42,019,000","28,598,000","29,327,000","32,297,000","44,199,000","22,682,000","23,315,000","28,900,000","35,400,000","19,200,000","20,400,000","25,100,000","28,500,000","14,200,000","16,700,000","19,300,000","28,200,000","19,400,000","14,000,000","17,000,000","25,600,000","10,700,000","12,400,000","20,000,000","23,700,000","8,800,000","9,700,000","17,000,000","20,500,000","7,300,000","8,400,000","14,500,000","18,800,000","11,400,000","6,200,000","12,700,000","13,600,000","5,100,000","4,900,000","9,000,000","9,700,000","1,200,000","4,000,000","7,500,000","12,000,000","2,800,000","4,500,000",,,,,,,,,,,,,,,,,,
TaxProvision,"20,100,000","-7,900,000","-7,200,000","20,500,000","14,700,000","-19,400,000","21,700,000","9,900,000","600,000","-21,600,000","-22,300,000","-15,900,000","-29,900,000","-84,600,000","-48,100,000","-20,100,000","-43,700,000","-31,100,000","-41,100,000","-33,400,000","-15,500,000","-32,200,000","-35,500,000","-18,200,000","-2,200,000","-39,800,000","-35,200,000","-19,100,000","-1,500,000","-25,200,000","-5,900,000","-1,900,000","-3,000,000","-10,700,000","10,900,000","3,900,000","1,800,000","11,900,000","14,600,000","19,400,000","4,400,000","6,900,000","24,300,000","24,200,000","8,300,000","-20,200,000","24,200,000","22,000,000","13,700,000","11,000,000","21,500,000","30,300,000","15,200,000","6,300,000","7,700,000","27,600,000","10,600,000","16,800,000","13,600,000","13,400,000","1,700,000","-9,000,000","10,600,000","11,100,000","11,900,000","-8,600,000","15,100,000","13,200,000","-51,300,000","12,200,000","13,600,000","11,500,000","9,700,000","15,600,000","15,500,000","12,100,000","4,000,000","16,412,000","9,990,000","14,071,000","15,130,000","3,916,000","116,000","5,542,000","5,865,000","6,896,000","13,341,000","7,949,000","8,160,000","10,100,000","12,500,000","6,700,000","7,100,000","8,300,000","9,200,000","4,800,000","5,700,000","6,600,000","9,600,000","6,600,000","4,800,000","5,700,000","7,500,000","3,600,000","4,200,000","6,400,000","8,300,000","3,100,000","3,400,000","5,300,000","7,600,000","2,700,000","3,100,000","5,400,000","7,000,000","4,200,000","2,300,000","4,400,000","4,700,000","1,800,000","1,700,000","3,200,000","2,700,000","400,000","1,400,000","2,600,000","4,300,000","1,000,000","1,600,000",,,,,,,,,,,,,,,,,,
NetIncomeCommonStockholders,"906,800,000","109,400,000","225,100,000","190,200,000","382,100,000","142,200,000","176,600,000","153,700,000","346,300,000","98,500,000","126,100,000","110,100,000","334,100,000","117,300,000","127,600,000","114,900,000","273,700,000","105,100,000","130,400,000","171,900,000","55,700,000","95,100,000","122,800,000","150,000,000","46,500,000","62,300,000","133,300,000","139,300,000","21,900,000","51,500,000","93,600,000","109,000,000","49,300,000","60,000,000","74,600,000","93,500,000","40,500,000","33,500,000","61,700,000","71,700,000","28,100,000","40,500,000","46,700,000","41,700,000","15,200,000","54,700,000","46,200,000","44,000,000","29,200,000","16,800,000","41,600,000","43,800,000","26,400,000","4,700,000","37,800,000","40,800,000","-6,000,000","23,400,000","51,800,000","43,800,000","19,800,000","24,600,000","50,200,000","36,600,000","17,100,000","2,500,000","50,500,000","51,800,000","-74,000,000","49,100,000","54,400,000","46,100,000","38,900,000","49,200,000","48,900,000","36,200,000","12,000,000","38,293,000","23,310,000","34,461,000","33,675,000","33,073,000","41,903,000","23,056,000","23,462,000","25,401,000","30,858,000","14,733,000","15,155,000","18,800,000","22,900,000","12,500,000","13,300,000","16,800,000","19,300,000","9,400,000","11,000,000","12,700,000","18,600,000","12,800,000","9,200,000","11,300,000","18,100,000","7,100,000","8,200,000","13,600,000","15,400,000","5,700,000","6,300,000","11,700,000","12,900,000","4,600,000","5,300,000","9,100,000","11,800,000","7,200,000","3,900,000","8,300,000","8,900,000","3,300,000","3,200,000","5,800,000","7,000,000","800,000","2,600,000","4,900,000","7,700,000","1,800,000","2,900,000",,,,,,,,,,,,,,,,,,
	NetIncome,"906,800,000","109,400,000","225,100,000","190,200,000","382,100,000","142,200,000","176,600,000","153,700,000","346,300,000","98,500,000","126,100,000","110,100,000","334,100,000","117,300,000","127,600,000","114,900,000","273,700,000","105,100,000","130,400,000","171,900,000","55,700,000","95,100,000","122,800,000","150,000,000","46,500,000","62,300,000","133,300,000","139,300,000","21,900,000","51,500,000","93,600,000","109,000,000","49,300,000","60,000,000","74,600,000","93,500,000","40,500,000","33,500,000","61,700,000","71,700,000","28,100,000","40,500,000","46,700,000","41,700,000","15,200,000","54,700,000","46,200,000","44,000,000","29,200,000","16,800,000","41,600,000","43,800,000","26,400,000","4,700,000","37,800,000","40,800,000","-6,000,000","23,400,000","51,800,000","43,800,000","19,800,000","24,600,000","50,200,000","36,600,000","17,100,000","2,500,000","50,500,000","51,800,000","-74,000,000","49,100,000","54,400,000","46,100,000","38,900,000","49,200,000","48,900,000","36,200,000","12,000,000","38,293,000","23,310,000","34,461,000","33,675,000","33,073,000","41,903,000","23,056,000","23,462,000","25,401,000","30,858,000","14,733,000","15,155,000","18,800,000","22,900,000","12,500,000","13,300,000","16,800,000","19,300,000","9,400,000","11,000,000","12,700,000","18,600,000","12,800,000","9,200,000","11,300,000","18,100,000","7,100,000","8,200,000","13,600,000","15,400,000","5,700,000","6,300,000","11,700,000","12,900,000","4,600,000","5,300,000","9,100,000","11,800,000","7,200,000","3,900,000","8,300,000","8,900,000","3,300,000","3,200,000","5,800,000","7,000,000","800,000","2,600,000","4,900,000","7,700,000","1,800,000","2,900,000",,,,,,,,,,,,,,,,,,
		NetIncomeIncludingNoncontrollingInterests,"955,000,000","120,900,000","238,600,000","201,800,000","393,700,000","153,100,000","187,800,000","161,800,000","355,400,000","105,600,000","137,100,000","121,400,000","351,700,000","127,800,000","138,400,000","123,700,000","286,000,000","113,200,000","137,800,000","180,400,000","67,800,000","101,000,000","130,400,000","155,700,000","57,900,000","68,200,000","140,900,000","147,600,000","32,400,000","51,500,000","93,600,000","109,000,000","49,300,000","60,000,000","74,600,000","93,500,000","40,500,000","33,500,000","61,700,000","71,700,000","28,100,000","40,500,000","46,700,000","41,700,000","15,200,000","54,700,000","46,200,000","44,000,000","29,200,000","16,800,000","41,600,000","43,800,000","26,400,000","4,700,000","37,800,000","40,800,000","-6,000,000","23,400,000","51,800,000","43,800,000","19,800,000","24,600,000","50,200,000","36,600,000","17,100,000","2,500,000","50,500,000","51,800,000","-74,000,000","49,100,000","54,400,000","46,100,000","38,900,000","49,200,000","48,900,000","36,200,000","12,000,000","38,293,000","23,310,000","34,461,000","33,675,000","33,073,000","41,903,000","23,056,000","23,462,000","25,401,000","30,858,000","14,733,000","15,155,000","18,800,000","22,900,000","12,500,000","13,300,000","16,800,000","19,300,000","9,400,000","11,000,000","12,700,000","18,600,000","12,800,000","9,200,000","11,300,000","18,100,000","7,100,000","8,200,000","13,600,000","15,400,000","5,700,000","6,300,000","11,700,000","12,900,000","4,600,000","5,300,000","9,100,000","11,800,000","7,200,000","3,900,000","8,300,000","8,900,000","3,300,000","3,200,000","5,800,000","7,000,000","800,000","2,600,000","4,900,000","7,700,000","1,800,000","2,900,000","3,800,000","7,700,000","1,900,000","3,900,000","3,300,000","7,800,000","1,600,000","4,100,000","2,500,000","7,300,000","2,700,000","3,400,000","3,000,000","5,500,000","1,700,000","3,700,000","1,900,000","3,900,000"
			NetIncomeContinuousOperations,"955,000,000","120,900,000","238,600,000","201,800,000","393,700,000","153,100,000","187,800,000","161,800,000","355,400,000","105,600,000","137,100,000","121,400,000","351,700,000","127,800,000","138,400,000","123,700,000","286,000,000","113,200,000","137,800,000","180,400,000","67,800,000","101,000,000","130,400,000","155,700,000","57,900,000","68,200,000","140,900,000","147,600,000","32,400,000","51,500,000","93,600,000","109,000,000","49,300,000","60,000,000","74,600,000","93,500,000","40,500,000","33,500,000","61,700,000","71,700,000","28,100,000","40,500,000","46,700,000","41,700,000","15,200,000","46,000,000","46,200,000","41,900,000","29,200,000","19,400,000","41,600,000","43,800,000","28,300,000","11,700,000","41,700,000","41,700,000","16,300,000","39,200,000","51,800,000","43,800,000","19,800,000","24,600,000","50,200,000","36,600,000","17,100,000","7,500,000","50,500,000","44,200,000","-73,800,000","49,100,000","54,400,000","46,100,000","38,900,000","49,200,000","48,900,000","36,200,000","12,000,000","38,293,000","23,310,000","34,461,000","33,675,000","33,073,000","41,903,000","23,056,000","23,462,000","25,401,000","30,858,000","14,733,000","15,155,000","18,800,000","22,900,000","12,500,000","13,300,000","16,800,000","19,300,000","9,400,000","11,000,000","12,700,000","18,600,000","12,800,000","9,200,000","11,300,000","18,100,000","7,100,000","8,200,000","13,600,000","15,400,000","5,700,000","6,300,000","11,700,000","12,900,000","4,600,000","5,300,000","9,100,000","11,800,000","7,200,000","3,900,000","8,300,000","8,900,000","3,300,000","3,200,000","5,800,000","7,000,000","800,000","2,600,000","4,900,000","7,700,000","1,800,000","2,900,000","3,800,000","7,700,000","1,900,000","3,900,000","3,300,000","7,800,000","1,600,000","4,100,000","2,500,000","7,300,000","2,700,000","3,400,000","3,000,000","5,500,000","1,700,000","3,700,000","1,900,000","3,900,000"
			NetIncomeDiscontinuousOperations,,,,,,,,,,,,,,,,,,,,,,,,,,,,,,,,,,,,,,,,,,"0","0","0",,"8,700,000","0","2,100,000","0","-2,600,000","0","0","-1,900,000","-7,000,000","-3,900,000","-900,000","-22,300,000",,,,,,,,,"-5,000,000",,"7,600,000","-200,000",,,,,,,,,,,,,,,,,,,,,,,,,,,,,,,,,,,,,,,,,,,,,,,,,,,,,,,,,,,,,,,,,,,,,,,,,,,,,,
		MinorityInterests,"-48,200,000","-11,500,000","-13,500,000","-11,600,000","-11,600,000","-10,900,000","-11,200,000","-8,100,000","-9,100,000","-7,100,000","-11,000,000","-11,300,000","-17,600,000","-10,500,000","-10,800,000","-8,800,000","-12,300,000","-8,100,000","-7,400,000","-8,500,000","-12,100,000","-5,900,000","-7,600,000","-5,700,000","-11,400,000","-5,900,000","-7,600,000","-8,300,000","-10,500,000",,,,,,,,,,,,,,,,,,,,,,,,,,,,,,,,,,,,,,,,,,,,,,,,,,,,,,,,,,,,,,,,,,,,,,,,,,,,,,,,,,,,,,,,,,,,,,,,,,,,,,,,,,,,,,,,,,,,,,
DilutedNIAvailtoComStockholders,"906,800,000","109,400,000","225,100,000","190,200,000","382,100,000","142,200,000","176,600,000","153,700,000","346,300,000","98,500,000","126,100,000","110,100,000","334,100,000","117,300,000","127,600,000","114,900,000","273,700,000","105,100,000","130,400,000","171,900,000","55,700,000","95,100,000","122,800,000","150,000,000","46,500,000","62,300,000","133,300,000","139,300,000","21,900,000","51,500,000","93,600,000","109,000,000","49,300,000","60,000,000","74,600,000","93,500,000","40,500,000","33,500,000","61,700,000","71,700,000","28,100,000","40,500,000","46,700,000","41,700,000","15,200,000","54,700,000","46,200,000","44,000,000","29,200,000","16,800,000","41,600,000","43,800,000","26,400,000","4,700,000","37,800,000","40,800,000","-6,000,000","23,400,000","51,800,000","43,800,000","19,800,000","24,600,000","50,200,000","36,600,000","17,100,000","2,500,000","50,500,000","51,800,000","-74,000,000","49,100,000","54,400,000","46,100,000","38,900,000","49,200,000","48,900,000","36,200,000","12,000,000","38,293,000","23,310,000","34,461,000","33,675,000","33,073,000","41,903,000","23,056,000","23,462,000","25,401,000","30,858,000","14,733,000","15,155,000","18,800,000","22,900,000","12,500,000","13,300,000","16,800,000","19,300,000","9,400,000","11,000,000","12,700,000","18,600,000","12,800,000","9,200,000","11,300,000","18,100,000","7,100,000","8,200,000","13,600,000","15,400,000","5,700,000","6,300,000","11,700,000","12,900,000","4,600,000","5,300,000","9,100,000","11,800,000","7,200,000","3,900,000","8,300,000","8,900,000","3,300,000","3,200,000","5,800,000","7,000,000","800,000","2,600,000","4,900,000","7,700,000","1,800,000","2,900,000",,,,,,,,,,,,,,,,,,
BasicEPS,,"0.526","1.088","0.94","1.963","0.737","0.92","0.807","1.835","0.526","0.68","0.593","1.811","0.638","0.696","0.63","1.51","0.581","0.722","0.956","0.311","0.534","0.691","0.845","0.263","0.352","0.758","0.816","0.132","0.31","0.58","0.707","0.37","0.453","0.575","0.735","0.321","0.268","0.5","0.59","0.24",,"0.41","0.379","0.139",,"0.438","0.418","0.284",,"0.41","0.435","0.27",,"0.4","0.44","-0.07",,"0.55","0.45","0.2",,"0.52","0.38","0.18",,"0.53","0.55","-0.8",,"0.59","0.51","0.43",,"0.54","0.4","0.13",,"0.26","0.39","0.39",,"0.49","0.27","0.29",,"0.395","0.195","0.205",,"0.32","0.18","0.19",,"0.28","0.14","0.17",,"0.29","0.2","0.14",,"0.27","0.11","0.13",,"0.24","0.09","0.1",,"0.21","0.08","0.09",,"0.19","0.12","0.07",,"0.16","0.06","0.06",,"0.13","0.02","0.06",,"0.16","0.04","0.06",,"0.17","0.04","0.09",,"0.17","0.04","0.1",,"0.17","0.07","0.08",,"0.13","0.05","0.11",,"0.11"
DilutedEPS,,"0.51","1.06","0.92","1.92","0.72","0.9","0.79","1.79","0.51","0.66","0.58","1.77","0.63","0.68","0.62","1.48","0.57","0.71","0.95","0.31","0.53","0.69","0.84","0.26","0.35","0.75","0.81","0.13","0.31","0.58","0.7","0.36","0.45","0.57","0.73","0.32","0.268","0.5","0.59","0.24",,"0.41","0.37","0.139",,"0.438","0.418","0.28",,"0.41","0.435","0.27",,"0.4","0.44","-0.07",,"0.54","0.44","0.2",,"0.51","0.37","0.17",,"0.52","0.54","-0.8",,"0.57","0.49","0.41",,"0.52","0.39","0.13",,"0.25","0.37","0.37",,"0.47","0.26","0.27",,"0.365","0.185","0.195",,"0.3","0.18","0.19",,"0.27","0.13","0.16",,"0.27","0.19","0.14",,"0.26","0.11","0.13",,"0.24","0.09","0.1",,"0.21","0.08","0.09",,"0.19","0.12","0.07",,"0.16","0.06","0.06",,"0.13","0.02","0.06",,"0.16","0.04","0.06",,"0.17","0.04","0.09",,"0.17","0.04","0.1",,"0.17","0.07","0.08",,"0.13","0.05","0.11",,"0.11"
BasicAverageShares,,"207,797,000","206,988,000","201,300,000","194,642,000","192,874,000","191,913,000","190,470,000","188,723,000","187,355,000","186,300,000","185,769,000","184,521,000","183,834,000","183,288,000","182,612,000","182,100,000","181,038,000","180,511,000","179,860,000","178,890,000","178,174,000","177,611,000","177,415,000","177,038,000","176,810,000","175,956,000","170,613,000","165,574,000","162,705,000","160,231,000","154,252,000","134,200,000","132,334,000","129,816,000","127,260,000","126,165,000","124,941,000","123,052,000","119,704,000","116,376,000",,"112,632,000","110,158,000","109,265,000",,"105,499,000","102,700,000","102,737,000",,"101,352,000","100,623,000","98,000,000",,"94,500,000","92,727,273","85,714,286",,"94,181,818","97,333,333","99,000,000",,"96,538,462","96,315,789","95,000,000",,"95,283,019","94,181,818","92,500,000",,"92,203,390","90,392,157","90,465,116",,"90,555,556","90,500,000","92,307,692",,"89,653,846","88,361,538","86,346,154",,"85,516,327","85,392,593","80,903,448",,"78,121,519","75,553,846","73,926,829",,"71,562,500","69,444,444","70,000,000",,"68,928,571","67,142,857","64,705,882",,"64,137,931","64,000,000","65,714,286",,"67,037,037","64,545,455","63,076,923",,"64,166,667","63,333,333","63,000,000",,"61,428,571","57,500,000","58,888,889",,"62,105,263","60,000,000","55,714,286",,"55,625,000","55,000,000","53,333,333",,"53,846,154","40,000,000","43,333,333",,"48,125,000","45,000,000","48,333,333",,"45,616,000","45,616,000","43,564,000",,"43,564,000","43,524,000","43,524,000",,"42,332,000","42,332,000","42,332,000",,"38,320,000","34,120,000","34,120,000",,"34,072,000"
DilutedAverageShares,,"212,864,000","211,498,000","205,800,000","199,076,000","197,420,000","196,345,000","194,050,000","193,239,000","191,755,000","190,700,000","189,768,000","188,362,000","187,513,000","186,766,000","182,612,000","182,100,000","183,575,000","182,517,000","181,609,000","180,591,000","179,089,000","178,520,000","178,272,000","177,615,000","177,551,000","176,808,000","171,731,000","166,777,000","164,007,000","161,503,000","155,672,000","135,800,000","133,990,000","131,322,000","128,874,000","127,543,000","126,315,000","124,489,000","121,187,000","117,849,000",,"113,120,000","111,093,000","110,315,000",,"105,736,000","104,761,905","102,936,000",,"101,550,000","100,717,000","98,000,000",,"94,500,000","92,727,273","85,714,286",,"95,925,926","99,545,455","99,000,000",,"98,431,373","98,918,919","100,588,235",,"97,115,385","95,925,926","92,500,000",,"95,438,596","94,081,633","94,878,049",,"94,038,462","92,820,513","92,307,692",,"93,240,000","93,137,838","91,013,514",,"89,155,319","88,676,923","86,896,296",,"84,542,466","79,637,838","77,717,949",,"76,333,333","69,444,444","70,000,000",,"71,481,481","72,307,692","68,750,000",,"68,888,889","67,368,421","65,714,286",,"69,615,385","64,545,455","63,076,923",,"64,166,667","63,333,333","63,000,000",,"61,428,571","57,500,000","58,888,889",,"62,105,263","60,000,000","55,714,286",,"55,625,000","55,000,000","53,333,333",,"53,846,154","40,000,000","43,333,333",,"48,125,000","45,000,000","48,333,333",,"45,616,000","45,616,000","43,564,000",,"43,564,000","43,524,000","43,524,000",,"42,332,000","42,332,000","42,332,000",,"38,320,000","34,120,000","34,120,000",,"34,072,000"
TotalExpenses,"6,872,400,000","1,741,600,000","1,796,100,000","1,641,200,000","1,693,500,000","1,501,800,000","1,571,400,000","1,346,600,000","1,549,400,000","1,586,000,000","1,658,100,000","1,504,000,000","1,625,700,000","1,575,300,000","1,645,700,000","1,528,900,000","1,556,700,000","1,482,300,000","1,445,800,000","1,379,700,000","1,318,700,000","1,277,000,000","1,354,800,000","1,249,200,000","1,215,000,000","1,266,000,000","1,313,800,000","1,211,300,000","1,164,200,000","1,192,500,000","1,168,700,000","1,044,000,000","847,400,000","826,800,000","737,600,000","672,700,000","616,200,000","614,500,000","559,700,000","553,200,000","501,200,000","520,800,000","485,800,000","472,100,000","413,600,000","424,300,000","388,100,000","387,800,000","429,000,000","395,800,000","368,400,000","371,100,000","350,300,000","386,400,000","371,700,000","352,300,000","340,900,000","399,100,000","343,000,000","343,400,000","321,700,000","352,100,000","315,800,000","308,800,000","292,000,000","425,600,000","290,900,000","277,500,000","276,700,000","153,900,000","302,400,000","318,900,000","291,000,000","298,800,000","278,600,000","248,700,000","238,000,000","252,077,000","234,887,000","225,726,000","200,357,000","214,859,000","183,019,000","180,494,000","169,485,000","181,355,000","151,148,000","135,762,000","128,955,000","140,700,000","123,900,000","121,100,000","114,700,000","134,100,000","111,600,000","106,800,000","103,700,000","110,400,000","102,200,000","97,200,000","97,500,000","102,700,000","96,200,000","91,900,000","88,300,000","91,000,000","87,000,000","82,400,000","80,800,000","80,500,000","75,700,000","72,200,000","73,000,000","68,700,000","69,800,000","61,800,000","60,100,000","64,100,000","58,200,000","54,700,000","52,800,000","53,100,000","48,900,000","50,200,000","44,400,000","43,700,000","42,200,000","40,400,000","40,600,000",,,,,,,,,,,,,,,,,,
NetIncomeFromContinuingAndDiscontinuedOperation,"906,800,000","109,400,000","225,100,000","190,200,000","382,100,000","142,200,000","176,600,000","153,700,000","346,300,000","98,500,000","126,100,000","110,100,000","334,100,000","117,300,000","127,600,000","114,900,000","273,700,000","105,100,000","130,400,000","171,900,000","55,700,000","95,100,000","122,800,000","150,000,000","46,500,000","62,300,000","133,300,000","139,300,000","21,900,000","51,500,000","93,600,000","109,000,000","49,300,000","60,000,000","74,600,000","93,500,000","40,500,000","33,500,000","61,700,000","71,700,000","28,100,000","40,500,000","46,700,000","41,700,000","15,200,000","54,700,000","46,200,000","44,000,000","29,200,000","16,800,000","41,600,000","43,800,000","26,400,000","4,700,000","37,800,000","40,800,000","-6,000,000","23,400,000","51,800,000","43,800,000","19,800,000","24,600,000","50,200,000","36,600,000","17,100,000","2,500,000","50,500,000","51,800,000","-74,000,000","49,100,000","54,400,000","46,100,000","38,900,000","49,200,000","48,900,000","36,200,000","12,000,000","38,293,000","23,310,000","34,461,000","33,675,000","33,073,000","41,903,000","23,056,000","23,462,000","25,401,000","30,858,000","14,733,000","15,155,000","18,800,000","22,900,000","12,500,000","13,300,000","16,800,000","19,300,000","9,400,000","11,000,000","12,700,000","18,600,000","12,800,000","9,200,000","11,300,000","18,100,000","7,100,000","8,200,000","13,600,000","15,400,000","5,700,000","6,300,000","11,700,000","12,900,000","4,600,000","5,300,000","9,100,000","11,800,000","7,200,000","3,900,000","8,300,000","8,900,000","3,300,000","3,200,000","5,800,000","7,000,000","800,000","2,600,000","4,900,000","7,700,000","1,800,000","2,900,000",,,,,,,,,,,,,,,,,,
NormalizedIncome,"1,021,245,100","143,491,000","260,043,800","202,185,600","392,607,600","164,611,000","191,563,200","167,547,400","257,278,400","91,419,000","127,852,000","111,195,000","294,534,000","119,052,000","131,834,000","110,520,000","279,102,000","107,140,000","136,760,000","174,960,000","62,780,000","101,640,000","125,260,000","157,920,000","48,840,000","71,120,000","139,120,000","142,660,000","28,260,000","52,085,000","96,525,000","113,550,000","52,615,000","60,130,000","74,250,800","91,100,000","44,710,800","35,270,925.11","64,692,005.242","67,607,354.555","30,261,538.462","40,329,113.924","43,871,690.141","40,118,057.663","15,717,446.809","46,195,000","43,640,625","41,309,859.155","30,493,240.093","20,357,236.842","42,391,125.198","44,710,000","28,300,000","11,700,000","41,700,000","41,700,000","17,208,921.933","39,200,000","44,433,944.954","46,556,643.357","28,088,372.093","29,880,000","53,420,065.789","38,901,886.792","19,740,000","-103,380,000","73,979,420.732","38,886,759.582","21,420,000","49,100,000","54,400,000","-5,522,395.833","-2,561,316.872","49,200,000","48,900,000","36,200,000","12,000,000","18,061,164.171","32,933,600","14,261,707.43","22,508,189.222","9,745,130.363","44,367,178.419","21,632,232.744","21,213,161.66","15,943,557.358","21,026,502.545","9,819,834.847","11,262,735.792","18,800,000","19,859,604.52","6,119,791.667","10,300,980.392","13,587,250.996","18,555,087.719","5,759,154.93","6,323,353.293","8,093,782.383","12,268,085.106","6,202,061.856","4,994,285.714","11,300,000","18,100,000","7,100,000","8,200,000","13,600,000","15,400,000","5,700,000","6,300,000","11,700,000","12,900,000","4,158,904.11","3,659,523.81","9,100,000","11,800,000","7,200,000","3,900,000","8,300,000","8,900,000","3,300,000","3,200,000","5,800,000","7,000,000","800,000","2,600,000","4,900,000","7,700,000","1,800,000","2,900,000",,,,,,,,,,,,,,,,,,
InterestExpense,"226,100,000","61,500,000","60,300,000","56,200,000","48,100,000","47,800,000","48,100,000","50,000,000","50,500,000","48,100,000","46,600,000","44,900,000","40,200,000","36,500,000","36,700,000","33,900,000","31,300,000","31,200,000","31,400,000","31,600,000","29,900,000","28,300,000","28,500,000","27,200,000","25,800,000","25,800,000","25,600,000","26,000,000","25,600,000","25,700,000","25,900,000","21,200,000","16,200,000","13,900,000","13,100,000","11,900,000","11,200,000","10,900,000","10,700,000","10,800,000","10,600,000","10,400,000","10,300,000","10,600,000","9,500,000","8,700,000","8,600,000","8,700,000","8,600,000","7,400,000","6,800,000","7,000,000","7,300,000",,,,,,,,,,,,,,,,,,,,,,,,,,,,,,,,,,,,,,,,,,,,,,,,,,,,,,,,,,,,,,,,,,,,,,,,,,,,,,,,,,,,,,,,,,,,,,
NetInterestIncome,"-226,100,000","-61,500,000","-60,300,000","-56,200,000","-48,100,000","-47,800,000","-48,100,000","-50,000,000","-50,500,000","-48,100,000","-46,600,000","-44,900,000","-40,200,000","-36,500,000","-36,700,000","-33,900,000","-31,300,000","-31,200,000","-31,400,000","-31,600,000","-29,900,000","-28,300,000","-28,500,000","-27,200,000","-25,800,000","-25,800,000","-25,600,000","-26,000,000","-25,600,000","-25,700,000","-25,900,000","-21,200,000","-16,200,000","-13,900,000","-13,100,000","-11,900,000","-11,200,000","-10,900,000","-10,700,000","-10,800,000","-10,600,000","-10,400,000","-10,300,000","-10,600,000","-9,500,000","-8,700,000","-8,600,000","-8,700,000","-8,600,000","-7,400,000","-6,800,000","-7,000,000","-7,300,000",,,,,,,,,,,,,,,,,,,,,,,,,,,,,,,,,,,,,,,,,,,,,,,,,,,,,,,,,,,,,,,,,,,,,,,,,,,,,,,,,,,,,,,,,,,,,,
EBIT,"1,201,200,000","174,500,000","291,700,000","278,500,000","456,500,000","181,500,000","257,600,000","221,700,000","406,500,000","132,100,000","161,400,000","150,400,000","362,000,000","79,700,000","127,000,000","137,500,000","273,600,000","113,300,000","128,100,000","178,600,000","82,200,000","97,100,000","123,400,000","164,700,000","81,500,000","54,200,000","131,300,000","154,500,000","56,500,000","52,000,000","113,600,000","128,300,000","62,500,000","63,200,000","98,600,000","109,300,000","53,500,000","56,300,000","87,000,000","101,900,000","43,100,000","57,800,000","81,300,000","76,500,000","33,000,000","34,500,000","79,000,000","72,600,000","51,500,000","37,800,000","69,900,000","81,100,000","50,800,000","-8,100,000","56,500,000","76,600,000","34,900,000","-28,900,000","81,100,000","97,400,000","66,500,000","62,600,000","105,400,000","61,800,000","35,500,000","-49,500,000","99,000,000","93,600,000","72,200,000","233,000,000","70,600,000","60,000,000","50,500,000","66,700,000","66,400,000","50,300,000","16,000,000","54,705,000","44,633,000","22,918,000","48,805,000","39,097,000","50,278,000","28,598,000","29,327,000","20,272,000","30,117,000","15,118,000","17,327,000","47,900,000","30,700,000","9,400,000","15,800,000","20,300,000","27,400,000","8,700,000","9,500,000","12,100,000","18,600,000","9,400,000","7,600,000","16,900,000","25,500,000","10,700,000","12,400,000","19,900,000","23,600,000","8,800,000","9,700,000","7,800,000","21,000,000","7,100,000","6,300,000","-700,000","19,300,000","11,800,000","6,700,000","13,100,000","14,200,000","5,700,000","5,500,000","9,500,000","10,300,000","1,800,000","4,700,000","8,200,000","12,600,000","3,300,000","5,100,000","-97,900,000","47,500,000","38,500,000","40,500,000","-91,800,000","44,300,000","33,100,000","36,800,000","-85,200,000","39,700,000","29,300,000","31,600,000","-72,700,000","33,800,000","20,400,000","24,500,000","-42,100,000","23,100,000"
EBITDA,"1,767,500,000"
ReconciledCostOfRevenue,"5,233,700,000","1,274,800,000","1,399,200,000","1,242,600,000","1,317,100,000","1,137,500,000","1,234,300,000","1,009,200,000","1,119,300,000","1,176,100,000","1,270,800,000","1,131,300,000","1,252,700,000","1,228,400,000","1,311,800,000","1,201,900,000","1,241,800,000","1,159,400,000","1,131,500,000","1,072,800,000","1,024,500,000","988,700,000","1,076,300,000","956,000,000","926,500,000","950,200,000","1,023,800,000","921,900,000","884,500,000","897,900,000","890,800,000","800,500,000","637,300,000","628,800,000","559,400,000","492,100,000","442,000,000","448,200,000","401,600,000","393,100,000","362,100,000","384,000,000","342,500,000","336,500,000","295,100,000","864,100,000","84,800,000","87,400,000","145,200,000","87,800,000","80,700,000","78,100,000","77,700,000","111,200,000","103,800,000","85,600,000","235,600,000","173,200,000","88,100,000","87,800,000","81,200,000","89,900,000","79,500,000","72,600,000","71,800,000","101,500,000","74,200,000","72,900,000","66,800,000","69,600,000","67,400,000","65,600,000","64,900,000","70,200,000","58,800,000","63,200,000","61,000,000","86,486,000","78,335,000","72,004,000","67,295,000","73,760,000","68,176,000","71,051,000","63,573,000","65,318,000","52,151,000","46,898,000","43,125,000","174,100,000","42,700,000","42,500,000","37,700,000","53,000,000","38,300,000","36,800,000","34,900,000","40,100,000","36,000,000","36,500,000","33,700,000","38,400,000","33,700,000","32,100,000","30,700,000","32,200,000","30,600,000","29,200,000","28,300,000","28,100,000","26,600,000","24,600,000","25,700,000","25,200,000","25,500,000","24,200,000","21,200,000","23,800,000","23,500,000","21,700,000",,,,,,,,,,,,,,,,,,,,,,,,,,,
ReconciledDepreciation,"566,300,000","146,500,000","131,300,000","145,200,000","143,300,000","133,500,000","133,900,000","122,600,000","172,400,000","129,600,000","119,300,000","115,000,000","110,500,000","109,800,000","106,200,000","104,200,000","98,800,000","96,600,000","100,100,000","95,300,000","93,800,000","89,300,000","88,900,000","88,600,000","84,000,000","93,800,000","81,900,000","82,300,000","76,200,000","73,600,000","72,900,000","59,500,000","52,900,000","50,300,000","45,100,000","42,800,000","40,400,000","36,700,000","36,500,000","36,400,000","30,800,000","33,900,000","29,400,000","27,400,000","24,500,000","24,100,000","22,800,000","24,600,000","21,600,000","22,400,000","21,500,000","21,600,000","20,100,000","28,400,000","14,300,000","20,500,000","17,400,000","14,500,000","16,400,000","17,500,000","16,900,000","17,200,000","16,200,000","16,900,000","14,700,000","13,600,000","14,700,000","15,500,000","16,700,000","16,200,000","15,500,000","17,700,000","13,900,000","13,600,000","16,300,000","9,700,000","9,000,000","8,386,000","8,915,000","8,389,000","6,740,000","6,065,000","4,782,000","4,868,000","4,327,000","3,923,000","4,556,000","4,073,000","3,764,000","4,600,000","3,800,000","3,600,000","3,300,000","3,200,000","2,800,000","2,800,000","2,900,000","3,100,000","2,700,000","2,700,000","2,600,000","2,500,000","2,500,000","2,600,000","2,200,000","2,000,000","2,200,000","1,800,000","2,000,000","1,900,000","1,900,000","1,800,000","1,800,000","1,700,000","1,600,000","1,600,000","1,500,000","1,300,000","1,800,000",,,,,,,,,,,,,,,,,,,,,,,,,,,,
NetIncomeFromContinuingOperationNetMinorityInterest,"906,800,000","109,400,000","225,100,000","190,200,000","382,100,000","142,200,000","176,600,000","153,700,000","346,300,000","98,500,000","126,100,000","110,100,000","334,100,000","117,300,000","127,600,000","114,900,000","273,700,000","105,100,000","130,400,000","171,900,000","55,700,000","95,100,000","122,800,000","150,000,000","46,500,000","62,300,000","133,300,000","139,300,000","21,900,000","51,500,000","93,600,000","109,000,000","49,300,000","60,000,000","74,600,000","93,500,000","40,500,000","33,500,000","61,700,000","71,700,000","28,100,000","40,500,000","46,700,000","41,700,000","15,200,000","46,000,000","46,200,000","41,900,000","29,200,000","19,400,000","41,600,000","43,800,000","28,300,000","11,700,000","41,700,000","41,700,000","16,300,000","39,200,000","51,800,000","43,800,000","19,800,000","24,600,000","50,200,000","36,600,000","17,100,000","7,500,000","50,500,000","44,200,000","-73,800,000","49,100,000","54,400,000","46,100,000","38,900,000","49,200,000","48,900,000","36,200,000","12,000,000","38,293,000","23,310,000","34,461,000","33,675,000","33,073,000","41,903,000","23,056,000","23,462,000","25,401,000","30,858,000","14,733,000","15,155,000","18,800,000","22,900,000","12,500,000","13,300,000","16,800,000","19,300,000","9,400,000","11,000,000","12,700,000","18,600,000","12,800,000","9,200,000","11,300,000","18,100,000","7,100,000","8,200,000","13,600,000","15,400,000","5,700,000","6,300,000","11,700,000","12,900,000","4,600,000","5,300,000","9,100,000","11,800,000","7,200,000","3,900,000","8,300,000","8,900,000","3,300,000","3,200,000","5,800,000","7,000,000","800,000","2,600,000","4,900,000","7,700,000","1,800,000","2,900,000",,,,,,,,,,,,,,,,,,
TotalUnusualItemsExcludingGoodwill,"-116,900,000","-46,700,000","-46,100,000","-13,200,000","-10,900,000","-30,700,000","-16,700,000","-14,700,000","89,200,000","9,700,000","-2,400,000","-1,500,000","54,200,000","-2,400,000","-5,800,000","6,000,000","-7,400,000","-3,400,000","-10,600,000","-5,100,000","-11,800,000","-10,900,000","-4,100,000","-13,200,000","-3,900,000","-14,700,000","-9,700,000","-5,600,000","-10,600,000","-900,000","-4,500,000","-7,000,000","-5,100,000","-200,000","400,000","2,500,000","-4,400,000","-2,400,000","-3,700,000","5,200,000","-2,500,000","200,000","4,300,000","2,500,000","-800,000","-300,000","3,900,000","900,000","-1,900,000","-1,500,000","-1,200,000","-1,400,000",,,,,"-1,500,000",,"9,300,000","-3,600,000","-9,000,000","-8,800,000","-3,900,000","-3,000,000","-4,400,000","184,800,000","-30,500,000","6,900,000","-158,700,000",,,"64,500,000","51,800,000",,,,,"28,903,000","-13,748,000","28,447,000","16,184,000","26,090,000","-2,471,000","1,766,000","2,811,000","12,025,000","14,082,000","7,564,000","5,988,000",,"4,700,000","9,800,000","4,600,000","4,800,000","1,100,000","5,500,000","7,100,000","7,000,000","9,600,000","10,000,000","6,400,000",,,,,,,,,,,"700,000","2,600,000",,,,,,,,,,,,,,,,,,,,,,,,,,,,,,,,,,
TotalUnusualItems,"-116,900,000","-46,700,000","-46,100,000","-13,200,000","-10,900,000","-30,700,000","-16,700,000","-14,700,000","89,200,000","9,700,000","-2,400,000","-1,500,000","54,200,000","-2,400,000","-5,800,000","6,000,000","-7,400,000","-3,400,000","-10,600,000","-5,100,000","-11,800,000","-10,900,000","-4,100,000","-13,200,000","-3,900,000","-14,700,000","-9,700,000","-5,600,000","-10,600,000","-900,000","-4,500,000","-7,000,000","-5,100,000","-200,000","400,000","2,500,000","-4,400,000","-2,400,000","-3,700,000","5,200,000","-2,500,000","200,000","4,300,000","2,500,000","-800,000","-300,000","3,900,000","900,000","-1,900,000","-1,500,000","-1,200,000","-1,400,000",,,,,"-1,500,000",,"9,300,000","-3,600,000","-9,000,000","-8,800,000","-3,900,000","-3,000,000","-4,400,000","184,800,000","-30,500,000","6,900,000","-158,700,000",,,"64,500,000","51,800,000",,,,,"28,903,000","-13,748,000","28,447,000","16,184,000","26,090,000","-2,471,000","1,766,000","2,811,000","12,025,000","14,082,000","7,564,000","5,988,000",,"4,700,000","9,800,000","4,600,000","4,800,000","1,100,000","5,500,000","7,100,000","7,000,000","9,600,000","10,000,000","6,400,000",,,,,,,,,,,"700,000","2,600,000",,,,,,,,,,,,,,,,,,,,,,,,,,,,,,,,,,
NormalizedEBITDA,"1,884,400,000","367,700,000","469,100,000","436,900,000","610,700,000","345,700,000","408,200,000","359,000,000","489,700,000","252,000,000","283,100,000","266,900,000","418,300,000","191,900,000","239,000,000","235,700,000","379,800,000","213,300,000","238,800,000","279,000,000","187,800,000","197,300,000","216,400,000","266,500,000","169,400,000","162,700,000","222,900,000","242,400,000","143,300,000","126,500,000","191,000,000","194,800,000","120,500,000","113,700,000","143,300,000","149,600,000","98,300,000","95,400,000","127,200,000","133,100,000","76,400,000","91,500,000","106,400,000","101,400,000","58,300,000","58,900,000","97,900,000","96,300,000","75,000,000","61,700,000","92,600,000","104,100,000","70,900,000","20,300,000","74,700,000","97,100,000","53,800,000","-14,400,000","88,200,000","118,500,000","92,400,000","88,600,000","125,500,000","81,700,000","54,600,000","-220,700,000","144,200,000","102,200,000","247,600,000","249,200,000","86,100,000","13,200,000","12,600,000","80,300,000","82,700,000","60,000,000","25,000,000","34,188,000","67,296,000","2,860,000","39,361,000","19,072,000","57,531,000","31,700,000","30,843,000","12,170,000","20,591,000","11,627,000","15,103,000","52,500,000","29,800,000","3,200,000","14,500,000","18,700,000","29,100,000","6,000,000","5,300,000","8,200,000","11,700,000","2,100,000","3,800,000","19,400,000","28,000,000","13,300,000","14,600,000","21,900,000","25,800,000","10,600,000","11,700,000","9,700,000","22,900,000","8,200,000","5,500,000","1,000,000","20,900,000","13,400,000","8,200,000","14,400,000","16,000,000","5,700,000","5,500,000","9,500,000","10,300,000","1,800,000","4,700,000","8,200,000","12,600,000","3,300,000","5,100,000","-97,900,000","47,500,000","38,500,000","40,500,000","-91,800,000","44,300,000","33,100,000","36,800,000","-85,200,000","39,700,000","29,300,000","31,600,000","-72,700,000","33,800,000","20,400,000","24,500,000","-42,100,000","23,100,000"
TaxRateForCalcs,"0.021","0.27","0.242","0.092","0.036","0.27","0.104","0.058","0.002","0.27","0.27","0.27","0.27","0.27","0.27","0.27","0.27","0.4","0.4","0.4","0.4","0.4","0.4","0.4","0.4","0.4","0.4","0.4","0.4","0.35","0.35","0.35","0.35","0.35","0.127","0.04","0.043","0.262","0.191","0.213","0.135","0.146","0.342","0.367","0.353","0.35","0.344","0.344","0.319","0.362","0.341","0.35","0.349","0.35","0.156","0.398","0.394","0.3","0.208","0.234","0.079","0.4","0.174","0.233","0.4","0.4","0.23","0.23","0.4","0.199","0.2","0.2","0.2","0.241","0.241","0.251","0.25","0.3","0.3","0.29","0.31","0.106","0.003","0.194","0.2","0.214","0.302","0.35","0.35","0.349","0.353","0.349","0.348","0.331","0.323","0.338","0.341","0.342","0.34","0.34","0.343","0.335","0.293","0.336","0.339","0.32","0.35","0.352","0.351","0.312","0.371","0.37","0.369","0.372","0.372","0.368","0.371","0.346","0.346","0.353","0.347","0.356","0.278","0.333","0.35","0.347","0.358","0.357","0.356",,,,,,,,,,,,,,,,,,
TaxEffectOfUnusualItems,"-2,454,900","-12,609,000","-11,156,200","-1,214,400","-392,400","-8,289,000","-1,736,800","-852,600","178,400","2,619,000","-648,000","-405,000","14,634,000","-648,000","-1,566,000","1,620,000","-1,998,000","-1,360,000","-4,240,000","-2,040,000","-4,720,000","-4,360,000","-1,640,000","-5,280,000","-1,560,000","-5,880,000","-3,880,000","-2,240,000","-4,240,000","-315,000","-1,575,000","-2,450,000","-1,785,000","-70,000","50,800","100,000","-189,200","-629,074.89","-707,994.758","1,107,354.555","-338,461.538","29,113.924","1,471,690.141","918,057.663","-282,553.191","-105,000","1,340,625","309,859.155","-606,759.907","-542,763.158","-408,874.802","-490,000","0","0","0","0","-591,078.067","0","1,933,944.954","-843,356.643","-711,627.907","-3,520,000","-679,934.211","-698,113.208","-1,760,000","73,920,000","-7,020,579.268","1,586,759.582","-63,480,000","0","0","12,877,604.167","10,338,683.128","0","0","0","0","8,671,164.171","-4,124,400","8,247,707.43","5,017,189.222","2,762,130.363","-6,821.581","342,232.744","562,161.66","2,567,557.358","4,250,502.545","2,650,834.847","2,095,735.792","0","1,659,604.52","3,419,791.667","1,600,980.392","1,587,250.996","355,087.719","1,859,154.93","2,423,353.293","2,393,782.383","3,268,085.106","3,402,061.856","2,194,285.714","0","0","0","0","0","0","0","0","0","0","258,904.11","959,523.81","0","0","0","0","0","0","0","0","0","0","0","0","0","0","0","0",,,,,,,,,,,,,,,,,,