name,ttm,12/31/2021,09/30/2021,06/30/2021,03/31/2021,12/31/2020,09/30/2020,06/30/2020,03/31/2020,12/31/2019,09/30/2019,06/30/2019,03/31/2019,12/31/2018,09/30/2018,06/30/2018,03/31/2018,12/31/2017,09/30/2017,06/30/2017,03/31/2017,12/31/2016,09/30/2016,06/30/2016,03/31/2016,12/31/2015,09/30/2015,06/30/2015,03/31/2015,12/31/2014,09/30/2014,06/30/2014,03/31/2014,12/31/2013,09/30/2013,06/30/2013,03/31/2013,12/31/2012
TotalRevenue,"2,867,400,000","709,200,000","717,000,000","746,900,000","694,300,000","727,300,000","728,400,000","589,500,000","674,700,000","719,500,000","748,300,000","731,200,000","655,000,000","702,400,000","711,500,000","704,700,000","613,100,000","623,100,000","609,400,000","627,000,000","548,800,000","569,700,000","581,100,000","584,900,000","502,300,000","545,400,000","544,500,000","519,500,000","458,700,000","573,500,000","546,700,000","531,500,000","472,500,000","550,600,000","529,000,000","528,700,000","473,300,000","522,900,000"
	OperatingRevenue,"2,867,400,000","709,200,000","717,000,000","746,900,000","694,300,000","727,300,000","728,400,000","589,500,000","674,700,000","719,500,000","748,300,000","731,200,000","655,000,000","702,400,000","711,500,000","704,700,000","613,100,000","623,100,000","609,400,000","627,000,000","548,800,000","569,700,000","581,100,000","584,900,000","502,300,000","545,400,000","544,500,000","519,500,000","458,700,000","573,500,000","546,700,000","531,500,000","472,500,000","550,600,000","529,000,000","528,700,000","473,300,000","522,900,000"
CostOfRevenue,"1,662,500,000","422,700,000","416,500,000","426,400,000","396,900,000","407,400,000","409,200,000","342,900,000","381,600,000","400,300,000","412,800,000","410,500,000","378,100,000","401,900,000","402,100,000","399,100,000","355,300,000","348,200,000","335,500,000","346,000,000","308,000,000","331,600,000","317,600,000","317,500,000","286,000,000","325,200,000","304,500,000","297,700,000","271,600,000","374,000,000","310,600,000","305,200,000","280,600,000","334,100,000","290,600,000","310,200,000","287,200,000","303,500,000"
GrossProfit,"1,204,900,000","286,500,000","300,500,000","320,500,000","297,400,000","319,900,000","319,200,000","246,600,000","293,100,000","319,200,000","335,500,000","320,700,000","276,900,000","300,500,000","309,400,000","305,600,000","257,800,000","274,900,000","273,900,000","281,000,000","240,800,000","238,100,000","263,500,000","267,400,000","216,300,000","220,200,000","240,000,000","221,800,000","187,100,000","199,500,000","236,100,000","226,300,000","191,900,000","216,500,000","238,400,000","218,500,000","186,100,000","219,400,000"
OperatingExpense,"674,700,000","171,400,000","162,100,000","175,100,000","166,100,000","161,500,000","156,200,000","150,100,000","167,900,000","175,900,000","167,400,000","175,000,000","168,900,000","159,100,000","167,100,000","162,200,000","159,100,000","145,700,000","147,800,000","146,900,000","142,000,000","140,900,000","142,000,000","143,100,000","133,800,000","138,700,000","129,600,000","126,100,000","116,100,000","135,900,000","130,500,000","136,600,000","125,100,000","126,700,000","122,200,000","118,500,000","117,300,000","117,300,000"
	SellingGeneralAndAdministration,"674,700,000","171,400,000","162,100,000","175,100,000","166,100,000","161,500,000","156,200,000","150,100,000","167,900,000","175,900,000","167,400,000","175,000,000","168,900,000","159,100,000","167,100,000","162,200,000","159,100,000","145,700,000","147,800,000","146,900,000","142,000,000","140,900,000","142,000,000","143,100,000","133,800,000","138,700,000","129,600,000","126,100,000","116,100,000","135,900,000","130,500,000","136,600,000","125,100,000","126,700,000","122,200,000","118,500,000","117,300,000","117,300,000"
		SellingAndMarketingExpense,,,,,,,,"150,100,000","167,900,000","175,900,000","167,400,000","175,000,000","168,900,000","159,100,000","167,100,000","162,200,000","159,100,000","145,700,000","147,800,000","146,900,000","142,000,000","140,900,000","142,000,000","143,100,000","133,800,000","138,700,000","129,600,000","126,100,000","116,100,000","135,900,000","130,500,000","136,600,000","125,100,000","126,700,000","122,200,000","118,500,000","117,300,000","117,300,000"
OperatingIncome,"530,200,000","115,100,000","138,400,000","145,400,000","131,300,000","158,400,000","163,000,000","96,500,000","125,200,000","143,300,000","168,100,000","145,700,000","108,000,000","141,400,000","142,300,000","143,400,000","98,700,000","129,200,000","126,100,000","134,100,000","98,800,000","97,200,000","121,500,000","124,300,000","82,500,000","81,500,000","110,400,000","95,700,000","71,000,000","63,600,000","105,600,000","89,700,000","66,800,000","89,800,000","116,200,000","100,000,000","68,800,000","102,100,000"
NetNonOperatingInterestIncomeExpense,"-49,800,000","-13,200,000","-12,000,000","-12,300,000","-12,300,000","-12,200,000","-12,700,000","-12,900,000","-12,400,000","-12,600,000","-15,200,000","-13,000,000","-13,400,000","-13,600,000","-13,600,000","-13,300,000","-12,700,000","-55,400,000","-17,500,000","-15,900,000","-15,800,000","-15,900,000","-15,100,000","-15,600,000","-15,800,000","-15,900,000","-13,400,000","-10,800,000","-11,300,000","-14,800,000","-12,600,000","-12,400,000","-12,900,000","-8,100,000","-500,000","-500,000","-300,000","-200,000"
	InterestIncomeNonOperating,"400,000","0","300,000","100,000","0","100,000","200,000","100,000","500,000","700,000","400,000","400,000","300,000","100,000","400,000","100,000","200,000","600,000","300,000","200,000","100,000","0","500,000","900,000","500,000","400,000","300,000","500,000","300,000","700,000","100,000","100,000","200,000","700,000","0","0","100,000","200,000"
	InterestExpenseNonOperating,"50,200,000","13,200,000","12,300,000","12,400,000","12,300,000","12,300,000","12,900,000","13,000,000","12,900,000","13,300,000","15,600,000","13,400,000","13,700,000","13,700,000","14,000,000","13,400,000","12,900,000","56,000,000","17,800,000","16,100,000","15,900,000","15,900,000","15,600,000","16,500,000","16,300,000","16,300,000","13,700,000","11,300,000","11,600,000","15,500,000","12,700,000","12,500,000","13,100,000","8,800,000","500,000","500,000","400,000","300,000"
OtherIncomeExpense,"43,600,000","22,600,000","14,400,000","3,100,000","3,500,000","-40,400,000","9,400,000","4,300,000","-100,800,000","-33,000,000","-2,400,000","-1,100,000","800,000","-600,000","1,500,000","1,500,000","200,000","4,400,000","3,400,000","5,000,000","-700,000","1,200,000","-85,300,000","7,700,000","8,300,000","10,200,000","-103,800,000","-900,000","-3,400,000","-8,400,000","1,900,000","900,000",,"-900,000","-137,800,000","800,000","-7,600,000","-700,000"
	GainOnSaleOfSecurity,"-2,700,000","-700,000","-800,000","-800,000","-400,000","300,000","-200,000","100,000","-900,000","-700,000","-800,000","-500,000","200,000","-1,300,000","800,000","600,000","-400,000","-300,000","100,000","-400,000","-100,000","900,000","-500,000","600,000","-3,000,000","-1,200,000","200,000","-600,000","-3,300,000","-9,900,000","1,700,000","700,000","-100,000","-1,000,000",,"600,000","-7,500,000","-800,000"
	EarningsFromEquityInterest,"6,400,000","400,000","6,300,000","400,000","-700,000","900,000","-100,000","0","-500,000","400,000","-100,000","-300,000","-100,000","300,000","0","100,000","0","700,000","100,000","5,200,000","-600,000","-300,000","-100,000","500,000","3,500,000",,,,,,,,,,,,,
	SpecialIncomeCharges,"0","0","0","0","0","-40,700,000","-2,600,000","0","-96,300,000","-30,100,000",,,,,,,,"0","0",,,"0","-84,400,000",,,"2,500,000","-106,700,000",,,"0","0",,,"0","-137,600,000",,,"0"
		ImpairmentOfCapitalAssets,"0","0","0","0","0","2,800,000","2,600,000","0","96,300,000",,,,,,,,,,,,,,,,,,,,,"0","0",,,"0","137,600,000",,,"0"
		GainOnSaleOfBusiness,"0",,,,,,,,,"-30,100,000",,,,,,,,"0","0",,,"0","-84,400,000",,,"2,500,000","-106,700,000",,,,,,,,,,,
		GainOnSaleOfPPE,"0","0",,,,,,,,,,,,,,,,,,,,,,,,,,,,,,,,,,,,
	OtherNonOperatingIncomeExpenses,"39,900,000","22,900,000","8,900,000","3,500,000","4,600,000","-900,000","12,300,000","4,200,000","-3,100,000","-2,600,000","-1,500,000","-300,000","700,000","400,000","700,000","800,000","600,000","4,000,000","3,200,000","200,000",,"600,000","-300,000","6,600,000","7,800,000","8,900,000","2,700,000","-300,000","-100,000","1,500,000","200,000","200,000","100,000","-200,000","-200,000","200,000","-100,000",
PretaxIncome,"524,000,000","124,500,000","140,800,000","136,200,000","122,500,000","105,800,000","159,700,000","87,900,000","12,000,000","97,700,000","150,500,000","131,600,000","95,400,000","127,200,000","130,200,000","131,600,000","86,200,000","78,200,000","112,000,000","123,200,000","82,300,000","82,500,000","21,100,000","116,400,000","75,000,000","75,800,000","-6,800,000","84,000,000","56,300,000","40,400,000","94,900,000","78,200,000","53,900,000","80,800,000","-22,100,000","100,300,000","60,900,000","101,200,000"
TaxProvision,"40,700,000","11,800,000","-2,800,000","17,400,000","14,300,000","12,400,000","12,800,000","14,200,000","11,500,000","17,000,000","18,800,000","22,200,000","15,100,000","-5,700,000","14,100,000","17,600,000","13,800,000","66,100,000","21,900,000","17,400,000","13,600,000","7,500,000","19,100,000","21,000,000","16,200,000","3,800,000","19,400,000","19,000,000","12,400,000","17,600,000","27,200,000","23,100,000","16,300,000","72,300,000","45,500,000","37,000,000","19,700,000","37,500,000"
NetIncomeCommonStockholders,"483,000,000","112,800,000","143,500,000","118,700,000","108,000,000","93,300,000","146,900,000","73,700,000","400,000","80,700,000","131,600,000","109,300,000","80,200,000","132,800,000","116,000,000","113,900,000","72,200,000","9,600,000","89,800,000","105,500,000","68,400,000","74,800,000","1,600,000","95,000,000","57,700,000","71,900,000","-27,300,000","63,900,000","45,400,000","35,800,000","60,300,000","43,500,000","35,600,000","9,400,000","-78,100,000","60,300,000","39,400,000","59,200,000"
	NetIncome,"483,000,000","112,800,000","143,500,000","118,700,000","108,000,000","93,300,000","146,900,000","73,700,000","400,000","80,700,000","131,600,000","109,300,000","80,200,000","132,800,000","116,000,000","113,900,000","72,200,000","9,600,000","89,800,000","105,500,000","68,400,000","74,800,000","1,600,000","95,000,000","57,700,000","71,900,000","-27,300,000","63,900,000","45,400,000","35,800,000","60,300,000","43,500,000","35,600,000","9,400,000","-78,100,000","60,300,000","39,400,000","59,200,000"
		NetIncomeIncludingNoncontrollingInterests,"483,300,000","112,700,000","143,600,000","118,800,000","108,200,000","93,400,000","146,900,000","73,700,000","500,000","80,700,000","131,700,000","109,400,000","80,300,000","132,900,000","116,100,000","114,000,000","72,400,000","12,100,000","90,100,000","105,800,000","68,700,000","75,000,000","2,000,000","95,400,000","58,800,000","72,000,000","-26,400,000","65,000,000","43,700,000","22,600,000","65,600,000","47,000,000","37,400,000","8,000,000","-68,000,000","62,500,000","41,000,000","61,000,000"
			NetIncomeContinuousOperations,"483,300,000","112,700,000","143,600,000","118,800,000","108,200,000","93,400,000","146,900,000","73,700,000","500,000","80,700,000","131,700,000","109,400,000","80,300,000","132,900,000","116,100,000","114,000,000","72,400,000","12,100,000","90,100,000","105,800,000","68,700,000","75,000,000","2,000,000","95,400,000","58,800,000","72,000,000","-26,200,000","65,000,000","43,900,000","22,800,000","67,700,000","55,100,000","37,600,000","8,500,000","-67,600,000","63,300,000","41,200,000","63,700,000"
			NetIncomeDiscontinuousOperations,,,,,,,,,,,,,,,,,,,,,,"0",,"0",,"0","-200,000","0","-200,000","-200,000","-2,100,000","-8,100,000","-200,000","-500,000","-400,000","-800,000","-200,000","-2,700,000"
		MinorityInterests,"-300,000","100,000","-100,000","-100,000","-200,000","-100,000","0","0","-100,000","0","-100,000","-100,000","-100,000","-100,000","-100,000","-100,000","-200,000","-2,500,000","-300,000","-300,000","-300,000","-200,000","-400,000","-400,000","-1,100,000","-100,000","-900,000","-1,100,000","1,700,000","13,200,000","-5,300,000","-3,500,000","-1,800,000","1,400,000","-10,100,000","-2,200,000","-1,600,000","-1,800,000"
DilutedNIAvailtoComStockholders,"483,000,000","112,800,000","143,500,000","118,700,000","108,000,000","93,300,000","146,900,000","73,700,000","400,000","80,700,000","131,600,000","109,300,000","80,200,000","132,800,000","116,000,000","113,900,000","72,200,000","9,600,000","89,800,000","105,500,000","68,400,000","74,800,000","1,600,000","95,000,000","57,700,000","71,900,000","-27,300,000","63,900,000","45,400,000","35,800,000","60,300,000","43,500,000","35,600,000","9,400,000","-78,100,000","60,300,000","39,400,000","59,200,000"
BasicEPS,,"1.26","1.6","1.32","1.19",,"1.59","0.8","0.004","0.87","1.41","1.17","0.85","1.4","1.22","1.2","0.76","0.1","0.95","1.11","0.72","0.78","0.02","0.99","0.6","0.75","-0.28","0.67","0.47","0.37","0.63","0.45","0.37","0.1","-0.813","0.628","0.41",
DilutedEPS,,"1.26","1.59","1.31","1.18",,"1.58","0.8","0.004","0.86","1.4","1.16","0.84","1.39","1.21","1.19","0.75","0.1","0.94","1.1","0.71","0.77","0.02","0.98","0.6","0.74","-0.28","0.66","0.47","0.37","0.62","0.45","0.37","0.1","-0.813","0.628","0.41",
BasicAverageShares,,"89,200,000","89,700,000","90,000,000","90,700,000",,"92,300,000","92,300,000","92,700,000","92,900,000","93,300,000","93,800,000","94,500,000","94,900,000","95,100,000","95,000,000","95,100,000","95,100,000","95,000,000","95,200,000","95,300,000","95,600,000","96,000,000","95,800,000","95,900,000","96,000,000","95,900,000","95,800,000","95,900,000","95,800,000","95,900,000","96,300,000","96,300,000","96,000,000","96,028,568","96,028,568","96,028,568",
DilutedAverageShares,,"89,700,000","90,300,000","90,600,000","91,200,000",,"92,700,000","92,700,000","93,300,000","93,700,000","94,000,000","94,500,000","95,100,000","95,600,000","95,800,000","95,600,000","95,800,000","95,900,000","95,800,000","95,900,000","96,100,000","96,600,000","96,900,000","96,800,000","96,900,000","97,000,000","95,900,000","96,700,000","96,900,000","96,800,000","96,900,000","97,300,000","97,400,000","96,400,000","96,028,568","96,028,568","96,028,568",
TotalOperatingIncomeAsReported,"530,200,000","115,100,000","138,400,000","145,400,000","131,300,000","117,700,000","160,400,000","96,500,000","28,900,000","143,300,000","168,100,000","145,700,000","108,000,000","141,400,000","142,300,000","143,400,000","98,700,000","129,200,000","126,100,000","134,100,000","98,800,000","97,200,000","121,500,000","124,300,000","82,500,000","81,500,000","110,400,000","95,700,000","71,000,000","63,600,000","105,600,000","89,700,000","66,800,000","89,800,000","-21,400,000","100,000,000","68,800,000","102,100,000"
TotalExpenses,"2,337,200,000","594,100,000","578,600,000","601,500,000","563,000,000","568,900,000","565,400,000","493,000,000","549,500,000","576,200,000","580,200,000","585,500,000","547,000,000","561,000,000","569,200,000","561,300,000","514,400,000","493,900,000","483,300,000","492,900,000","450,000,000","472,500,000","459,600,000","460,600,000","419,800,000","463,900,000","434,100,000","423,800,000","387,700,000","509,900,000","441,100,000","441,800,000","405,700,000","460,800,000","412,800,000","428,700,000","404,500,000","420,800,000"
NetIncomeFromContinuingAndDiscontinuedOperation,"483,000,000","112,800,000","143,500,000","118,700,000","108,000,000","93,300,000","146,900,000","73,700,000","400,000","80,700,000","131,600,000","109,300,000","80,200,000","132,800,000","116,000,000","113,900,000","72,200,000","9,600,000","89,800,000","105,500,000","68,400,000","74,800,000","1,600,000","95,000,000","57,700,000","71,900,000","-27,300,000","63,900,000","45,400,000","35,800,000","60,300,000","43,500,000","35,600,000","9,400,000","-78,100,000","60,300,000","39,400,000","59,200,000"
NormalizedIncome,"485,489,400","113,433,654.618","144,084,000","119,397,600","108,353,200","128,965,028.355","149,476,000","73,616,200","71,356,000","106,140,736.95","132,300,000","109,715,500","80,031,600","133,749,000","115,286,400","113,380,400","72,536,000","9,780,000","89,719,600","105,843,600","68,483,500","73,981,818.182","52,540,000","94,508,000","60,052,000","70,665,171.504","36,800,000","64,364,400","48,174,000","42,435,000","61,187,900","51,106,500","35,869,700","10,550,000","11,740,000","60,721,400","44,677,500","62,403,557.312"
InterestIncome,"400,000","0","300,000","100,000","0","100,000","200,000","100,000","500,000","700,000","400,000","400,000","300,000","100,000","400,000","100,000","200,000","600,000","300,000","200,000","100,000","0","500,000","900,000","500,000","400,000","300,000","500,000","300,000","700,000","100,000","100,000","200,000","700,000","0","0","100,000","200,000"
InterestExpense,"50,200,000","13,200,000","12,300,000","12,400,000","12,300,000","12,300,000","12,900,000","13,000,000","12,900,000","13,300,000","15,600,000","13,400,000","13,700,000","13,700,000","14,000,000","13,400,000","12,900,000","56,000,000","17,800,000","16,100,000","15,900,000","15,900,000","15,600,000","16,500,000","16,300,000","16,300,000","13,700,000","11,300,000","11,600,000","15,500,000","12,700,000","12,500,000","13,100,000","8,800,000","500,000","500,000","400,000","300,000"
NetInterestIncome,"-49,800,000","-13,200,000","-12,000,000","-12,300,000","-12,300,000","-12,200,000","-12,700,000","-12,900,000","-12,400,000","-12,600,000","-15,200,000","-13,000,000","-13,400,000","-13,600,000","-13,600,000","-13,300,000","-12,700,000","-55,400,000","-17,500,000","-15,900,000","-15,800,000","-15,900,000","-15,100,000","-15,600,000","-15,800,000","-15,900,000","-13,400,000","-10,800,000","-11,300,000","-14,800,000","-12,600,000","-12,400,000","-12,900,000","-8,100,000","-500,000","-500,000","-300,000","-200,000"
EBIT,"574,200,000","137,700,000","153,100,000","148,600,000","134,800,000","118,100,000","172,600,000","100,900,000","24,900,000","111,000,000","166,100,000","145,000,000","109,100,000","140,900,000","144,200,000","145,000,000","99,100,000","134,200,000","129,800,000","139,300,000","98,200,000","98,400,000","36,700,000","132,900,000","91,300,000","92,100,000","6,900,000","95,300,000","67,900,000","55,900,000","107,600,000","90,700,000","67,000,000","89,600,000","-21,600,000","100,800,000","61,300,000","101,500,000"
EBITDA,"657,300,000"
ReconciledCostOfRevenue,"1,662,500,000","422,700,000","416,500,000","426,400,000","396,900,000","407,400,000","409,200,000","342,900,000","381,600,000","400,300,000","412,800,000","410,500,000","378,100,000","401,900,000","402,100,000","399,100,000","355,300,000","348,200,000","335,500,000","346,000,000","308,000,000","331,600,000","317,600,000","317,500,000","286,000,000","325,200,000","304,500,000","297,700,000","271,600,000","374,000,000","310,600,000","305,200,000","280,600,000","334,100,000","290,600,000","310,200,000","287,200,000","303,500,000"
ReconciledDepreciation,"83,100,000","21,100,000","20,100,000","20,500,000","21,400,000","20,700,000","20,600,000","19,900,000","19,800,000","20,400,000","21,200,000","20,700,000","20,700,000","20,400,000","20,300,000","23,000,000","22,500,000","17,000,000","17,200,000","16,200,000","16,500,000","16,200,000","17,200,000","17,100,000","16,400,000","15,700,000","12,700,000","12,700,000","12,100,000","12,300,000","12,100,000","12,200,000","12,200,000","11,900,000","11,300,000","11,200,000","11,700,000","11,200,000"
NetIncomeFromContinuingOperationNetMinorityInterest,"483,000,000","112,800,000","143,500,000","118,700,000","108,000,000","93,300,000","146,900,000","73,700,000","400,000","80,700,000","131,600,000","109,300,000","80,200,000","132,800,000","116,000,000","113,900,000","72,200,000","9,600,000","89,800,000","105,500,000","68,400,000","74,800,000","1,600,000","95,000,000","57,700,000","71,900,000","-27,100,000","63,900,000","45,600,000","36,000,000","62,400,000","51,600,000","35,800,000","9,900,000","-77,700,000","61,100,000","39,600,000","61,900,000"
TotalUnusualItemsExcludingGoodwill,"-2,700,000","-700,000","-800,000","-800,000","-400,000","-40,400,000","-2,800,000","100,000","-97,200,000","-30,800,000","-800,000","-500,000","200,000","-1,300,000","800,000","600,000","-400,000","-300,000","100,000","-400,000","-100,000","900,000","-84,900,000","600,000","-3,000,000","1,300,000","-106,500,000","-600,000","-3,300,000","-9,900,000","1,700,000","700,000","-100,000","-1,000,000","-137,600,000","600,000","-7,500,000","-800,000"
TotalUnusualItems,"-2,700,000","-700,000","-800,000","-800,000","-400,000","-40,400,000","-2,800,000","100,000","-97,200,000","-30,800,000","-800,000","-500,000","200,000","-1,300,000","800,000","600,000","-400,000","-300,000","100,000","-400,000","-100,000","900,000","-84,900,000","600,000","-3,000,000","1,300,000","-106,500,000","-600,000","-3,300,000","-9,900,000","1,700,000","700,000","-100,000","-1,000,000","-137,600,000","600,000","-7,500,000","-800,000"
NormalizedEBITDA,"660,000,000","159,500,000","174,000,000","169,900,000","156,600,000","179,200,000","196,000,000","120,700,000","141,900,000","162,200,000","188,100,000","166,200,000","129,600,000","162,600,000","163,700,000","167,400,000","122,000,000","151,500,000","146,900,000","155,900,000","114,800,000","113,700,000","138,800,000","149,400,000","110,700,000","106,500,000","126,100,000","108,600,000","83,300,000","78,100,000","118,000,000","102,200,000","79,300,000","102,500,000","127,300,000","111,400,000","80,500,000","113,500,000"
TaxRateForCalcs,"0.078","0.095","0.27","0.128","0.117","0.117","0.08","0.162","0.27","0.174","0.125","0.169","0.158","0.27","0.108","0.134","0.16","0.4","0.196","0.141","0.165","0.091","0.4","0.18","0.216","0.05","0.4","0.226","0.22","0.35","0.287","0.295","0.303","0.35","0.35","0.369","0.323","0.371"
TaxEffectOfUnusualItems,"-210,600","-66,345.382","-216,000","-102,400","-46,800","-4,734,971.645","-224,000","16,200","-26,244,000","-5,359,263.05","-100,000","-84,500","31,600","-351,000","86,400","80,400","-64,000","-120,000","19,600","-56,400","-16,500","81,818.182","-33,960,000","108,000","-648,000","65,171.504","-42,600,000","-135,600","-726,000","-3,465,000","487,900","206,500","-30,300","-350,000","-48,160,000","221,400","-2,422,500","-296,442.688"