name,ttm,01/31/2022,10/31/2021,07/31/2021,04/30/2021,01/31/2021,10/31/2020,07/31/2020,04/30/2020,01/31/2020,10/31/2019,07/31/2019,04/30/2019,01/31/2019,10/31/2018,07/31/2018,04/30/2018,01/31/2018,10/31/2017,07/31/2017,04/30/2017,01/31/2017,10/31/2016,07/31/2016,04/30/2016,01/31/2016,10/31/2015,07/31/2015,04/30/2015,01/31/2015,10/31/2014,07/31/2014,04/30/2014,01/31/2014,10/31/2013,07/31/2013,04/30/2013,01/31/2013,10/31/2012,07/31/2012,04/30/2012,01/31/2012,10/31/2011,07/31/2011,04/30/2011,01/31/2011,10/31/2010,07/31/2010,04/30/2010,01/31/2010,10/31/2009,07/31/2009,04/30/2009,01/31/2009,10/31/2008,07/31/2008,04/30/2008,01/31/2008,10/31/2007,07/31/2007,04/30/2007,01/31/2007,10/31/2006,07/31/2006,04/30/2006,01/31/2006,10/31/2005,07/31/2005,04/30/2005,01/31/2005,10/31/2004,07/31/2004,04/30/2004,01/31/2004,10/31/2003,07/31/2003,04/30/2003,01/31/2003,10/31/2002,07/31/2002,04/30/2002,01/31/2002,10/31/2001,07/31/2001,04/30/2001,01/31/2001,10/31/2000,07/31/2000,04/30/2000,01/31/2000,10/31/1999,07/31/1999,04/30/1999,01/31/1999,10/31/1998,07/31/1998,04/30/1998,01/31/1998,10/31/1997,07/31/1997,04/30/1997,01/31/1997,10/31/1996,07/31/1996,04/30/1996,01/31/1996,10/31/1995,07/31/1995,04/30/1995,01/31/1995,10/31/1994,07/31/1994,04/30/1994,01/31/1994,10/31/1993,07/31/1993,04/30/1993,01/31/1993,10/31/1992,07/31/1992,04/30/1992,01/31/1992,10/31/1991,07/31/1991,04/30/1991,01/31/1991,10/31/1990,07/31/1990,04/30/1990,01/31/1990,10/31/1989,07/31/1989,04/30/1989,01/31/1989,10/31/1988,07/31/1988,04/30/1988,01/31/1988,10/31/1987,07/31/1987,04/30/1987,01/31/1987,10/31/1986,07/31/1986,04/30/1986,01/31/1986,10/31/1985
TotalRevenue,"24,172,000,000","6,271,000,000","6,123,000,000","6,196,000,000","5,582,000,000","5,162,000,000","4,688,000,000","4,395,000,000","3,957,000,000","4,162,000,000","3,754,000,000","3,562,000,000","3,539,000,000","3,753,000,000","4,014,000,000","4,468,000,000","4,567,000,000","4,204,000,000","3,969,000,000","3,744,000,000","3,546,000,000","3,278,000,000","3,297,000,000","2,821,000,000","2,450,000,000","2,257,000,000","2,368,000,000","2,490,000,000","2,442,000,000","2,359,000,000","2,264,000,000","2,265,000,000","2,353,000,000","2,190,000,000","1,988,000,000","1,975,000,000","1,973,000,000","1,573,000,000","1,646,000,000","2,343,000,000","2,541,000,000","2,189,000,000","2,181,000,000","2,787,000,000","2,862,000,000","2,686,000,000","2,886,435,000","2,517,790,000","2,295,540,000","1,848,902,000","1,526,394,000","1,133,740,000","1,020,077,000","1,333,396,000","2,043,677,000","1,848,168,000","2,149,998,000","2,087,397,000","2,367,044,000","2,560,984,000","2,529,561,000","2,277,267,000","2,518,293,000","2,543,443,000","2,247,686,000","1,857,592,000","1,718,120,000","1,631,938,000","1,861,189,000","1,780,576,000","2,203,358,000","2,236,152,000","2,018,105,000","1,555,448,000","1,220,998,000","1,094,907,000","1,107,177,000","1,054,209,000","1,445,698,000","1,459,682,000","1,156,472,000","1,000,460,000","1,368,810,000","1,333,871,000","1,909,435,000","2,731,132,000","2,920,163,000","2,732,028,000","2,190,031,000","1,667,000,000","1,565,500,000","1,433,500,000","1,117,600,000","742,500,000","673,200,000","884,500,000","1,176,300,000","1,307,700,000","1,280,400,000","1,057,200,000","900,900,000","835,800,000","860,900,000","1,115,400,000","1,127,900,000","1,040,600,000","982,700,000","897,700,000","675,400,000","506,100,000","467,800,000","440,200,000","411,300,000","340,400,000","327,400,000","281,400,000","255,700,000","215,600,000","210,500,000","193,800,000","180,100,000","167,000,000","160,600,000","167,300,000","166,100,000","144,600,000","141,000,000","144,200,000","143,100,000","138,800,000","142,100,000","130,200,000","122,800,000","106,700,000","112,800,000","103,400,000","82,600,000","64,000,000","53,300,000","44,100,000","40,900,000","36,100,000","40,300,000","39,200,000","36,000,000","33,900,000","35,300,000"
	OperatingRevenue,"24,172,000,000","6,271,000,000","6,123,000,000","6,196,000,000","5,582,000,000","5,162,000,000","4,688,000,000","4,395,000,000","3,957,000,000","4,162,000,000","3,754,000,000","3,562,000,000","3,539,000,000","3,753,000,000","4,014,000,000","4,468,000,000","4,567,000,000","4,204,000,000","3,969,000,000","3,744,000,000","3,546,000,000","3,278,000,000","3,297,000,000","2,821,000,000","2,450,000,000","2,257,000,000","2,368,000,000","2,490,000,000","2,442,000,000","2,359,000,000","2,264,000,000","2,265,000,000","2,353,000,000","2,190,000,000","1,988,000,000","1,975,000,000","1,973,000,000","1,573,000,000","1,646,000,000","2,343,000,000","2,541,000,000","2,189,000,000","2,181,000,000","2,787,000,000","2,862,000,000","2,686,000,000","2,886,435,000","2,517,790,000","2,295,540,000","1,848,902,000","1,526,394,000","1,133,740,000","1,020,077,000","1,333,396,000","2,043,677,000","1,848,168,000","2,149,998,000","2,087,397,000","2,367,044,000","2,560,984,000","2,529,561,000","2,277,267,000","2,518,293,000","2,543,443,000","2,247,686,000","1,857,592,000","1,718,120,000","1,631,938,000","1,861,189,000","1,780,576,000","2,203,348,000","2,236,152,000","2,018,105,000","1,555,448,000","1,220,998,000","1,094,907,000","1,107,177,000","1,054,209,000","1,445,698,000","1,459,682,000","1,156,472,000","1,000,460,000","1,368,810,000","1,333,871,000","1,909,435,000","2,731,132,000","2,920,163,000","2,732,028,000","2,190,031,000","1,667,000,000","1,565,500,000","1,433,500,000","1,117,600,000","742,500,000","673,200,000","884,500,000","1,176,300,000","1,307,700,000","1,280,400,000","1,057,200,000","900,900,000","835,800,000","860,900,000","1,115,400,000","1,127,900,000","1,040,600,000","982,700,000","897,700,000","675,400,000","506,100,000","467,800,000","440,200,000","411,300,000","340,400,000","327,400,000","281,400,000","255,700,000","215,600,000","210,500,000","193,800,000","180,100,000","167,000,000","160,600,000","167,300,000","166,100,000","144,600,000","141,000,000","144,200,000","143,100,000","138,800,000","142,100,000","130,200,000","122,800,000","106,700,000","112,800,000","103,400,000","82,600,000","64,000,000","53,300,000","44,100,000","40,900,000","36,100,000","40,300,000","39,200,000","36,000,000","33,900,000","35,300,000"
CostOfRevenue,"12,648,000,000","3,312,000,000","3,178,000,000","3,229,000,000","2,929,000,000","2,813,000,000","2,558,000,000","2,440,000,000","2,208,000,000","2,304,000,000","2,120,000,000","2,005,000,000","2,009,000,000","2,088,000,000","2,234,000,000","2,441,000,000","2,477,000,000","2,284,000,000","2,182,000,000","2,044,000,000","1,946,000,000","1,833,000,000","1,898,000,000","1,629,000,000","1,446,000,000","1,341,000,000","1,409,000,000","1,472,000,000","1,426,000,000","1,400,000,000","1,305,000,000","1,273,000,000","1,352,000,000","1,299,000,000","1,193,000,000","1,169,000,000","1,165,000,000","991,000,000","1,059,000,000","1,413,000,000","1,530,000,000","1,403,000,000","1,330,000,000","1,603,000,000","1,673,000,000","1,550,000,000","1,669,637,000","1,657,662,000","1,368,648,000","1,137,718,000","967,558,000","808,866,000","864,558,000","941,820,000","1,244,972,000","1,105,854,000","1,183,170,000","1,152,416,000","1,290,139,000","1,344,594,000","1,392,951,000","1,214,729,000","1,332,169,000","1,320,089,000","1,203,061,000","1,019,893,000","957,990,000","914,849,000","1,042,759,000","990,351,000","1,176,145,000","1,176,920,000","1,079,464,000","879,279,000","726,627,000","747,979,000","734,403,000","663,827,000","843,372,000","853,539,000","693,732,000","615,008,000","837,432,000","800,839,000","1,054,463,000","1,398,481,000","1,411,256,000","1,340,126,000","1,092,433,000","831,500,000","780,600,000","734,900,000","600,400,000","421,400,000","388,100,000","490,100,000","622,000,000","678,200,000","664,100,000","558,300,000","486,800,000","464,100,000","481,300,000","583,400,000","586,600,000","543,800,000","524,200,000","489,300,000","370,400,000","268,100,000","250,400,000","234,700,000","221,900,000","184,500,000","168,400,000","146,000,000","135,800,000","115,300,000","113,700,000","104,800,000","100,600,000","93,300,000","84,700,000","92,100,000","90,000,000","78,600,000","73,600,000","71,400,000","71,600,000","69,500,000",,,,,,,,,,,,,,,,,
GrossProfit,"11,524,000,000","2,959,000,000","2,945,000,000","2,967,000,000","2,653,000,000","2,349,000,000","2,130,000,000","1,955,000,000","1,749,000,000","1,858,000,000","1,634,000,000","1,557,000,000","1,530,000,000","1,665,000,000","1,780,000,000","2,027,000,000","2,090,000,000","1,920,000,000","1,787,000,000","1,700,000,000","1,600,000,000","1,445,000,000","1,399,000,000","1,192,000,000","1,004,000,000","916,000,000","959,000,000","1,018,000,000","1,016,000,000","959,000,000","959,000,000","992,000,000","1,001,000,000","891,000,000","795,000,000","806,000,000","808,000,000","582,000,000","587,000,000","930,000,000","1,011,000,000","786,000,000","851,000,000","1,184,000,000","1,189,000,000","1,136,000,000","1,216,798,000","860,128,000","926,892,000","711,184,000","558,836,000","324,874,000","155,519,000","391,576,000","798,705,000","742,314,000","966,828,000","934,981,000","1,076,905,000","1,216,390,000","1,136,610,000","1,062,538,000","1,186,124,000","1,223,354,000","1,044,625,000","837,699,000","760,130,000","717,089,000","818,430,000","790,225,000","1,027,213,000","1,059,232,000","938,641,000","676,169,000","494,371,000","346,928,000","372,774,000","390,382,000","602,326,000","606,143,000","462,740,000","385,452,000","531,378,000","533,032,000","854,972,000","1,332,651,000","1,508,907,000","1,391,902,000","1,097,598,000","835,500,000","784,900,000","698,600,000","517,200,000","321,100,000","285,100,000","394,400,000","554,300,000","629,500,000","616,300,000","498,900,000","414,100,000","371,700,000","379,600,000","532,000,000","541,300,000","496,800,000","458,500,000","408,400,000","305,000,000","238,000,000","217,400,000","205,500,000","189,400,000","155,900,000","159,000,000","135,400,000","119,900,000","100,300,000","96,800,000","89,000,000","79,500,000","73,700,000","75,900,000","75,200,000","76,100,000","66,000,000","67,400,000","72,800,000","71,500,000","69,300,000",,,,,,,,,,,,,,,,,
OperatingExpense,"3,787,000,000","987,000,000","932,000,000","954,000,000","914,000,000","914,000,000","847,000,000","847,000,000","817,000,000","816,000,000","770,000,000","755,000,000","754,000,000","757,000,000","764,000,000","770,000,000","763,000,000","724,000,000","689,000,000","677,000,000","660,000,000","638,000,000","622,000,000","596,000,000","579,000,000","562,000,000","522,000,000","619,000,000","614,000,000","579,000,000","549,000,000","601,000,000","614,000,000","554,000,000","558,000,000","542,000,000","588,000,000","534,000,000","541,000,000","564,000,000","602,000,000","607,000,000","490,000,000","522,000,000","516,000,000","491,000,000","520,099,000","542,146,000","532,127,000","490,997,000","389,587,000","402,057,000","422,093,000","454,896,000","513,763,000","513,844,000","528,567,000","513,112,000","512,772,000","542,912,000","522,542,000","516,290,000","1,122,460,000","545,219,000","485,132,000","478,913,000","408,590,000","414,392,000","406,912,000","408,015,000","489,489,000","445,688,000","423,607,000","411,337,000","376,603,000","367,453,000","394,204,000","408,223,000","467,470,000","469,730,000","423,378,000","486,125,000","627,403,000","531,831,000","580,535,000","582,118,000","402,659,000","565,663,000","523,753,000","391,600,000","426,800,000","358,400,000","361,300,000","278,500,000","493,300,000","303,600,000","343,400,000","334,500,000","339,600,000","302,000,000","266,500,000","242,400,000","247,600,000","275,900,000","260,300,000","237,200,000","224,800,000","195,000,000","160,300,000","135,900,000","119,200,000","113,300,000","103,600,000","93,600,000","101,300,000","90,100,000","83,600,000","76,500,000","74,000,000","69,500,000","62,500,000","60,500,000","62,800,000","59,300,000","61,300,000","57,000,000","61,000,000","57,200,000","53,300,000","50,700,000",,,,,,,,,,,,,,,,,
	SellingGeneralAndAdministration,"1,254,000,000","333,000,000","310,000,000","314,000,000","297,000,000","308,000,000","287,000,000","275,000,000","267,000,000","264,000,000","255,000,000","240,000,000","246,000,000","241,000,000","246,000,000","266,000,000","254,000,000","236,000,000","223,000,000","223,000,000","223,000,000","221,000,000","228,000,000","210,000,000","193,000,000","188,000,000","159,000,000","247,000,000","249,000,000","228,000,000","189,000,000","244,000,000","259,000,000","198,000,000","220,000,000","208,000,000","244,000,000","230,000,000","237,000,000","255,000,000","281,000,000","303,000,000","222,000,000","240,000,000","219,000,000","221,000,000","241,907,000","251,748,000","226,199,000","221,994,000","155,399,000","168,005,000","185,758,000","225,356,000","238,541,000","245,285,000","241,445,000","239,893,000","241,894,000","250,328,000","231,498,000","228,723,000","250,564,000","240,893,000","209,249,000","206,036,000","171,882,000","177,944,000","181,323,000","166,253,000","214,590,000","188,907,000","179,432,000","168,692,000","148,653,000","150,428,000","161,766,000","165,018,000","194,831,000","193,778,000","166,499,000","153,847,000","206,255,000","240,348,000","209,515,000","245,806,000","276,037,000","261,717,000","230,470,000","183,200,000","180,300,000","187,300,000","158,100,000","132,300,000","130,500,000","149,600,000","161,400,000","152,200,000","164,400,000","141,800,000","134,600,000","125,900,000","129,800,000","147,700,000","135,400,000","126,900,000","118,500,000","106,600,000","86,900,000","74,100,000","68,200,000","60,100,000","59,900,000","53,700,000","89,900,000","80,700,000","74,200,000","67,900,000","65,900,000","60,400,000","55,600,000","53,700,000","56,100,000","53,200,000","55,000,000","51,600,000","55,700,000","53,300,000","49,900,000","47,300,000",,,,,,,,,,,,,,,,,
		GeneralAndAdministrativeExpense,"625,000,000","166,000,000","155,000,000","155,000,000","149,000,000","161,000,000","156,000,000","145,000,000","137,000,000","129,000,000","126,000,000","112,000,000","113,000,000","110,000,000","119,000,000","128,000,000","124,000,000","110,000,000","118,000,000","106,000,000","107,000,000","103,000,000","114,000,000","103,000,000","91,000,000","82,000,000","63,000,000","135,000,000","140,000,000","117,000,000","90,000,000","136,000,000","152,000,000","89,000,000","121,000,000","97,000,000",,,,,,,,,"112,000,000","112,000,000","139,248,000","145,994,000","125,779,000","124,799,000","76,138,000","88,487,000","101,080,000",,,,,,,,,,,,,,,,,,,,,,,,,,,"89,553,000","76,415,000","70,043,000",,,"89,763,000",,,,,,,,,,,,,,,,,,,,,,,,,,,,,,,,,,,,,,,,,,,,,,,,,,,,,,,,,,,,,,
			OtherGandA,"625,000,000","166,000,000","155,000,000","155,000,000","149,000,000","161,000,000","156,000,000","145,000,000","137,000,000","129,000,000","126,000,000","112,000,000","113,000,000","110,000,000","119,000,000","128,000,000","124,000,000","110,000,000","118,000,000","106,000,000","107,000,000","103,000,000","114,000,000","103,000,000","91,000,000","82,000,000","63,000,000","135,000,000","140,000,000","117,000,000","90,000,000","136,000,000","152,000,000","89,000,000","121,000,000","97,000,000",,,,,,,,,"112,000,000","112,000,000","139,248,000","145,994,000","125,779,000","124,799,000","76,138,000","88,487,000","101,080,000",,,,,,,,,,,,,,,,,,,,,,,,,,,"89,553,000","76,415,000","70,043,000",,,"89,763,000",,,,,,,,,,,,,,,,,,,,,,,,,,,,,,,,,,,,,,,,,,,,,,,,,,,,,,,,,,,,,,
		SellingAndMarketingExpense,"629,000,000","167,000,000","155,000,000","159,000,000","148,000,000","147,000,000","131,000,000","130,000,000","130,000,000","135,000,000","129,000,000","128,000,000","133,000,000","131,000,000","127,000,000","138,000,000","130,000,000","126,000,000","105,000,000","117,000,000","116,000,000","118,000,000","114,000,000","107,000,000","102,000,000","106,000,000","96,000,000","112,000,000","109,000,000","111,000,000","99,000,000","108,000,000","107,000,000","109,000,000","99,000,000","111,000,000",,,,,,,,,"107,000,000","109,000,000","102,659,000","105,754,000","100,420,000","97,195,000","79,261,000","79,518,000","84,678,000",,,,,,,,,,,,,,,,,,,,,,,,,,,"104,225,000","90,084,000","83,804,000",,,"119,752,000",,,,,,,,,,,,,,,,,,,,,,,,,,,,,,,,,,,,,,,,,,,,,,,,,,,,,,,,,,,,,,
	ResearchAndDevelopment,"2,533,000,000","654,000,000","622,000,000","640,000,000","617,000,000","606,000,000","560,000,000","572,000,000","550,000,000","552,000,000","515,000,000","515,000,000","508,000,000","516,000,000","518,000,000","504,000,000","509,000,000","488,000,000","466,000,000","454,000,000","437,000,000","417,000,000","394,000,000","386,000,000","386,000,000","374,000,000","363,000,000","372,000,000","365,000,000","351,000,000","360,000,000","357,000,000","355,000,000","356,000,000","338,000,000","334,000,000","344,000,000","304,000,000","304,000,000","309,000,000","321,000,000","304,000,000","268,000,000","282,000,000","297,000,000","270,000,000","278,192,000","290,398,000","305,928,000","269,003,000","234,188,000","234,052,000","236,335,000","229,540,000","275,222,000","268,559,000","287,122,000","273,219,000","270,878,000","292,584,000","291,044,000","287,567,000","299,240,000","304,326,000","275,883,000","272,877,000","236,708,000","236,448,000","225,589,000","241,762,000","248,272,000","256,781,000","244,175,000","242,645,000","227,950,000","217,025,000","232,438,000","243,205,000","272,639,000","275,952,000","256,879,000","246,799,000","272,548,000","277,333,000","312,606,000","336,312,000","327,413,000","303,946,000","253,283,000","208,400,000","203,300,000","171,200,000","166,100,000","141,200,000","125,600,000","154,000,000","181,900,000","182,300,000","175,300,000","143,900,000","132,000,000","116,500,000","117,900,000","128,300,000","124,900,000","110,400,000","110,500,000","85,800,000","73,400,000","60,000,000","53,700,000","52,500,000","43,700,000","39,200,000",,,,,,,,,,,,,,,,,,,,,,,,,,,,,,,,,
	DepreciationAmortizationDepletionIncomeStatement,,,,,,,,,,,,,,,,,,,,,,,,,,,,,,,,,,,,,,,,,,,,,,,,,,,,,,,,,,,,,,,,,,,,,,,,,,,,,,,,,,,,,,,,,,,,,,,,,,,,,,,,,,,,,,,,,,,"11,400,000","9,400,000","9,400,000","8,600,000","8,100,000","9,100,000","6,900,000","6,800,000","6,700,000","6,100,000","6,300,000","5,400,000","5,300,000","3,900,000","3,400,000","3,400,000",,,,,,,,,,,,,,,,,
		DepreciationAndAmortizationInIncomeStatement,,,,,,,,,,,,,,,,,,,,,,,,,,,,,,,,,,,,,,,,,,,,,,,,,,,,,,,,,,,,,,,,,,,,,,,,,,,,,,,,,,,,,,,,,,,,,,,,,,,,,,,,,,,,,,,,,,,"11,400,000","9,400,000","9,400,000","8,600,000","8,100,000","9,100,000","6,900,000","6,800,000","6,700,000","6,100,000","6,300,000","5,400,000","5,300,000","3,900,000","3,400,000","3,400,000",,,,,,,,,,,,,,,,,
	OtherOperatingExpenses,,,,,,,,,,,,,,,,,,,,,,,,,,,,,,,,,,,,,,,,,,,,"-28,000,000",,,,,,,,,,,,,,,,,,,,,,,,,,,,,,,,,,,"0",,,"85,479,000","148,600,000","14,150,000","58,414,000",,"-200,791,000",,"40,000,000",,"43,200,000","-100,000","37,100,000","5,000,000",,,"100,000",,"-100,000","16,300,000","-100,000",,,"-100,000",,"-100,000",,"2,600,000",,"1,800,000","-2,700,000","700,000",,"700,000",,,,,,,,,,,,,,,,,,,,,,,,,,,,,,,,,
OperatingIncome,"7,737,000,000","1,972,000,000","2,013,000,000","2,013,000,000","1,739,000,000","1,435,000,000","1,283,000,000","1,108,000,000","932,000,000","1,042,000,000","864,000,000","802,000,000","776,000,000","908,000,000","1,016,000,000","1,257,000,000","1,327,000,000","1,196,000,000","1,098,000,000","1,023,000,000","940,000,000","807,000,000","777,000,000","596,000,000","425,000,000","354,000,000","437,000,000","399,000,000","402,000,000","380,000,000","410,000,000","391,000,000","387,000,000","337,000,000","237,000,000","264,000,000","220,000,000","48,000,000","46,000,000","366,000,000","409,000,000","179,000,000","361,000,000","662,000,000","673,000,000","645,000,000","696,699,000","317,982,000","394,765,000","220,187,000","169,249,000","-77,183,000","-266,574,000","-63,320,000","284,942,000","228,470,000","438,261,000","421,869,000","564,133,000","673,478,000","614,068,000","546,248,000","63,664,000","678,135,000","559,493,000","358,786,000","351,540,000","302,697,000","411,518,000","382,210,000","537,724,000","613,544,000","515,034,000","264,832,000","117,768,000","-20,525,000","-21,430,000","-17,841,000","134,856,000","136,413,000","39,362,000","-100,673,000","-96,025,000","1,201,000","274,437,000","750,533,000","1,106,248,000","826,239,000","573,845,000","443,900,000","358,100,000","340,200,000","155,900,000","42,600,000","-208,200,000","90,800,000","210,900,000","295,000,000","276,700,000","196,900,000","147,600,000","129,300,000","132,000,000","256,100,000","281,000,000","259,600,000","233,700,000","213,400,000","144,700,000","102,100,000","98,200,000","92,200,000","85,800,000","62,300,000","57,700,000","45,300,000","36,300,000","23,800,000","22,800,000","19,500,000","17,000,000","13,200,000","13,100,000","15,900,000","14,800,000","9,000,000","6,400,000","15,600,000","18,200,000","18,600,000","-276,200,000","130,200,000","122,800,000","106,700,000","-179,400,000","103,400,000","82,600,000","64,000,000","-119,100,000","44,100,000","40,900,000","36,100,000","-105,000,000","39,200,000","36,000,000","33,900,000","-123,200,000"
NetNonOperatingInterestIncomeExpense,"-126,000,000","-51,000,000","-8,000,000","-33,000,000","-34,000,000","-43,000,000","-40,000,000","-68,000,000","-54,000,000","-37,000,000","-24,000,000","-20,000,000","-17,000,000","-20,000,000","-18,000,000","-18,000,000","-32,000,000","-34,000,000","-24,000,000","-45,000,000","-32,000,000","-36,000,000","-37,000,000","-32,000,000","-30,000,000","-40,000,000","-26,000,000","-21,000,000","-27,000,000","-21,000,000","-14,000,000","-21,000,000","-22,000,000","-12,000,000","-16,000,000","-19,000,000","-20,000,000","-21,000,000","-19,000,000","-20,000,000","-19,000,000","-20,000,000","-15,000,000","-18,000,000","9,000,000","6,000,000","4,432,000","2,984,000","4,926,000","3,581,000","5,964,000","5,340,000","6,731,000",,,,,,,,,,,,,,,,,,,,,,,,,,,,,,,,,,,,,,,,,,,,,,,,,,,,,,,,,,,,,,,,,,,,,,,,,,,,,,,,,,,,,,,,,,,,,,
	InterestIncomeNonOperating,"106,000,000","6,000,000","49,000,000","24,000,000","27,000,000","18,000,000","19,000,000",,"7,000,000","22,000,000","35,000,000","38,000,000","43,000,000","40,000,000","42,000,000","41,000,000","24,000,000","25,000,000","33,000,000","14,000,000","12,000,000","2,000,000","1,000,000","6,000,000","7,000,000","2,000,000","6,000,000","3,000,000","-3,000,000","2,000,000","9,000,000","3,000,000","1,000,000","13,000,000","8,000,000","4,000,000","4,000,000","3,000,000","4,000,000","4,000,000","4,000,000","4,000,000","9,000,000","7,000,000","14,000,000","11,000,000","10,177,000","8,480,000","10,132,000","8,641,000","11,323,000","10,233,000","11,789,000",,,,,,,,,,,,,,,,,,,,,,,,,,,,,,,,,,,,,,,,,,,,,,,,,,,,,,,,,,,,,,,,,,,,,,,,,,,,,,,,,,,,,,,,,,,,,,
	InterestExpenseNonOperating,"232,000,000","57,000,000","57,000,000","57,000,000","61,000,000","61,000,000","59,000,000","68,000,000","61,000,000","59,000,000","59,000,000","58,000,000","60,000,000","60,000,000","60,000,000","59,000,000","56,000,000","59,000,000","57,000,000","59,000,000","44,000,000","38,000,000","38,000,000","38,000,000","37,000,000","42,000,000","32,000,000","24,000,000","27,000,000","23,000,000","23,000,000","24,000,000","23,000,000","25,000,000","24,000,000","23,000,000","24,000,000","24,000,000","23,000,000","24,000,000","23,000,000","24,000,000","24,000,000","25,000,000","5,000,000","5,000,000","5,745,000","5,496,000","5,206,000","5,060,000","5,359,000","4,893,000","5,058,000",,,,,,,,,,,,,,,,,,,,,,,,,,,,,,,,,,,,,,,,,,,,,,,,,,,,,,,,,,,,,,,,,,,,,,,,,,,,,,,,,,,,,,,,,,,,,,
OtherIncomeExpense,"-155,000,000","4,000,000","1,000,000",,"-160,000,000","-152,000,000",,"-7,000,000",,,,,,,,,,,,,,,,,,,"-14,000,000","-3,000,000","14,000,000","78,000,000","2,000,000",,,"-10,000,000","-27,000,000","-17,000,000","-290,000,000","-9,000,000","-559,000,000","-44,000,000","-3,000,000",,"3,000,000","25,000,000","4,000,000","29,000,000","2,218,000","-143,135,000","-12,639,000","-105,034,000","-1,365,000","-2,341,000","-122,965,000","-148,580,000","21,656,000","-6,446,000","-10,276,000","-58,572,000","-15,201,000","-8,964,000","-30,968,000","-659,000","-4,339,000","2,646,000","1,578,000","-214,847,000",,,,,"-26,627,000",,,"-167,459,000","-113,504,000","-66,181,000","-92,731,000","-99,338,000","0",,,"-85,479,000","-148,600,000","-14,150,000","-58,414,000",,"0",,"28,158,000",,"400,000",,,"15,000,000","-235,000,000","-35,000,000",,"47,800,000","-11,000,000","63,700,000",,"-59,500,000",,,,,,"-2,600,000","100,000","-1,800,000","-11,600,000","3,800,000","4,900,000","-2,800,000","-700,000","100,000","300,000","1,800,000","200,000",,"700,000","600,000","600,000","800,000","-100,000","200,000","300,000","600,000","400,000","600,000",,,,,,,,,,,,,,,,,
	GainOnSaleOfSecurity,,,,,,,,,,,,,,,,,,,,,,,,,,,"0","-3,000,000","14,000,000","78,000,000",,,,,,,,,,,,,,,,,,,,,,,,,,,,,,,,,,,,,,,,,,,,,,,,,,,,,,,,,,,,,,,,,,,,,,,,,,,,,,,,,,,,,,,,,,,,,,,,,,,,,,,,,,,,,,,,,,,,,
	EarningsFromEquityInterest,,,,,,,,,,,,,,,,,,,,,,,,,,,,,,,,,,,,,,,,,,,,,,,"0","0","0","0","0","0","-19,175,000","-15,808,000","-9,867,000","-6,308,000","-9,766,000","-9,586,000","-12,162,000","-7,348,000","-5,924,000","-3,937,000",,,,,,,,,,,,,,,,,,,,,,,,,,,,,,,,,,,,,,,,,,,,,,,,,"-7,400,000","1,400,000","300,000","-2,100,000",,,,,,,,,,,,,,,,,,,,,,,,,,,,,,,,,
	SpecialIncomeCharges,"-155,000,000","4,000,000","1,000,000","0","-160,000,000","-152,000,000",,,,,,,,,,,,,,,,,,,,,,,,,"2,000,000","0","0","-10,000,000","-27,000,000","-17,000,000","-290,000,000","-9,000,000","-559,000,000","-44,000,000","-3,000,000","0","3,000,000","25,000,000","4,000,000","29,000,000","2,218,000","-143,135,000","-12,639,000","-105,034,000","-1,365,000","-2,341,000","-103,790,000","-132,772,000","31,523,000","-138,000","-510,000","-48,986,000","-3,039,000","-1,616,000","-25,044,000","3,278,000","-1,490,000","2,646,000","1,578,000","-214,847,000",,,,,"-26,627,000",,,"-167,459,000","-113,504,000","-66,181,000","-92,731,000","-99,338,000","0",,,"-85,479,000","-148,600,000","-14,150,000","-58,414,000",,"0",,"28,158,000",,"400,000",,,"15,000,000","-235,000,000","-35,000,000",,"47,800,000","-11,000,000","63,700,000",,"-59,500,000",,,,,,"-2,600,000","100,000","-1,800,000","-4,200,000","2,400,000","4,600,000","-700,000","-700,000","100,000","300,000","1,800,000","200,000",,"700,000","600,000","600,000","800,000","-100,000","200,000","300,000","600,000","400,000","600,000",,,,,,,,,,,,,,,,,
		RestructuringAndMergernAcquisition,"1,000,000","-4,000,000","-1,000,000","0","6,000,000","152,000,000",,,,,,,,,,,,,,,,,,,,,,,,,"-2,000,000","0","0","7,000,000","30,000,000","14,000,000","10,000,000","9,000,000","124,000,000","44,000,000","0","0","0","3,000,000","-4,000,000","-29,000,000",,,,"103,844,000",,,,"132,772,000","-9,686,000","138,000","510,000","48,986,000","3,039,000","1,616,000","25,044,000","-3,278,000","1,490,000","-2,646,000","-1,578,000","214,847,000",,,,,"0",,,"167,459,000","113,504,000","66,181,000","92,731,000","99,338,000",,,,,,,,,,,,,,,,,,"35,000,000",,,,,,,,,,,,,,,,,,,,,,,,,,,,,,,,,,,,,,,,,,,,,,,,,,,
		ImpairmentOfCapitalAssets,,,,,,,,,,,,,,,,,,,,,,,,,,,,,,,"0","0","0",,"0","0","278,000,000","0","418,000,000","0","3,000,000",,,"0","0",,"0","7,804,000","3,671,000","1,190,000","5,058,000","2,341,000","77,081,000",,,,,,,,,,,,,,,,,,,,,,,,,,,,,,,,,,,,,,,,,,,,,,,,,,,,,,,,,,,,,,,,,,,,,,,,,,,,,,,,,,,,,,,,,,,,,,
		WriteOff,,,,,,,,,,,,,,,,,,,,,,,,,,,,,,,,,,"3,000,000","1,000,000","3,000,000","2,000,000","0","14,000,000","0",,,,,,,,,,,,,,,,,,,,,,,,,,,,,,,,,,,,,,,,,,,,,,,,,,,,,,,,,,,,,,,,,,,,,,,,,,,,,,,,,,,,,,,,,,,,,,,,,,,,,,,,,,,
		OtherSpecialCharges,,,"0",,"154,000,000",,,,,,,,,,,,,,,,,,,,,,,,,,,,,,,,,,,,,,"-3,000,000","-28,000,000",,,"-2,218,000","135,331,000","8,968,000",,"-3,693,000",,"26,709,000",,,,,,,,,,,,,,,,,,,,,,,,,,,,,,,,,,,,,,,,,,,,,,,,,,,,,,,,,,,,,,,,,,,,,,,,,,,,,,,,,,,,,,,,,,,,,,
		GainOnSaleOfPPE,,,,,,,,,,,,,,,,,,,,,,,,,,,,,,,,,,,,,,,"0","0",,,,,,,,,,,,,,,,,,,,,,,,,,,,,,,,,,,,,,,,,,,,,,,,,,,,,,,,,,,,,,,,,,,,,,,,,,,,,,,,,,,,,,,,,,,,,,,,,,,,,,,,,,,
	OtherNonOperatingIncomeExpenses,,,,,,,,"-7,000,000",,,,,,,,,,,,,,,,,,,,,,,,,,,,,,,,,,,,,,,,,,,,,,,,,,,,,,,,,,,,,,,,,,,,,,,,,,,,,,,,,,,,,,,,,,,,,,,,,,,,,,,,,,,,,,,,,,,,,,,,,,,,,,,,,,,,,,,,,,,
PretaxIncome,"7,456,000,000","1,925,000,000","2,006,000,000","1,980,000,000","1,545,000,000","1,240,000,000","1,243,000,000","1,040,000,000","878,000,000","1,005,000,000","840,000,000","782,000,000","759,000,000","888,000,000","998,000,000","1,239,000,000","1,295,000,000","1,162,000,000","1,074,000,000","978,000,000","908,000,000","771,000,000","740,000,000","564,000,000","395,000,000","314,000,000","397,000,000","375,000,000","389,000,000","437,000,000","398,000,000","370,000,000","365,000,000","315,000,000","194,000,000","228,000,000","-90,000,000","18,000,000","-532,000,000","302,000,000","387,000,000","159,000,000","343,000,000","669,000,000","686,000,000","680,000,000","703,349,000","177,831,000","387,052,000","118,734,000","173,848,000","-74,184,000","-382,808,000","-202,659,000","322,689,000","242,564,000","454,143,000","389,322,000","579,245,000","686,907,000","608,277,000","565,224,000","660,069,000","722,511,000","600,466,000","183,925,000","390,514,000","339,307,000","442,152,000","409,596,000","557,908,000","624,924,000","529,572,000","116,846,000","21,916,000","-52,201,000","-88,122,000","-93,149,000","167,798,000","163,443,000","73,802,000","-64,532,000","-54,087,000","44,645,000","315,948,000","797,296,000","948,282,000","862,544,000","669,816,000","469,200,000","385,700,000","354,200,000","205,300,000","76,600,000","-195,000,000","63,400,000","217,300,000","352,100,000","277,100,000","287,100,000","157,100,000","77,500,000","-210,400,000","260,100,000","285,800,000","264,000,000","239,000,000","214,200,000","144,100,000","101,200,000","97,100,000","91,500,000","85,200,000","60,700,000","53,100,000","42,100,000","33,300,000","21,900,000","19,400,000","16,000,000","13,900,000","9,700,000","9,700,000","12,300,000","11,600,000","6,700,000","4,700,000","14,500,000","16,900,000","17,900,000",,,,,,,,,,,,,,,,,
TaxProvision,"906,000,000","133,000,000","294,000,000","264,000,000","215,000,000","110,000,000","112,000,000","199,000,000","123,000,000","113,000,000","142,000,000","211,000,000","93,000,000","117,000,000","122,000,000","66,000,000","166,000,000","1,027,000,000","92,000,000","53,000,000","84,000,000","68,000,000","130,000,000","59,000,000","75,000,000","28,000,000","61,000,000","46,000,000","25,000,000","89,000,000","142,000,000","69,000,000","103,000,000","62,000,000","11,000,000","60,000,000","39,000,000","-16,000,000","-17,000,000","84,000,000","98,000,000","42,000,000","-112,000,000","193,000,000","197,000,000","174,000,000","235,334,000","54,735,000","123,048,000","35,983,000","35,986,000","-19,319,000","-127,418,000","-69,725,000","91,594,000","77,796,000","151,636,000","126,946,000","157,484,000","213,392,000","196,833,000","161,748,000","211,040,000","210,471,000","187,652,000","41,145,000","143,800,000","-30,284,000","137,322,000","120,831,000","102,900,000","184,353,000","156,224,000","34,470,000","6,465,000","-15,399,000","-25,996,000","-27,479,000","20,556,000","48,216,000","21,772,000","-19,037,000","-15,953,000","16,120,000","89,218,000","239,189,000","284,485,000","258,763,000","200,945,000","140,800,000","132,700,000","109,800,000","63,600,000","23,800,000","-66,200,000","15,900,000","76,000,000","123,300,000","96,900,000","100,500,000","55,000,000","48,000,000","39,400,000","91,000,000","100,100,000","92,400,000","83,700,000","75,000,000","50,400,000","35,400,000","34,000,000","32,000,000","29,800,000","21,200,000","18,600,000","13,900,000","11,000,000","7,200,000","6,400,000","5,300,000","4,500,000","3,300,000","3,400,000","3,900,000","4,300,000","2,500,000","1,700,000","5,000,000","6,400,000","6,800,000",,,,,,,,,,,,,,,,,
NetIncomeCommonStockholders,"6,550,000,000","1,792,000,000","1,712,000,000","1,716,000,000","1,330,000,000","1,130,000,000","1,131,000,000","841,000,000","755,000,000","892,000,000","698,000,000","571,000,000","666,000,000","771,000,000","876,000,000","1,173,000,000","1,129,000,000","135,000,000","982,000,000","925,000,000","824,000,000","703,000,000","610,000,000","505,000,000","320,000,000","286,000,000","336,000,000","329,000,000","364,000,000","348,000,000","256,000,000","301,000,000","262,000,000","253,000,000","183,000,000","168,000,000","-129,000,000","34,000,000","-515,000,000","218,000,000","289,000,000","117,000,000","455,000,000","476,000,000","489,000,000","506,000,000","468,015,000","123,096,000","264,004,000","82,751,000","137,862,000","-54,865,000","-255,390,000","-132,934,000","231,095,000","164,768,000","302,507,000","262,376,000","421,761,000","473,515,000","411,444,000","403,476,000","449,029,000","512,040,000","412,814,000","142,780,000","246,714,000","369,591,000","304,830,000","288,765,000","455,008,000","440,571,000","373,348,000","82,376,000","15,451,000","-36,802,000","-62,126,000","-65,670,000","147,242,000","115,227,000","52,030,000","-45,495,000","-38,134,000","28,525,000","226,730,000","558,107,000","663,797,000","603,781,000","468,871,000","328,500,000","307,800,000","244,400,000","141,600,000","52,900,000","-186,700,000","47,500,000","141,200,000","228,900,000","180,200,000","186,600,000","102,100,000","29,600,000","73,100,000","169,100,000","185,800,000","171,600,000","155,400,000","139,200,000","93,600,000","65,800,000","63,100,000","58,100,000","55,100,000","44,400,000","34,500,000","28,200,000","22,300,000","14,700,000","13,000,000","10,700,000","9,400,000","6,400,000","6,300,000","8,400,000","7,300,000","4,200,000","3,000,000","9,500,000","10,500,000","11,100,000",,,,,,,,,,,,,,,,,
	NetIncome,"6,550,000,000","1,792,000,000","1,712,000,000","1,716,000,000","1,330,000,000","1,130,000,000","1,131,000,000","841,000,000","755,000,000","892,000,000","698,000,000","571,000,000","666,000,000","771,000,000","876,000,000","1,173,000,000","1,129,000,000","135,000,000","982,000,000","925,000,000","824,000,000","703,000,000","610,000,000","505,000,000","320,000,000","286,000,000","336,000,000","329,000,000","364,000,000","348,000,000","256,000,000","301,000,000","262,000,000","253,000,000","183,000,000","168,000,000","-129,000,000","34,000,000","-515,000,000","218,000,000","289,000,000","117,000,000","455,000,000","476,000,000","489,000,000","506,000,000","468,015,000","123,096,000","264,004,000","82,751,000","137,862,000","-54,865,000","-255,390,000","-132,934,000","231,095,000","164,768,000","302,507,000","262,376,000","421,761,000","473,515,000","411,444,000","403,476,000","449,029,000","512,040,000","412,814,000","142,780,000","246,714,000","369,591,000","304,830,000","288,765,000","455,008,000","440,571,000","373,348,000","82,376,000","15,451,000","-36,802,000","-62,126,000","-65,670,000","147,242,000","115,227,000","52,030,000","-45,495,000","-38,134,000","28,525,000","226,730,000","558,107,000","663,797,000","603,781,000","468,871,000","328,500,000","307,800,000","244,400,000","141,600,000","52,900,000","-186,700,000","47,500,000","141,200,000","228,900,000","180,200,000","186,600,000","102,100,000","29,600,000","73,100,000","169,100,000","185,800,000","171,600,000","155,400,000","139,200,000","93,600,000","65,800,000","63,100,000","58,100,000","55,100,000","44,400,000","34,500,000","28,200,000","22,300,000","14,700,000","13,000,000","10,700,000","9,400,000","6,400,000","6,300,000","8,400,000","7,300,000","4,200,000","3,000,000","9,500,000","10,500,000","11,100,000",,,,,,,,,,,,,,,,,
		NetIncomeIncludingNoncontrollingInterests,"6,550,000,000","1,792,000,000","1,712,000,000","1,716,000,000","1,330,000,000","1,130,000,000","1,131,000,000","841,000,000","755,000,000","892,000,000","698,000,000","571,000,000","666,000,000","771,000,000","876,000,000","1,173,000,000","1,129,000,000","135,000,000","982,000,000","925,000,000","824,000,000","703,000,000","610,000,000","505,000,000","320,000,000","286,000,000","336,000,000","329,000,000","364,000,000","348,000,000","256,000,000","301,000,000","262,000,000","253,000,000","183,000,000","168,000,000","-129,000,000","34,000,000","-515,000,000","218,000,000","289,000,000","117,000,000","455,000,000","476,000,000","489,000,000","506,000,000","468,015,000","123,096,000","264,004,000","82,751,000","137,862,000","-54,865,000","-255,390,000","-132,934,000","231,095,000","164,768,000","302,507,000","262,376,000","421,761,000","473,515,000","411,444,000","403,476,000","449,029,000","512,040,000","412,814,000","142,780,000","246,714,000","369,591,000","304,830,000","288,765,000","455,008,000","440,571,000","373,348,000","82,376,000","15,451,000","-36,802,000","-62,126,000","-65,670,000","147,242,000","115,227,000","52,030,000","-45,495,000","-38,134,000","28,525,000","226,730,000","558,107,000","663,797,000","603,781,000","468,871,000","328,500,000","307,800,000","244,400,000","141,600,000","52,900,000","-186,700,000","47,500,000","141,200,000","228,900,000","180,200,000","186,600,000","102,100,000","29,600,000","73,100,000","169,100,000","185,800,000","171,600,000","155,400,000","139,200,000","93,600,000","65,800,000","63,100,000","58,100,000","55,100,000","44,400,000","34,500,000","28,200,000","22,300,000","14,700,000","13,000,000","10,700,000","9,400,000","6,400,000","6,300,000","8,400,000","7,300,000","4,200,000","3,000,000","9,500,000","10,500,000","11,100,000","11,600,000","12,500,000","13,900,000","13,500,000","13,800,000","11,700,000","8,700,000","5,700,000","3,100,000","100,000","-1,300,000","-1,500,000","200,000","200,000","500,000","300,000","300,000"
			NetIncomeContinuousOperations,"6,550,000,000","1,792,000,000","1,712,000,000","1,716,000,000","1,330,000,000","1,130,000,000","1,131,000,000","841,000,000","755,000,000","892,000,000","698,000,000","571,000,000","666,000,000","771,000,000","876,000,000","1,173,000,000","1,129,000,000","135,000,000","982,000,000","925,000,000","824,000,000","703,000,000","610,000,000","505,000,000","320,000,000","286,000,000","336,000,000","329,000,000","364,000,000","348,000,000","256,000,000","301,000,000","262,000,000","253,000,000","183,000,000","168,000,000","-129,000,000","34,000,000","-515,000,000","218,000,000","289,000,000","117,000,000","455,000,000","476,000,000","489,000,000","506,000,000","468,015,000","123,096,000","264,004,000","82,751,000","137,862,000","-54,865,000","-255,390,000","-132,934,000","231,095,000","164,768,000","302,507,000","262,376,000","421,761,000","473,515,000","411,444,000","403,476,000","449,029,000","512,040,000","412,814,000","142,780,000","246,714,000","369,591,000","304,830,000","288,765,000","455,008,000","440,571,000","373,348,000","82,376,000","15,451,000","-36,802,000","-62,126,000","-65,670,000","147,242,000","115,227,000","52,030,000","-45,495,000","-38,134,000","28,525,000","226,730,000","558,107,000","663,797,000","603,781,000","468,871,000","328,500,000","286,800,000","244,400,000","141,600,000","52,900,000","-128,600,000","47,500,000","141,200,000","228,900,000","180,200,000","186,600,000","102,100,000","29,600,000","73,100,000","169,100,000","185,800,000","171,600,000","155,400,000","139,200,000","93,600,000","65,800,000","63,100,000","58,100,000","55,100,000","37,400,000","34,500,000","28,200,000","22,300,000","14,700,000","13,000,000","10,700,000","9,400,000","6,400,000","6,300,000","8,400,000","7,300,000","4,200,000","3,000,000","9,500,000","10,500,000","11,100,000","11,600,000","12,500,000","13,900,000","13,500,000","13,800,000","11,700,000","8,700,000","5,700,000","3,100,000","100,000","-1,300,000","-1,500,000","200,000","200,000","500,000","300,000","300,000"
			NetIncomeExtraordinary,,,,,,,,,,,,,,,,,,,,,,,,,,,,,,,,,,,,,,,,,,,,,,,,,,,,,,,,,,,,,,,,,,,,,,,,,,,,,,,,,,,,,,,,,,,,,,,,,,,,,,,,,,,,,,,"0",,,"7,000,000",,,,,,,,,,,,,,,,,,,,,,,,,,,,,,,,,
DilutedNIAvailtoComStockholders,"6,550,000,000","1,792,000,000","1,712,000,000","1,716,000,000","1,330,000,000","1,130,000,000","1,131,000,000","841,000,000","755,000,000","892,000,000","698,000,000","571,000,000","666,000,000","771,000,000","876,000,000","1,173,000,000","1,129,000,000","135,000,000","982,000,000","925,000,000","824,000,000","703,000,000","610,000,000","505,000,000","320,000,000","286,000,000","336,000,000","329,000,000","364,000,000","348,000,000","256,000,000","301,000,000","262,000,000","253,000,000","183,000,000","168,000,000","-129,000,000","34,000,000","-515,000,000","218,000,000","289,000,000","117,000,000","455,000,000","476,000,000","489,000,000","506,000,000","468,015,000","123,096,000","264,004,000","82,751,000","137,862,000","-54,865,000","-255,390,000","-132,934,000","231,095,000","164,768,000","302,507,000","262,376,000","421,761,000","473,515,000","411,444,000","403,476,000","449,029,000","512,040,000","412,814,000","142,780,000","246,714,000","369,591,000","304,830,000","288,765,000","455,008,000","440,571,000","373,348,000","82,376,000","15,451,000","-36,802,000","-62,126,000","-65,670,000","147,242,000","115,227,000","52,030,000","-45,495,000","-38,134,000","28,525,000","226,730,000","558,107,000","663,797,000","603,781,000","468,871,000","328,500,000","307,800,000","244,400,000","141,600,000","52,900,000","-186,700,000","47,500,000","141,200,000","228,900,000","180,200,000","186,600,000","102,100,000","29,600,000","73,100,000","169,100,000","185,800,000","171,600,000","155,400,000","139,200,000","93,600,000","65,800,000","63,100,000","58,100,000","55,100,000","44,400,000","34,500,000","28,200,000","22,300,000","14,700,000","13,000,000","10,700,000","9,400,000","6,400,000","6,300,000","8,400,000","7,300,000","4,200,000","3,000,000","9,500,000","10,500,000","11,100,000",,,,,,,,,,,,,,,,,
BasicEPS,,"2.02","1.91","1.89","1.45","1.23","1.24","0.92","0.82","0.97","0.76","0.61","0.71","0.81","0.9","1.18","1.1","0.13","0.92","0.86","0.76","0.65","0.56","0.47","0.29","0.25","0.28","0.27","0.3","0.28","0.24","0.25","0.22","0.21","0.15","0.14","-0.11","0.03","-0.42","0.17","0.22","0.09",,"0.36","0.37","0.38",,"0.09","0.2","0.06",,"-0.04","-0.19","-0.1",,"0.12","0.22","0.19",,"0.34","0.3","0.29",,"0.33","0.26","0.09",,"0.23","0.18","0.17",,"0.26","0.22","0.05",,"-0.02","-0.04","-0.04",,"0.07","0.03","-0.03",,"0.02","0.14","0.345",,"0.375","0.29","0.215",,"0.165","0.095","0.035",,"0.035","0.095","0.15",,"0.125","0.07","0.02",,"0.115","0.13","0.12",,"0.1","0.07","0.05",,"0.045","0.045","0.035",,"0.025","0.02","0.015",,"0.01","0.01","0.01",,"0.01","0.01","0.005",,"0.01","0.01","0.015",,"0.015","0.015","0.015",,"0.015","0.01","0.01",,"0.005","-0.005","-0.005",,"0.005","0.005","0.005",
DilutedEPS,,"2","1.89","1.87","1.43","1.22","1.23","0.91","0.82","0.96","0.75","0.61","0.7","0.8","0.89","1.17","1.09","0.13","0.91","0.85","0.76","0.65","0.56","0.46","0.29","0.25","0.28","0.27","0.29","0.28","0.23","0.24","0.21","0.21","0.15","0.14","-0.11","0.03","-0.42","0.17","0.22","0.09",,"0.36","0.37","0.379",,"0.09","0.2","0.06",,"-0.04","-0.19","-0.1",,"0.12","0.22","0.19",,"0.34","0.29","0.29",,"0.33","0.26","0.09",,"0.23","0.18","0.17",,"0.26","0.22","0.05",,"-0.02","-0.04","-0.04",,"0.07","0.03","-0.03",,"0.015","0.135","0.33",,"0.35","0.27","0.2",,"0.155","0.09","0.035",,"0.035","0.095","0.15",,"0.125","0.07","0.02",,"0.115","0.13","0.12",,"0.1","0.07","0.05",,"0.045","0.045","0.035",,"0.025","0.02","0.015",,"0.01","0.01","0.01",,"0.01","0.01","0.005",,"0.01","0.01","0.015",,"0.015","0.015","0.015",,"0.015","0.01","0.01",,"0.005","-0.005","-0.005",,"0.005","0.005","0.005",
BasicAverageShares,,"889,000,000","898,000,000","908,000,000","918,000,000","915,000,000","914,000,000","915,000,000","917,000,000","916,000,000","920,000,000","929,000,000","942,000,000","957,000,000","974,000,000","994,000,000","1,029,000,000","1,056,000,000","1,064,000,000","1,071,000,000","1,078,000,000","1,078,000,000","1,081,000,000","1,083,000,000","1,113,000,000","1,146,000,000","1,182,000,000","1,221,000,000","1,230,000,000","1,224,000,000","1,220,000,000","1,218,000,000","1,216,000,000","1,206,000,000","1,204,000,000","1,203,000,000","1,203,000,000","1,198,000,000","1,220,000,000","1,257,000,000","1,289,000,000","1,299,000,000",,"1,318,000,000","1,320,000,000","1,324,000,000",,"1,339,660,000","1,344,617,000","1,341,941,000",,"1,333,278,000","1,331,729,000","1,329,223,000",,"1,350,526,000","1,356,705,000","1,371,245,000",,"1,385,519,000","1,391,076,000","1,394,710,000",,"1,550,744,000","1,576,548,000","1,598,260,000",,"1,630,895,000","1,660,584,000","1,672,671,000",,"1,696,544,000","1,690,617,000","1,682,025,000",,"1,659,365,000","1,655,927,000","1,650,612,000",,"1,647,181,000","1,643,317,000","1,636,418,000",,"1,629,840,000","1,622,708,000","1,620,874,000",,"1,618,690,000","1,610,284,000","1,539,968,000",,"1,507,604,000","1,497,200,000","1,482,120,000",,"1,467,768,000","1,451,384,000","1,467,576,000",,"1,516,800,000","1,503,192,000","1,483,456,000",,"1,466,872,000","1,486,568,000","1,472,008,000",,"1,422,032,000","1,387,248,000","1,380,928,000",,"1,376,528,000","1,356,176,000","1,331,920,000",,"1,128,000,000","1,115,000,000","980,000,000",,"1,070,000,000","940,000,000","1,093,472,000",,"840,000,000","840,000,000","840,000,000",,"950,000,000","1,050,000,000","740,000,000",,"1,071,232,000","1,067,072,000","1,014,912,000",,"1,042,240,000","1,047,232,000","990,272,000",,"840,448,000","840,448,000","840,448,000",,"833,344,000","841,344,000","840,832,000",
DilutedAverageShares,,"897,000,000","907,000,000","918,000,000","927,000,000","925,000,000","921,000,000","922,000,000","923,000,000","927,000,000","931,000,000","937,000,000","948,000,000","965,000,000","984,000,000","1,005,000,000","1,040,000,000","1,071,000,000","1,076,000,000","1,083,000,000","1,087,000,000","1,089,000,000","1,093,000,000","1,093,000,000","1,119,000,000","1,154,000,000","1,190,000,000","1,231,000,000","1,241,000,000","1,240,000,000","1,236,000,000","1,233,000,000","1,229,000,000","1,225,000,000","1,222,000,000","1,220,000,000","1,203,000,000","1,212,000,000","1,220,000,000","1,268,000,000","1,301,000,000","1,310,000,000",,"1,330,000,000","1,333,000,000","1,335,000,000",,"1,348,808,000","1,352,436,000","1,349,567,000",,"1,333,278,000","1,331,729,000","1,329,223,000",,"1,367,557,000","1,373,314,000","1,383,886,000",,"1,407,264,000","1,407,255,000","1,409,014,000",,"1,562,615,000","1,586,404,000","1,608,165,000",,"1,641,818,000","1,671,822,000","1,687,140,000",,"1,721,690,000","1,729,506,000","1,735,268,000",,"1,659,365,000","1,655,927,000","1,650,612,000",,"1,703,196,000","1,719,777,000","1,636,418,000",,"1,707,810,000","1,695,824,000","1,689,786,000",,"1,724,142,000","1,722,400,000","1,639,268,000",,"1,591,508,000","1,582,896,000","1,516,404,000",,"1,512,288,000","1,516,988,000","1,516,404,000",,"1,516,800,000","1,503,192,000","1,483,456,000",,"1,466,872,000","1,486,568,000","1,472,008,000",,"1,422,032,000","1,387,248,000","1,380,928,000",,"1,376,528,000","1,356,176,000","1,331,920,000",,"1,128,000,000","1,115,000,000","980,000,000",,"1,070,000,000","940,000,000","1,093,472,000",,"840,000,000","840,000,000","840,000,000",,"950,000,000","1,050,000,000","740,000,000",,"1,071,232,000","1,067,072,000","1,014,912,000",,"1,042,240,000","1,047,232,000","990,272,000",,"840,448,000","840,448,000","840,448,000",,"833,344,000","841,344,000","840,832,000",
TotalOperatingIncomeAsReported,"7,582,000,000","1,976,000,000","2,014,000,000","2,013,000,000","1,579,000,000","1,283,000,000","1,283,000,000","1,108,000,000","932,000,000","1,042,000,000","864,000,000","802,000,000","776,000,000","908,000,000","1,016,000,000","1,257,000,000","1,327,000,000","1,196,000,000","1,098,000,000","1,023,000,000","940,000,000","807,000,000","777,000,000","596,000,000","425,000,000","354,000,000","423,000,000","396,000,000","416,000,000","458,000,000","412,000,000","391,000,000","387,000,000","330,000,000","211,000,000","250,000,000","-68,000,000","39,000,000","-499,000,000","322,000,000","409,000,000","179,000,000","361,000,000","687,000,000","677,000,000","674,000,000","698,917,000","182,651,000","385,797,000","116,343,000","172,942,000","-77,183,000","-293,283,000","-196,092,000","294,628,000","228,332,000","437,751,000","372,883,000","561,094,000","671,862,000","589,024,000","549,526,000","62,174,000","680,781,000","561,071,000","143,939,000","351,540,000","302,697,000","411,518,000","382,210,000","537,714,000","613,544,000","515,034,000","97,373,000","4,264,000","-86,706,000","-114,161,000","-117,179,000","134,856,000","136,413,000","39,362,000","-100,673,000","-96,025,000","1,201,000","274,437,000","750,533,000","1,106,248,000","826,239,000","573,845,000","443,900,000","358,000,000","340,200,000","193,000,000","42,600,000","-141,000,000","55,800,000","210,900,000","262,700,000","276,700,000","196,900,000","147,500,000","69,800,000","106,900,000","256,100,000","281,000,000","259,600,000","233,600,000","213,400,000","144,700,000","102,100,000","98,200,000","92,200,000","85,800,000","62,300,000","57,700,000","45,300,000","36,300,000","23,800,000","22,800,000","19,500,000","17,000,000","13,200,000","13,100,000","15,900,000","14,800,000","9,000,000","6,400,000","15,600,000","18,200,000","18,600,000",,,,,,,,,,,,,,,,,
TotalExpenses,"16,435,000,000","4,299,000,000","4,110,000,000","4,183,000,000","3,843,000,000","3,727,000,000","3,405,000,000","3,287,000,000","3,025,000,000","3,120,000,000","2,890,000,000","2,760,000,000","2,763,000,000","2,845,000,000","2,998,000,000","3,211,000,000","3,240,000,000","3,008,000,000","2,871,000,000","2,721,000,000","2,606,000,000","2,471,000,000","2,520,000,000","2,225,000,000","2,025,000,000","1,903,000,000","1,931,000,000","2,091,000,000","2,040,000,000","1,979,000,000","1,854,000,000","1,874,000,000","1,966,000,000","1,853,000,000","1,751,000,000","1,711,000,000","1,753,000,000","1,525,000,000","1,600,000,000","1,977,000,000","2,132,000,000","2,010,000,000","1,820,000,000","2,125,000,000","2,189,000,000","2,041,000,000","2,189,736,000","2,199,808,000","1,900,775,000","1,628,715,000","1,357,145,000","1,210,923,000","1,286,651,000","1,396,716,000","1,758,735,000","1,619,698,000","1,711,737,000","1,665,528,000","1,802,911,000","1,887,506,000","1,915,493,000","1,731,019,000","2,454,629,000","1,865,308,000","1,688,193,000","1,498,806,000","1,366,580,000","1,329,241,000","1,449,671,000","1,398,366,000","1,665,634,000","1,622,608,000","1,503,071,000","1,290,616,000","1,103,230,000","1,115,432,000","1,128,607,000","1,072,050,000","1,310,842,000","1,323,269,000","1,117,110,000","1,101,133,000","1,464,835,000","1,332,670,000","1,634,998,000","1,980,599,000","1,813,915,000","1,905,789,000","1,616,186,000","1,223,100,000","1,207,400,000","1,093,300,000","961,700,000","699,900,000","881,400,000","793,700,000","965,400,000","1,012,700,000","1,003,700,000","860,300,000","753,300,000","706,500,000","728,900,000","859,300,000","846,900,000","781,000,000","749,000,000","684,300,000","530,700,000","404,000,000","369,600,000","348,000,000","325,500,000","278,100,000","269,700,000","236,100,000","219,400,000","191,800,000","187,700,000","174,300,000","163,100,000","153,800,000","147,500,000","151,400,000","151,300,000","135,600,000","134,600,000","128,600,000","124,900,000","120,200,000",,,,,,,,,,,,,,,,,
NetIncomeFromContinuingAndDiscontinuedOperation,"6,550,000,000","1,792,000,000","1,712,000,000","1,716,000,000","1,330,000,000","1,130,000,000","1,131,000,000","841,000,000","755,000,000","892,000,000","698,000,000","571,000,000","666,000,000","771,000,000","876,000,000","1,173,000,000","1,129,000,000","135,000,000","982,000,000","925,000,000","824,000,000","703,000,000","610,000,000","505,000,000","320,000,000","286,000,000","336,000,000","329,000,000","364,000,000","348,000,000","256,000,000","301,000,000","262,000,000","253,000,000","183,000,000","168,000,000","-129,000,000","34,000,000","-515,000,000","218,000,000","289,000,000","117,000,000","455,000,000","476,000,000","489,000,000","506,000,000","468,015,000","123,096,000","264,004,000","82,751,000","137,862,000","-54,865,000","-255,390,000","-132,934,000","231,095,000","164,768,000","302,507,000","262,376,000","421,761,000","473,515,000","411,444,000","403,476,000","449,029,000","512,040,000","412,814,000","142,780,000","246,714,000","369,591,000","304,830,000","288,765,000","455,008,000","440,571,000","373,348,000","82,376,000","15,451,000","-36,802,000","-62,126,000","-65,670,000","147,242,000","115,227,000","52,030,000","-45,495,000","-38,134,000","28,525,000","226,730,000","558,107,000","663,797,000","603,781,000","468,871,000","328,500,000","307,800,000","244,400,000","141,600,000","52,900,000","-186,700,000","47,500,000","141,200,000","228,900,000","180,200,000","186,600,000","102,100,000","29,600,000","73,100,000","169,100,000","185,800,000","171,600,000","155,400,000","139,200,000","93,600,000","65,800,000","63,100,000","58,100,000","55,100,000","37,400,000","34,500,000","28,200,000","22,300,000","14,700,000","13,000,000","10,700,000","9,400,000","6,400,000","6,300,000","8,400,000","7,300,000","4,200,000","3,000,000","9,500,000","10,500,000","11,100,000",,,,,,,,,,,,,,,,,
NormalizedIncome,"6,686,165,504.292","1,788,276,000","1,711,146,560.319","1,716,000,000","1,467,760,000","1,268,472,000","1,131,000,000","841,000,000","755,000,000","892,000,000","698,000,000","571,000,000","666,000,000","771,000,000","876,000,000","1,173,000,000","1,129,000,000","135,000,000","982,000,000","925,000,000","824,000,000","703,000,000","610,000,000","505,000,000","320,000,000","286,000,000","347,848,866.499","331,631,000","350,896,000","285,912,000","254,713,567.839","301,000,000","262,000,000","261,030,000","208,469,072.165","180,529,000","59,500,000","39,850,000","26,137,218.045","249,761,589.404","291,240,310.078","117,000,000","453,050,000","458,212,257.1","486,148,688.047","484,420,588.235","466,539,122.065","222,175,159.202","272,624,925.757","155,953,861.303","138,944,449.209","-53,133,643.306","-186,146,598.347","-45,842,318.663","208,519,679.227","164,861,740.143","302,846,713.636","295,389,163.232","423,973,762.612","474,628,979.389","428,383,985.461","401,136,052.779","450,042,611.016","510,164,792.785","411,729,141.753","309,564,584.26","246,714,000","369,591,000","304,830,000","288,765,000","476,723,942.442","440,571,000","373,348,000","200,433,978.741","95,472,459.39","9,855,979.004","3,249,344.477","4,363,242.01","147,242,000","115,227,000","52,030,000","14,767,615.524","66,636,321.889","37,565,850.039","268,648,943.054","558,107,000","663,797,000","603,781,000","449,160,408.408","328,500,000","286,537,619.912","244,400,000","141,600,000","42,560,574.413","26,620,512.821","73,722,397.476","141,200,000","197,838,824.198","187,353,374.233","145,198,328.109","102,100,000","65,300,000","73,100,000","169,100,000","185,800,000","171,600,000","155,400,000","140,889,635.854","93,534,975.711","66,970,355.731","65,829,351.184","56,539,344.262","52,108,920.188","37,855,518.946","34,954,802.26","28,133,016.627","22,099,099.099","13,491,780.822","12,865,979.381","10,700,000","8,926,618.705","6,004,123.711","5,910,309.278","7,853,658.537","7,362,931.034","4,074,626.866","2,808,510.638","9,106,896.552","10,251,479.29","10,727,932.961",,,,,,,,,,,,,,,,,
InterestIncome,"106,000,000","6,000,000","49,000,000","24,000,000","27,000,000","18,000,000","19,000,000",,"7,000,000","22,000,000","35,000,000","38,000,000","43,000,000","40,000,000","42,000,000","41,000,000","24,000,000","25,000,000","33,000,000","14,000,000","12,000,000","2,000,000","1,000,000","6,000,000","7,000,000","2,000,000","6,000,000","3,000,000","-3,000,000","2,000,000","9,000,000","3,000,000","1,000,000","13,000,000","8,000,000","4,000,000","4,000,000","3,000,000","4,000,000","4,000,000","4,000,000","4,000,000","9,000,000","7,000,000","14,000,000","11,000,000","10,177,000","8,480,000","10,132,000","8,641,000","11,323,000","10,233,000","11,789,000",,,,,,,,,,,,,,,,,,,,,,,,,,,,,,,,,,,,,,,,,,,,,,,,,,,,,,,,,,,,,,,,,,,,,,,,,,,,,,,,,,,,,,,,,,,,,,
InterestExpense,"232,000,000","57,000,000","57,000,000","57,000,000","61,000,000","61,000,000","59,000,000","68,000,000","61,000,000","59,000,000","59,000,000","58,000,000","60,000,000","60,000,000","60,000,000","59,000,000","56,000,000","59,000,000","57,000,000","59,000,000","44,000,000","38,000,000","38,000,000","38,000,000","37,000,000","42,000,000","32,000,000","24,000,000","27,000,000","23,000,000","23,000,000","24,000,000","23,000,000","25,000,000","24,000,000","23,000,000","24,000,000","24,000,000","23,000,000","24,000,000","23,000,000","24,000,000","24,000,000","25,000,000","5,000,000","5,000,000","5,745,000","5,496,000","5,206,000","5,060,000","5,359,000","4,893,000","5,058,000",,,,,,,,,,,,,,,,,,,,,,,,,,,,,,,,,,,,,,,,,,,,,,,,,,,,,,,,,,,,,,,,,,,,,,,,,,,,,,,,,,,,,,,,,,,,,,
NetInterestIncome,"-126,000,000","-51,000,000","-8,000,000","-33,000,000","-34,000,000","-43,000,000","-40,000,000","-68,000,000","-54,000,000","-37,000,000","-24,000,000","-20,000,000","-17,000,000","-20,000,000","-18,000,000","-18,000,000","-32,000,000","-34,000,000","-24,000,000","-45,000,000","-32,000,000","-36,000,000","-37,000,000","-32,000,000","-30,000,000","-40,000,000","-26,000,000","-21,000,000","-27,000,000","-21,000,000","-14,000,000","-21,000,000","-22,000,000","-12,000,000","-16,000,000","-19,000,000","-20,000,000","-21,000,000","-19,000,000","-20,000,000","-19,000,000","-20,000,000","-15,000,000","-18,000,000","9,000,000","6,000,000","4,432,000","2,984,000","4,926,000","3,581,000","5,964,000","5,340,000","6,731,000",,,,,,,,,,,,,,,,,,,,,,,,,,,,,,,,,,,,,,,,,,,,,,,,,,,,,,,,,,,,,,,,,,,,,,,,,,,,,,,,,,,,,,,,,,,,,,
EBIT,"7,688,000,000","1,982,000,000","2,063,000,000","2,037,000,000","1,606,000,000","1,301,000,000","1,302,000,000","1,108,000,000","939,000,000","1,064,000,000","899,000,000","840,000,000","819,000,000","948,000,000","1,058,000,000","1,298,000,000","1,351,000,000","1,221,000,000","1,131,000,000","1,037,000,000","952,000,000","809,000,000","778,000,000","602,000,000","432,000,000","356,000,000","429,000,000","399,000,000","416,000,000","460,000,000","421,000,000","394,000,000","388,000,000","340,000,000","218,000,000","251,000,000","-66,000,000","42,000,000","-509,000,000","326,000,000","410,000,000","183,000,000","367,000,000","694,000,000","691,000,000","685,000,000","709,094,000","183,327,000","392,258,000","123,794,000","179,207,000","-69,291,000","-377,750,000","-63,320,000","284,942,000","228,470,000","438,261,000","421,869,000","564,133,000","673,478,000","614,068,000","546,248,000","63,664,000","678,135,000","559,493,000","358,786,000","351,540,000","302,697,000","411,518,000","382,210,000","537,724,000","613,544,000","515,034,000","264,832,000","117,768,000","-20,525,000","-21,430,000","-17,841,000","134,856,000","136,413,000","39,362,000","-100,673,000","-96,025,000","1,201,000","274,437,000","750,533,000","1,106,248,000","826,239,000","573,845,000","443,900,000","358,100,000","340,200,000","155,900,000","42,600,000","-208,200,000","90,800,000","210,900,000","295,000,000","276,700,000","196,900,000","147,600,000","129,300,000","132,000,000","256,100,000","281,000,000","259,600,000","233,700,000","213,400,000","144,700,000","102,100,000","98,200,000","92,200,000","85,800,000","62,300,000","57,700,000","45,300,000","36,300,000","23,800,000","22,800,000","19,500,000","17,000,000","13,200,000","13,100,000","15,900,000","14,800,000","9,000,000","6,400,000","15,600,000","18,200,000","18,600,000","-276,200,000","130,200,000","122,800,000","106,700,000","-179,400,000","103,400,000","82,600,000","64,000,000","-119,100,000","44,100,000","40,900,000","36,100,000","-105,000,000","39,200,000","36,000,000","33,900,000","-123,200,000"
EBITDA,"8,090,000,000"
ReconciledCostOfRevenue,"12,648,000,000","3,312,000,000","3,178,000,000","3,229,000,000","2,929,000,000","2,813,000,000","2,558,000,000","2,440,000,000","2,208,000,000","2,304,000,000","2,120,000,000","2,005,000,000","2,009,000,000","2,088,000,000","2,234,000,000","2,441,000,000","2,477,000,000","2,284,000,000","2,182,000,000","2,044,000,000","1,946,000,000","1,833,000,000","1,898,000,000","1,629,000,000","1,446,000,000","1,341,000,000","1,409,000,000","1,472,000,000","1,426,000,000","1,400,000,000","1,305,000,000","1,273,000,000","1,352,000,000","1,299,000,000","1,193,000,000","1,169,000,000","1,165,000,000","991,000,000","1,059,000,000","1,413,000,000","1,530,000,000","1,403,000,000","1,330,000,000","1,603,000,000","1,673,000,000","1,550,000,000","1,669,637,000","1,657,662,000","1,368,648,000","1,137,718,000","967,558,000","808,866,000","864,558,000","941,820,000","1,244,972,000","1,105,854,000","1,183,170,000","1,152,416,000","1,290,139,000","1,344,594,000","1,392,951,000","1,214,729,000","1,332,169,000","1,320,089,000","1,203,061,000","1,019,893,000","957,990,000","914,849,000","1,042,759,000","990,351,000","1,176,145,000","1,176,920,000","1,079,464,000","879,279,000","726,627,000","747,979,000","734,403,000","663,827,000","843,372,000","853,539,000","693,732,000","615,008,000","837,432,000","800,839,000","1,054,463,000","1,398,481,000","1,411,256,000","1,340,126,000","1,092,433,000","831,500,000","780,600,000","734,900,000","600,400,000","421,400,000","388,100,000","490,100,000","622,000,000","678,200,000","664,100,000","558,300,000","486,800,000","464,100,000","481,300,000","583,400,000","586,600,000","543,800,000","524,200,000","489,300,000","370,400,000","268,100,000","250,400,000","234,700,000","221,900,000","184,500,000","168,400,000","145,900,000","135,800,000","115,300,000","113,700,000","106,800,000","100,600,000","93,300,000","84,700,000","92,200,000","89,900,000","78,600,000","73,600,000","71,500,000","71,500,000","69,500,000",,,,,,,,,,,,,,,,,
ReconciledDepreciation,"402,000,000","102,000,000","105,000,000","98,000,000","97,000,000","94,000,000","97,000,000","94,000,000","91,000,000","94,000,000","92,000,000","89,000,000","94,000,000","88,000,000","120,000,000","110,000,000","108,000,000","119,000,000","105,000,000","102,000,000","103,000,000","97,000,000","100,000,000","97,000,000","96,000,000","96,000,000","96,000,000","93,000,000","90,000,000","92,000,000","94,000,000","93,000,000","94,000,000","94,000,000","98,000,000","100,000,000","106,000,000","106,000,000","97,000,000","105,000,000","108,000,000","112,000,000","59,000,000","59,000,000","65,000,000","63,000,000","68,773,000","72,564,000","86,766,000","76,412,000","71,594,000","73,501,000","74,880,000","71,228,000","80,012,000","85,718,000","75,847,000","78,474,000","81,024,000","63,332,000","63,074,000","60,904,000","73,028,000","61,871,000","65,838,000","69,676,000","74,368,000","72,327,000","74,608,000","79,281,000","88,124,000","88,243,000","91,470,000","89,148,000","88,156,000","94,484,000","97,950,000","103,801,000","99,130,000","99,696,000","96,843,000","91,857,000","104,245,000","97,722,000","93,174,000","91,830,000","92,368,000","85,556,000","103,146,000","80,900,000","66,800,000","67,100,000","70,700,000","70,800,000","73,400,000","74,500,000","69,700,000","66,900,000","56,900,000","56,700,000","57,300,000","48,500,000","45,000,000","40,800,000","33,400,000","29,700,000","29,100,000","18,500,000","20,000,000","15,600,000","16,900,000","18,300,000","12,400,000","11,500,000","11,400,000","9,500,000","9,400,000","8,600,000","8,100,000","7,100,000","6,900,000","6,800,000","6,700,000","6,000,000","6,400,000","5,400,000","5,300,000","3,800,000","3,500,000","3,400,000",,,,,,,,,,,,,,,,,
NetIncomeFromContinuingOperationNetMinorityInterest,"6,550,000,000","1,792,000,000","1,712,000,000","1,716,000,000","1,330,000,000","1,130,000,000","1,131,000,000","841,000,000","755,000,000","892,000,000","698,000,000","571,000,000","666,000,000","771,000,000","876,000,000","1,173,000,000","1,129,000,000","135,000,000","982,000,000","925,000,000","824,000,000","703,000,000","610,000,000","505,000,000","320,000,000","286,000,000","336,000,000","329,000,000","364,000,000","348,000,000","256,000,000","301,000,000","262,000,000","253,000,000","183,000,000","168,000,000","-129,000,000","34,000,000","-515,000,000","218,000,000","289,000,000","117,000,000","455,000,000","476,000,000","489,000,000","506,000,000","468,015,000","123,096,000","264,004,000","82,751,000","137,862,000","-54,865,000","-255,390,000","-132,934,000","231,095,000","164,768,000","302,507,000","262,376,000","421,761,000","473,515,000","411,444,000","403,476,000","449,029,000","512,040,000","412,814,000","142,780,000","246,714,000","369,591,000","304,830,000","288,765,000","455,008,000","440,571,000","373,348,000","82,376,000","15,451,000","-36,802,000","-62,126,000","-65,670,000","147,242,000","115,227,000","52,030,000","-45,495,000","-38,134,000","28,525,000","226,730,000","558,107,000","663,797,000","603,781,000","468,871,000","328,500,000","286,800,000","244,400,000","141,600,000","52,900,000","-128,600,000","47,500,000","141,200,000","228,900,000","180,200,000","186,600,000","102,100,000","29,600,000","73,100,000","169,100,000","185,800,000","171,600,000","155,400,000","139,200,000","93,600,000","65,800,000","63,100,000","58,100,000","55,100,000","37,400,000","34,500,000","28,200,000","22,300,000","14,700,000","13,000,000","10,700,000","9,400,000","6,400,000","6,300,000","8,400,000","7,300,000","4,200,000","3,000,000","9,500,000","10,500,000","11,100,000",,,,,,,,,,,,,,,,,
TotalUnusualItemsExcludingGoodwill,"-155,000,000","4,000,000","1,000,000","0","-160,000,000","-152,000,000",,,,,,,,,,,,,,,,,,,,,"-14,000,000","-3,000,000","14,000,000","78,000,000","2,000,000","0","0","-10,000,000","-27,000,000","-17,000,000","-290,000,000","-9,000,000","-559,000,000","-44,000,000","-3,000,000","0","3,000,000","25,000,000","4,000,000","29,000,000","2,218,000","-143,135,000","-12,639,000","-105,034,000","-1,365,000","-2,341,000","-103,790,000","-132,772,000","31,523,000","-138,000","-510,000","-48,986,000","-3,039,000","-1,616,000","-25,044,000","3,278,000","-1,490,000","2,646,000","1,578,000","-214,847,000",,,,,"-26,627,000",,,"-167,459,000","-113,504,000","-66,181,000","-92,731,000","-99,338,000","0",,,"-85,479,000","-148,600,000","-14,150,000","-58,414,000",,"0",,"28,158,000",,"400,000",,,"15,000,000","-235,000,000","-35,000,000",,"47,800,000","-11,000,000","63,700,000",,"-59,500,000",,,,,,"-2,600,000","100,000","-1,800,000","-4,200,000","2,400,000","4,600,000","-700,000","-700,000","100,000","300,000","1,800,000","200,000",,"700,000","600,000","600,000","800,000","-100,000","200,000","300,000","600,000","400,000","600,000",,,,,,,,,,,,,,,,,
TotalUnusualItems,"-155,000,000","4,000,000","1,000,000","0","-160,000,000","-152,000,000",,,,,,,,,,,,,,,,,,,,,"-14,000,000","-3,000,000","14,000,000","78,000,000","2,000,000","0","0","-10,000,000","-27,000,000","-17,000,000","-290,000,000","-9,000,000","-559,000,000","-44,000,000","-3,000,000","0","3,000,000","25,000,000","4,000,000","29,000,000","2,218,000","-143,135,000","-12,639,000","-105,034,000","-1,365,000","-2,341,000","-103,790,000","-132,772,000","31,523,000","-138,000","-510,000","-48,986,000","-3,039,000","-1,616,000","-25,044,000","3,278,000","-1,490,000","2,646,000","1,578,000","-214,847,000",,,,,"-26,627,000",,,"-167,459,000","-113,504,000","-66,181,000","-92,731,000","-99,338,000","0",,,"-85,479,000","-148,600,000","-14,150,000","-58,414,000",,"0",,"28,158,000",,"400,000",,,"15,000,000","-235,000,000","-35,000,000",,"47,800,000","-11,000,000","63,700,000",,"-59,500,000",,,,,,"-2,600,000","100,000","-1,800,000","-4,200,000","2,400,000","4,600,000","-700,000","-700,000","100,000","300,000","1,800,000","200,000",,"700,000","600,000","600,000","800,000","-100,000","200,000","300,000","600,000","400,000","600,000",,,,,,,,,,,,,,,,,
NormalizedEBITDA,"8,245,000,000","2,080,000,000","2,167,000,000","2,135,000,000","1,863,000,000","1,547,000,000","1,399,000,000","1,202,000,000","1,030,000,000","1,158,000,000","991,000,000","929,000,000","913,000,000","1,036,000,000","1,178,000,000","1,408,000,000","1,459,000,000","1,340,000,000","1,236,000,000","1,139,000,000","1,055,000,000","906,000,000","878,000,000","699,000,000","528,000,000","452,000,000","539,000,000","495,000,000","492,000,000","474,000,000","513,000,000","487,000,000","482,000,000","444,000,000","343,000,000","368,000,000","330,000,000","157,000,000","147,000,000","475,000,000","521,000,000","295,000,000","423,000,000","728,000,000","752,000,000","719,000,000","775,649,000","399,026,000","491,663,000","305,240,000","252,166,000","6,551,000","-199,080,000","140,680,000","333,431,000","314,326,000","514,618,000","549,329,000","648,196,000","738,426,000","702,186,000","603,874,000","138,182,000","737,360,000","623,753,000","643,309,000","425,908,000","375,024,000","486,126,000","461,491,000","652,475,000","701,787,000","606,504,000","521,439,000","319,428,000","140,140,000","169,251,000","185,298,000","233,986,000","236,109,000","136,205,000","76,663,000","156,820,000","113,073,000","426,025,000","842,363,000","1,198,616,000","911,795,000","648,833,000","524,800,000","424,500,000","407,300,000","226,600,000","98,400,000","100,200,000","200,300,000","280,600,000","314,100,000","344,600,000","189,900,000","204,900,000","237,300,000","177,000,000","296,900,000","314,400,000","289,300,000","262,800,000","234,500,000","164,600,000","119,500,000","119,300,000","108,100,000","93,600,000","74,500,000","69,800,000","54,700,000","45,400,000","30,600,000","30,700,000","28,600,000","23,200,000","19,400,000","19,200,000","21,200,000","21,300,000","14,200,000","11,400,000","18,900,000","21,300,000","21,400,000","-276,200,000","130,200,000","122,800,000","106,700,000","-179,400,000","103,400,000","82,600,000","64,000,000","-119,100,000","44,100,000","40,900,000","36,100,000","-105,000,000","39,200,000","36,000,000","33,900,000","-123,200,000"
TaxRateForCalcs,"0.122","0.069","0.147","0.133","0.139","0.089","0.09","0.191","0.14","0.112","0.169","0.27","0.123","0.132","0.122","0.053","0.128","0.27","0.086","0.054","0.093","0.088","0.176","0.105","0.19","0.089","0.154","0.123","0.064","0.204","0.357","0.186","0.282","0.197","0.057","0.263","0.35","0.35","0.032","0.278","0.253","0.264","0.35","0.288","0.287","0.256","0.335","0.308","0.318","0.303","0.207","0.26","0.333","0.344","0.284","0.321","0.334","0.326","0.272","0.311","0.324","0.286","0.32","0.291","0.313","0.224","0.368","0.4","0.311","0.295","0.184","0.295","0.295","0.295","0.295","0.295","0.295","0.295","0.123","0.295","0.295","0.295","0.295","0.361","0.282","0.3","0.3","0.3","0.3","0.3","0.344","0.31","0.31","0.311","0.339","0.251","0.35","0.35","0.35","0.35","0.35","0.4","0.4","0.35","0.35","0.35","0.35","0.35","0.35","0.35","0.35","0.35","0.35","0.349","0.35","0.33","0.33","0.329","0.33","0.331","0.324","0.34","0.351","0.317","0.371","0.373","0.362","0.345","0.379","0.38",,,,,,,,,,,,,,,,,
TaxEffectOfUnusualItems,"-18,834,495.708","276,000","146,560.319","0","-22,240,000","-13,528,000","0","0","0","0","0","0","0","0","0","0","0","0","0","0","0","0","0","0","0","0","-2,151,133.501","-369,000","896,000","15,912,000","713,567.839","0","0","-1,970,000","-1,530,927.835","-4,471,000","-101,500,000","-3,150,000","-17,862,781.955","-12,238,410.596","-759,689.922","0","1,050,000","7,212,257.1","1,148,688.047","7,420,588.235","742,122.065","-44,055,840.798","-4,018,074.243","-31,831,138.697","-282,550.791","-609,643.306","-34,546,598.347","-45,680,318.663","8,947,679.227","-44,259.857","-170,286.364","-15,972,836.768","-826,237.388","-502,020.611","-8,104,014.539","938,052.779","-476,388.984","770,792.785","493,141.753","-48,062,415.74","0","0","0","0","-4,911,057.558","0","0","-49,401,021.259","-33,482,540.61","-19,523,020.996","-27,355,655.523","-29,304,757.99","0","0","0","-25,216,384.476","-43,829,678.111","-5,109,149.961","-16,495,056.946","0","0","0","8,447,408.408","0","137,619.912","0","0","4,660,574.413","-79,779,487.179","-8,777,602.524","0","16,738,824.198","-3,846,625.767","22,298,328.109","0","-23,800,000","0","0","0","0","0","-910,364.146","34,975.711","-629,644.269","-1,470,648.816","839,344.262","1,608,920.188","-244,481.054","-245,197.74","33,016.627","99,099.099","591,780.822","65,979.381","0","226,618.705","204,123.711","210,309.278","253,658.537","-37,068.966","74,626.866","108,510.638","206,896.552","151,479.29","227,932.961",,,,,,,,,,,,,,,,,