name,ttm,12/31/2021,09/30/2021,06/30/2021,03/31/2021,12/31/2020,09/30/2020,06/30/2020,03/31/2020,12/31/2019,09/30/2019,06/30/2019,03/31/2019,12/31/2018,09/30/2018,06/30/2018,03/31/2018,12/31/2017,09/30/2017,06/30/2017,03/31/2017,12/31/2016,09/30/2016,06/30/2016,03/31/2016,12/31/2015,09/30/2015,06/30/2015,03/31/2015,12/31/2014,09/30/2014,06/30/2014,03/31/2014,12/31/2013,09/30/2013,06/30/2013,03/31/2013,12/31/2012,09/30/2012,06/30/2012,03/31/2012,12/31/2011,09/30/2011,06/30/2011,03/31/2011,12/31/2010,09/30/2010,06/30/2010,03/31/2010,12/31/2009,09/30/2009,06/30/2009,03/31/2009,12/31/2008,09/30/2008,06/30/2008,03/31/2008,12/31/2007,09/30/2007,06/30/2007,03/31/2007,12/31/2006,09/30/2006,06/30/2006,03/31/2006,12/31/2005,09/30/2005,06/30/2005,03/31/2005,12/31/2004,09/30/2004,06/30/2004,03/31/2004,12/31/2003,09/30/2003,06/30/2003,03/31/2003,12/31/2002,09/30/2002,06/30/2002,03/31/2002,12/31/2001,09/30/2001,06/30/2001,03/31/2001,12/31/2000,09/30/2000,06/30/2000,03/31/2000,12/31/1999,09/30/1999,06/30/1999,03/31/1999,12/31/1998,09/30/1998,06/30/1998,03/31/1998,12/31/1997,09/30/1997,06/30/1997,03/31/1997,12/31/1996,09/30/1996,06/30/1996,03/31/1996,12/31/1995,09/30/1995,06/30/1995,03/31/1995,12/31/1994,09/30/1994,06/30/1994,03/31/1994,12/31/1993,09/30/1993,06/30/1993,03/31/1993,12/31/1992,09/30/1992,06/30/1992,03/31/1992,12/31/1991,09/30/1991,06/30/1991,03/31/1991,12/31/1990,09/30/1990,06/30/1990,03/31/1990,12/31/1989,09/30/1989,06/30/1989,03/31/1989,12/31/1988,09/30/1988,06/30/1988,03/31/1988,12/31/1987,09/30/1987,06/30/1987,03/31/1987,12/31/1986,09/30/1986,06/30/1986,03/31/1986,12/31/1985,09/30/1985
TotalRevenue,"25,979,000,000","6,846,000,000","6,706,000,000","6,526,000,000","5,901,000,000","6,634,000,000","6,423,000,000","6,206,000,000","6,161,000,000","6,197,000,000","5,737,000,000","5,871,000,000","5,557,000,000","6,230,000,000","5,904,000,000","6,059,000,000","5,554,000,000","5,802,000,000","5,773,000,000","5,810,000,000","5,464,000,000","5,965,000,000","5,811,000,000","5,688,000,000","5,527,000,000","5,536,000,000","5,723,000,000","5,370,000,000","5,033,000,000","5,331,000,000","5,031,000,000","5,180,000,000","4,521,000,000","5,011,000,000","4,748,000,000","4,679,000,000","4,238,000,000","4,421,000,000","4,319,000,000","4,477,000,000","4,048,000,000","3,973,000,000","3,944,000,000","3,959,000,000","3,706,000,000","3,841,000,000","3,816,000,000","3,804,000,000","3,592,000,000","3,809,000,000","3,812,000,000","3,713,000,000","3,308,000,000","3,751,000,000","3,875,000,000","3,764,000,000","3,613,000,000","3,745,000,000","3,611,000,000","3,728,000,000","3,687,000,000","3,835,000,000","3,612,000,000","3,604,000,000","3,217,000,000","3,271,000,000","3,154,000,000","3,172,000,000","2,833,000,000","2,909,000,000","2,713,000,000","2,584,900,000","2,343,000,000","2,346,300,000","2,207,400,000","2,041,100,000","1,761,200,000","1,766,100,000","1,499,300,000","1,169,100,000","1,008,500,000","1,124,300,000","1,003,100,000","986,700,000","901,600,000","905,800,000","902,900,000","867,900,000","771,800,000","889,200,000","812,800,000","786,900,000","715,300,000","731,600,000","680,200,000","641,100,000","589,400,000","592,000,000","583,600,000","606,700,000","563,400,000","582,100,000","556,400,000","560,900,000","498,700,000","504,300,000","484,400,000","484,100,000","431,000,000","434,300,000","418,600,000","407,400,000","359,700,000","359,800,000","349,600,000","339,200,000","306,400,000","304,000,000","299,900,000","257,600,000","218,800,000","209,600,000","177,900,000","152,800,000","139,500,000","91,200,000","78,800,000","71,700,000","57,000,000","65,300,000","39,600,000","28,400,000","12,200,000","21,300,000","19,400,000","17,300,000","5,500,000","13,600,000","12,600,000","12,600,000","9,500,000","7,800,000","6,100,000","6,500,000","6,300,000","5,100,000","7,500,000"
	OperatingRevenue,"24,297,000,000","6,271,000,000","6,320,000,000","6,114,000,000","5,592,000,000","6,334,000,000","6,104,000,000","5,908,000,000","5,894,000,000","5,881,000,000","5,463,000,000","5,574,000,000","5,286,000,000","6,001,000,000","5,510,000,000","5,679,000,000","5,343,000,000","5,569,000,000","5,453,000,000","5,574,000,000","5,199,000,000","5,663,000,000","5,516,000,000","5,474,000,000","5,239,000,000","5,329,000,000","5,516,000,000","5,225,000,000","4,874,000,000","5,174,000,000","4,848,000,000","4,949,000,000","4,356,000,000","4,799,000,000","4,647,000,000","4,595,000,000","4,151,000,000","3,795,000,000","4,319,000,000","4,477,000,000","4,048,000,000","3,973,000,000","3,944,000,000","3,959,000,000","3,706,000,000","3,841,000,000","3,816,000,000","3,804,000,000","3,592,000,000","3,809,000,000","3,812,000,000","3,713,000,000","3,308,000,000","3,751,000,000","3,875,000,000","3,764,000,000","3,613,000,000","3,745,000,000","3,611,000,000","3,728,000,000","3,687,000,000","3,835,000,000","3,612,000,000","3,491,000,000","3,127,000,000","3,271,000,000","3,154,000,000","3,172,000,000","2,833,000,000","2,909,000,000","2,713,000,000","2,584,900,000","2,343,000,000","2,630,100,000","2,106,900,000","1,949,200,000","1,761,200,000","2,005,200,000","1,408,600,000","1,169,100,000","940,100,000","1,044,100,000","940,200,000","929,200,000","849,500,000","905,800,000","902,900,000","867,900,000","771,800,000","889,200,000","812,800,000","786,900,000","715,300,000","731,600,000","680,200,000","641,100,000","589,400,000","592,000,000","583,600,000","606,700,000","563,400,000","582,100,000","556,400,000","560,900,000","498,700,000","504,300,000","484,400,000","484,100,000","431,000,000","434,300,000","418,600,000","407,400,000","359,700,000","359,800,000","349,600,000","339,200,000","306,400,000","304,000,000","299,900,000","257,600,000","218,800,000","209,600,000","177,900,000","152,800,000","139,500,000","91,200,000","78,800,000","71,700,000","57,000,000","65,300,000","39,600,000","28,400,000","12,200,000","21,300,000","19,400,000","17,300,000","5,500,000","13,600,000","12,600,000","12,600,000","9,500,000","7,800,000","6,100,000","6,500,000","6,300,000","5,100,000","7,500,000"
CostOfRevenue,"6,454,000,000","1,718,000,000","1,609,000,000","1,637,000,000","1,490,000,000","1,597,000,000","1,561,000,000","1,488,000,000","1,513,000,000","1,253,000,000","1,036,000,000","1,012,000,000","1,055,000,000","1,096,000,000","1,037,000,000","1,024,000,000","944,000,000","1,059,000,000","990,000,000","1,024,000,000","996,000,000","1,067,000,000","1,027,000,000","1,050,000,000","1,018,000,000","1,071,000,000","1,034,000,000","1,089,000,000","1,033,000,000","1,183,000,000","1,068,000,000","1,081,000,000","1,090,000,000","1,029,000,000","788,000,000","785,000,000","744,000,000","852,000,000","705,000,000","682,000,000","679,000,000","656,000,000","605,000,000","602,000,000","564,000,000","572,000,000","587,000,000","553,000,000","508,000,000","538,000,000","545,000,000","531,000,000","477,000,000","558,000,000","677,000,000","515,000,000","546,000,000","606,000,000","792,000,000","558,000,000","592,000,000","561,000,000","489,000,000","493,000,000","552,000,000","511,000,000","552,000,000","530,000,000","489,000,000","476,000,000","447,000,000","435,400,000","373,200,000","388,300,000","340,000,000","329,100,000","283,300,000","273,800,000","226,400,000","131,900,000","103,600,000","152,500,000","102,700,000","98,400,000","89,400,000","56,000,000","57,000,000","48,700,000","34,900,000","63,800,000","59,500,000","54,000,000","48,000,000","59,500,000","51,700,000","47,300,000","42,900,000","56,300,000","43,700,000","48,100,000","35,600,000","54,500,000","48,100,000","41,300,000","39,000,000","45,900,000","42,200,000","53,700,000","46,900,000","41,900,000","40,700,000","45,300,000","35,500,000","45,000,000","44,500,000","40,900,000","38,900,000","47,600,000","41,400,000","32,600,000","29,600,000","27,400,000","25,500,000","21,500,000","16,800,000","13,400,000","12,200,000","12,800,000","5,900,000","4,300,000","4,400,000","200,000",,,,,,,,,,,,,,,
GrossProfit,"19,525,000,000","5,128,000,000","5,097,000,000","4,889,000,000","4,411,000,000","5,037,000,000","4,862,000,000","4,718,000,000","4,648,000,000","4,944,000,000","4,701,000,000","4,859,000,000","4,502,000,000","5,134,000,000","4,867,000,000","5,035,000,000","4,610,000,000","4,743,000,000","4,783,000,000","4,786,000,000","4,468,000,000","4,898,000,000","4,784,000,000","4,638,000,000","4,509,000,000","4,465,000,000","4,689,000,000","4,281,000,000","4,000,000,000","4,148,000,000","3,963,000,000","4,099,000,000","3,431,000,000","3,982,000,000","3,960,000,000","3,894,000,000","3,494,000,000","3,569,000,000","3,614,000,000","3,795,000,000","3,369,000,000","3,317,000,000","3,339,000,000","3,357,000,000","3,142,000,000","3,269,000,000","3,229,000,000","3,251,000,000","3,084,000,000","3,271,000,000","3,267,000,000","3,182,000,000","2,831,000,000","3,193,000,000","3,198,000,000","3,249,000,000","3,067,000,000","3,139,000,000","2,819,000,000","3,170,000,000","3,095,000,000","3,274,000,000","3,123,000,000","3,111,000,000","2,665,000,000","2,760,000,000","2,602,000,000","2,642,000,000","2,344,000,000","2,433,000,000","2,266,000,000","2,149,500,000","1,969,800,000","1,958,000,000","1,867,400,000","1,712,000,000","1,477,900,000","1,492,300,000","1,272,900,000","1,037,200,000","904,900,000","971,800,000","900,400,000","888,300,000","812,200,000","849,800,000","845,900,000","819,200,000","736,900,000","825,400,000","753,300,000","732,900,000","667,300,000","672,100,000","628,500,000","593,800,000","546,500,000","535,700,000","539,900,000","558,600,000","527,800,000","527,600,000","508,300,000","519,600,000","459,700,000","458,400,000","442,200,000","430,400,000","384,100,000","392,400,000","377,900,000","362,100,000","324,200,000","314,800,000","305,100,000","298,300,000","267,500,000","256,400,000","258,500,000","225,000,000","189,200,000","182,200,000","152,400,000","131,300,000","122,700,000","77,800,000","66,600,000","58,900,000","51,100,000","61,000,000","35,200,000","28,200,000",,,,,,,,,,,,,,,
OperatingExpense,"10,381,000,000","2,824,000,000","2,719,000,000","2,556,000,000","2,282,000,000","3,029,000,000","2,409,000,000","2,395,000,000","2,293,000,000","2,896,000,000","2,225,000,000","2,181,000,000","2,030,000,000","2,752,000,000","2,544,000,000","2,203,000,000","1,884,000,000","2,498,000,000","2,344,000,000","2,088,000,000","1,877,000,000","2,413,000,000","2,257,000,000","2,258,000,000","2,107,000,000","2,432,000,000","2,350,000,000","2,205,000,000","1,978,000,000","2,689,000,000","2,497,000,000","2,197,000,000","2,067,000,000","2,795,000,000","2,272,000,000","2,344,000,000","2,052,000,000","2,481,000,000","2,191,000,000","2,206,000,000","1,892,000,000","1,259,000,000","2,814,000,000","2,025,000,000","1,849,000,000","2,201,000,000","1,750,000,000","1,734,000,000","1,603,000,000","2,148,000,000","1,662,000,000","1,725,000,000","1,505,000,000","2,056,000,000","1,715,000,000","2,070,000,000","1,652,000,000","1,873,000,000","1,836,000,000","2,040,000,000","1,695,000,000","1,054,000,000","1,801,000,000","1,715,000,000","1,431,000,000","1,659,000,000","1,304,000,000","1,349,000,000","1,188,000,000","960,000,000","1,772,000,000","1,142,800,000","1,041,700,000","1,202,900,000","1,010,600,000","894,900,000","815,700,000","-6,251,100,000","739,200,000","472,400,000","447,500,000","762,700,000","444,200,000","438,900,000","395,700,000","554,200,000","458,300,000","460,900,000","410,300,000","494,800,000","397,700,000","396,100,000","365,300,000","374,100,000","335,700,000","311,000,000","301,700,000","312,900,000","322,600,000","299,600,000","296,600,000","293,100,000","273,900,000","266,900,000","265,300,000","257,700,000","234,100,000","235,500,000","227,000,000","202,100,000","193,800,000","189,100,000","173,000,000","176,900,000","156,300,000","158,600,000","142,600,000","58,300,000","139,800,000","128,100,000","104,800,000","100,300,000","88,700,000","205,500,000","70,800,000","107,600,000","51,000,000","45,500,000","40,500,000","49,300,000","30,300,000","26,500,000",,,,,,,,,,,,,,,
	SellingGeneralAndAdministration,"5,368,000,000","1,425,000,000","1,305,000,000","1,384,000,000","1,254,000,000","1,773,000,000","1,346,000,000","1,295,000,000","1,316,000,000","1,513,000,000","1,223,000,000","1,260,000,000","1,154,000,000","1,559,000,000","1,293,000,000","1,353,000,000","1,127,000,000","1,427,000,000","1,170,000,000","1,209,000,000","1,064,000,000","1,323,000,000","1,244,000,000","1,292,000,000","1,203,000,000","1,416,000,000","1,244,000,000","1,160,000,000","1,026,000,000","1,327,000,000","1,213,000,000","1,136,000,000","1,023,000,000","1,521,000,000","1,249,000,000","1,256,000,000","1,158,000,000","1,370,000,000","1,127,000,000","1,228,000,000","1,076,000,000","1,208,000,000","1,125,000,000","1,130,000,000","1,023,000,000","1,156,000,000","957,000,000","986,000,000","884,000,000","1,180,000,000","932,000,000","910,000,000","798,000,000","1,111,000,000","900,000,000","904,000,000","874,000,000","1,001,000,000","730,000,000","860,000,000","770,000,000","1,030,000,000","807,000,000","840,000,000","689,000,000","911,000,000","656,000,000","646,000,000","577,000,000","816,000,000","632,000,000","591,000,000","516,500,000","626,000,000","483,000,000","453,500,000","390,100,000","500,900,000","394,900,000","320,500,000","245,800,000","326,200,000","221,800,000","226,500,000","196,200,000","249,200,000","202,900,000","205,100,000","169,700,000","204,300,000","159,900,000","157,200,000","132,900,000","146,100,000","134,200,000","122,000,000","113,100,000","126,400,000","119,400,000","125,500,000","112,500,000","129,000,000","118,500,000","116,300,000","106,800,000","113,800,000","106,700,000","104,400,000","93,400,000","94,700,000","93,800,000","89,800,000","81,500,000","164,700,000","142,500,000","145,900,000","130,600,000","52,000,000","130,400,000","116,600,000","98,400,000","95,900,000","82,200,000","200,100,000","65,500,000","102,800,000","47,200,000","41,700,000","36,700,000","46,300,000","27,700,000","23,900,000",,,,,,,,,,,,,,,
	ResearchAndDevelopment,"4,819,000,000","1,348,000,000","1,422,000,000","1,082,000,000","967,000,000","1,229,000,000","1,062,000,000","964,000,000","952,000,000","1,312,000,000","1,001,000,000","924,000,000","879,000,000","1,182,000,000","926,000,000","869,000,000","760,000,000","1,043,000,000","877,000,000","873,000,000","769,000,000","1,078,000,000","990,000,000","900,000,000","872,000,000","1,093,000,000","1,119,000,000","964,000,000","894,000,000","1,234,000,000","1,018,000,000","1,018,000,000","1,027,000,000","1,249,000,000","989,000,000","967,000,000","878,000,000","938,000,000","880,000,000","826,000,000","736,000,000","851,000,000","761,000,000","819,000,000","736,000,000","854,000,000","719,000,000","675,000,000","646,000,000","891,000,000","647,000,000","693,000,000","633,000,000","798,000,000","729,000,000","809,000,000","694,000,000","822,000,000","776,000,000","817,000,000","851,000,000","1,051,000,000","872,000,000","788,000,000","655,000,000","661,000,000","562,000,000","567,000,000","524,000,000","617,000,000","502,000,000","467,800,000","441,300,000","502,900,000","407,500,000","393,700,000","351,300,000","367,000,000","312,600,000","233,600,000","203,400,000","232,600,000","216,900,000","208,800,000","206,700,000","249,500,000","202,900,000","202,800,000","189,800,000","242,300,000","198,400,000","194,100,000","188,000,000","192,400,000","166,000,000","152,400,000","152,500,000","165,100,000","172,600,000","145,400,000","147,700,000","143,700,000","130,400,000","123,600,000","130,600,000","124,000,000","105,500,000","108,400,000","113,900,000","88,000,000","81,600,000","80,200,000","73,700,000",,,,,,,,,,,,,,,,,,,,,,,,,,,,,,,,,,
	DepreciationAmortizationDepletionIncomeStatement,,,,,,,,,,,,,,,,,,,,,,,,,,,,,,,,,,,,,,"73,000,000","74,000,000","73,000,000","74,000,000","73,000,000","74,000,000","73,000,000","74,000,000","73,000,000","74,000,000","73,000,000","74,000,000","73,000,000","74,000,000","73,000,000","74,000,000","73,000,000","74,000,000","73,000,000","74,000,000","74,000,000","76,000,000","74,000,000","74,000,000","74,000,000","122,000,000","87,000,000","87,000,000","87,000,000","86,000,000","87,000,000","87,000,000","81,000,000","84,000,000","84,000,000","83,900,000","84,000,000","83,900,000","84,000,000","83,900,000","84,600,000","70,600,000",,,,,,,"55,500,000","52,500,000","53,000,000","50,800,000","48,200,000","39,400,000","44,800,000","44,400,000","35,600,000","35,500,000","36,600,000","36,100,000","21,400,000","30,600,000","28,700,000","36,400,000","20,400,000","25,000,000","27,000,000","27,900,000","19,900,000","21,900,000","22,700,000","19,700,000","19,400,000","18,400,000","19,100,000","17,800,000","12,200,000","13,800,000","12,700,000","12,000,000","6,300,000","9,400,000","11,500,000","6,400,000","4,400,000","6,500,000","5,400,000","5,300,000","4,800,000","3,800,000","3,800,000","3,800,000","3,000,000","2,600,000","2,600,000",,,,,,,,,,,,,,,
		DepreciationAndAmortizationInIncomeStatement,,,,,,,,,,,,,,,,,,,,,,,,,,,,,,,,,,,,,,"73,000,000","74,000,000","73,000,000","74,000,000","73,000,000","74,000,000","73,000,000","74,000,000","73,000,000","74,000,000","73,000,000","74,000,000","73,000,000","74,000,000","73,000,000","74,000,000","73,000,000","74,000,000","73,000,000","74,000,000","74,000,000","76,000,000","74,000,000","74,000,000","74,000,000","122,000,000","87,000,000","87,000,000","87,000,000","86,000,000","87,000,000","87,000,000","81,000,000","84,000,000","84,000,000","83,900,000","84,000,000","83,900,000","84,000,000","83,900,000","84,600,000","70,600,000",,,,,,,"55,500,000","52,500,000","53,000,000","50,800,000","48,200,000","39,400,000","44,800,000","44,400,000","35,600,000","35,500,000","36,600,000","36,100,000","21,400,000","30,600,000","28,700,000","36,400,000","20,400,000","25,000,000","27,000,000","27,900,000","19,900,000","21,900,000","22,700,000","19,700,000","19,400,000","18,400,000","19,100,000","17,800,000","12,200,000","13,800,000","12,700,000","12,000,000","6,300,000","9,400,000","11,500,000","6,400,000","4,400,000","6,500,000","5,400,000","5,300,000","4,800,000","3,800,000","3,800,000","3,800,000","3,000,000","2,600,000","2,600,000",,,,,,,,,,,,,,,
			Amortization,,,,,,,,,,,,,,,,,,,,,,,,,,,,,,,,,,,,,,"73,000,000","74,000,000","73,000,000","74,000,000","73,000,000","74,000,000","73,000,000","74,000,000","73,000,000","74,000,000","73,000,000","74,000,000","73,000,000","74,000,000","73,000,000","74,000,000","73,000,000","74,000,000","73,000,000","74,000,000","74,000,000","76,000,000","74,000,000","74,000,000","74,000,000","122,000,000","87,000,000","87,000,000","87,000,000","86,000,000","87,000,000","87,000,000","81,000,000","84,000,000","84,000,000","83,900,000","84,000,000","83,900,000","84,000,000","83,900,000","84,600,000","70,600,000",,,,,,,,,,,,,,,,,,,,,,,,,,,,,,,,,,,,,,,,,,,,,,,,,,,,,,,,,,,,,,,,,,,,
				AmortizationOfIntangiblesIncomeStatement,,,,,,,,,,,,,,,,,,,,,,,,,,,,,,,,,,,,,,"73,000,000","74,000,000","73,000,000","74,000,000","73,000,000","74,000,000","73,000,000","74,000,000","73,000,000","74,000,000","73,000,000","74,000,000","73,000,000","74,000,000","73,000,000","74,000,000","73,000,000","74,000,000","73,000,000","74,000,000","74,000,000","76,000,000","74,000,000","74,000,000","74,000,000","122,000,000","87,000,000","87,000,000","87,000,000","86,000,000","87,000,000","87,000,000","81,000,000","84,000,000","84,000,000","83,900,000","84,000,000","83,900,000","84,000,000","83,900,000","84,600,000","70,600,000",,,,,,,,,,,,,,,,,,,,,,,,,,,,,,,,,,,,,,,,,,,,,,,,,,,,,,,,,,,,,,,,,,,,
	OtherOperatingExpenses,"194,000,000","51,000,000","-8,000,000","90,000,000","61,000,000","27,000,000","1,000,000","136,000,000","25,000,000","71,000,000","1,000,000","-3,000,000","-3,000,000","11,000,000","325,000,000","-19,000,000","-3,000,000","28,000,000","297,000,000","6,000,000","44,000,000","12,000,000","23,000,000","66,000,000","32,000,000","-77,000,000","-13,000,000","81,000,000","58,000,000","128,000,000","266,000,000","43,000,000","17,000,000","25,000,000","34,000,000","121,000,000","16,000,000","100,000,000","110,000,000","79,000,000","6,000,000",,"854,000,000","3,000,000","16,000,000","118,000,000",,,"-1,000,000","4,000,000","9,000,000","49,000,000",,"74,000,000","12,000,000","284,000,000","10,000,000","-24,000,000","254,000,000","289,000,000",,,,,,"0",,"49,000,000",,,"554,000,000",,,"-10,000,000","36,200,000","-36,300,000","-9,600,000","-7,203,600,000","-38,900,000","-81,700,000","-1,700,000","203,900,000","5,500,000","3,600,000","-7,200,000",,,,,,,,,,,,,,,,,,,,,,,,,,,,,,,,,,,,,,,,,,,,,,,,,,,,,,,,,,,,,,
OperatingIncome,"9,144,000,000","2,304,000,000","2,378,000,000","2,333,000,000","2,129,000,000","2,008,000,000","2,453,000,000","2,323,000,000","2,355,000,000","2,048,000,000","2,476,000,000","2,678,000,000","2,472,000,000","2,382,000,000","2,323,000,000","2,832,000,000","2,726,000,000","2,245,000,000","2,439,000,000","2,698,000,000","2,591,000,000","2,485,000,000","2,527,000,000","2,380,000,000","2,402,000,000","2,033,000,000","2,339,000,000","2,076,000,000","2,022,000,000","1,459,000,000","1,466,000,000","1,902,000,000","1,364,000,000","1,187,000,000","1,688,000,000","1,550,000,000","1,442,000,000","1,088,000,000","1,423,000,000","1,589,000,000","1,477,000,000","2,058,000,000","525,000,000","1,332,000,000","1,293,000,000","1,068,000,000","1,479,000,000","1,517,000,000","1,481,000,000","1,123,000,000","1,605,000,000","1,457,000,000","1,326,000,000","1,137,000,000","1,483,000,000","1,179,000,000","1,415,000,000","1,266,000,000","983,000,000","1,130,000,000","1,400,000,000","2,220,000,000","1,322,000,000","1,396,000,000","1,234,000,000","1,101,000,000","1,298,000,000","1,293,000,000","1,156,000,000","1,473,000,000","494,000,000","1,006,700,000","928,100,000","755,100,000","856,800,000","817,100,000","662,200,000","7,743,400,000","533,700,000","564,800,000","457,400,000","209,100,000","456,200,000","449,400,000","416,500,000","295,600,000","387,600,000","358,300,000","326,600,000","330,600,000","355,600,000","336,800,000","302,000,000","298,000,000","292,800,000","282,800,000","244,800,000","222,800,000","217,300,000","259,000,000","231,200,000","234,500,000","234,400,000","252,700,000","194,400,000","200,700,000","208,100,000","194,900,000","157,100,000","190,300,000","184,100,000","173,000,000","151,200,000","137,900,000","148,800,000","139,700,000","124,900,000","198,100,000","118,700,000","96,900,000","84,400,000","81,900,000","63,700,000","-74,200,000","51,900,000","-29,800,000","15,600,000","13,400,000","10,600,000","11,700,000","4,900,000","1,700,000","-62,800,000","21,300,000","19,400,000","17,300,000","-44,400,000","13,600,000","12,600,000","12,600,000","-21,700,000","7,800,000","6,100,000","6,500,000","-15,700,000","5,100,000","7,500,000"
NetNonOperatingInterestIncomeExpense,"-1,197,000,000","-335,000,000","-296,000,000","-281,000,000","-285,000,000","-131,000,000","-247,000,000","-293,000,000","-335,000,000","-65,000,000","-199,000,000","-114,000,000","-158,000,000","-197,000,000","-229,000,000","-185,000,000","-107,000,000","-31,000,000","-58,000,000","-156,000,000","-131,000,000","-202,000,000","-109,000,000","-176,000,000","-144,000,000","-120,000,000","-147,000,000","-79,000,000","-146,000,000","-173,000,000","-129,000,000","-144,000,000","-160,000,000","-173,000,000","-185,000,000","-145,000,000","-99,000,000","-165,000,000","-160,000,000","-132,000,000","-111,000,000","-111,000,000","-71,000,000","7,000,000","13,000,000","-69,000,000","-45,000,000","-53,000,000","-61,000,000","-48,000,000","-65,000,000","-100,000,000","-89,000,000",,,,,,,,,,,,,,,,,,,,,,,,,,,,,,,,,,,,,,,,,,,,,,,,,,,,,,,,,,,,,,,,,,,,,,,,,,,,,,,,,,,,,,,,,,,,,,
	InterestIncomeNonOperating,,,,,,"187,000,000","55,000,000","3,000,000","11,000,000","236,000,000","114,000,000","218,000,000","185,000,000","155,000,000","126,000,000","162,000,000","231,000,000","301,000,000","267,000,000","165,000,000","195,000,000","126,000,000","216,000,000","137,000,000","150,000,000","164,000,000","135,000,000","198,000,000","106,000,000","88,000,000","140,000,000","138,000,000","99,000,000","88,000,000","72,000,000","96,000,000","164,000,000","126,000,000","111,000,000","124,000,000","124,000,000","84,000,000","87,000,000","129,000,000","148,000,000","93,000,000","105,000,000","94,000,000","84,000,000","94,000,000","74,000,000","50,000,000",,,,,,,,,,,,,,,,,,,,,,,,,,,,,,,,,,,,,,,,,,,,,,,,,,,,,,,,,,,,,,,,,,,,,,,,,,,,,,,,,,,,,,,,,,,,,,,
	InterestExpenseNonOperating,"1,197,000,000","335,000,000","296,000,000","281,000,000","285,000,000","318,000,000","302,000,000","296,000,000","346,000,000","301,000,000","313,000,000","332,000,000","343,000,000","352,000,000","355,000,000","347,000,000","338,000,000","332,000,000","325,000,000","321,000,000","326,000,000","328,000,000","325,000,000","313,000,000","294,000,000","284,000,000","282,000,000","277,000,000","252,000,000","261,000,000","269,000,000","282,000,000","259,000,000","261,000,000","257,000,000","241,000,000","263,000,000","291,000,000","271,000,000","256,000,000","235,000,000","195,000,000","158,000,000","122,000,000","135,000,000","162,000,000","150,000,000","147,000,000","145,000,000","142,000,000","139,000,000","150,000,000",,,,,,,,,,,,,,,,,,,,,,,,,,,,,,,,,,,,,,,,,,,,,,,,,,,,,,,,,,,,,,,,,,,,,,,,,,,,,,,,,,,,,,,,,,,,,,,
	TotalOtherFinanceCost,,,,,,,,,,,,,,,,,,,,,,,,,,,,,,,,,,,,,,,,,,,,"-7,000,000","-13,000,000",,,,,,,,"89,000,000",,,,,,,,,,,,,,,,,,,,,,,,,,,,,,,,,,,,,,,,,,,,,,,,,,,,,,,,,,,,,,,,,,,,,,,,,,,,,,,,,,,,,,,,,,,,,,
OtherIncomeExpense,"-1,246,000,000","162,000,000","73,000,000","-1,494,000,000","13,000,000",,,,,,,,,,,,,,,,,,,,,,,,,,,,,,,,,,,,,,,,,,,,,,,,"-5,000,000","-74,000,000","-12,000,000","-284,000,000","-10,000,000","-185,000,000","-844,000,000","-289,000,000",,"-130,000,000",,"-988,000,000","90,000,000","0",,"-49,000,000",,"0","-554,000,000",,,"-273,800,000","64,300,000","128,200,000","9,600,000","-240,400,000","-2,838,500,000","81,700,000","70,100,000","-123,700,000","57,400,000","53,900,000","59,300,000","-7,300,000","115,700,000","41,600,000","25,900,000","36,200,000","80,100,000","48,900,000","45,900,000","29,000,000","32,500,000","29,500,000","25,000,000","24,500,000","-128,900,000","19,700,000","19,500,000","13,700,000","16,100,000","7,800,000","14,900,000","16,500,000","9,100,000","14,700,000","8,600,000","-107,800,000","4,800,000","2,400,000","2,500,000","12,200,000","3,700,000","23,800,000","7,500,000","10,800,000","26,100,000","16,700,000","11,600,000","10,300,000","12,600,000","7,300,000","5,800,000","6,700,000","6,700,000","4,200,000","-600,000","1,900,000","2,300,000",,,,,,,,,,,,,,,,
	EarningsFromEquityInterest,,,,,,,,,,,,,,,,,,,,,,,,,,,,,,,,,,,,,,,,,,,,,,,,,,,,,,,,,,,,,,,,,,,,,,,,,,,"-36,200,000","12,300,000","9,600,000",,,,,,,,,,,,,,,,,,,,,,,,,,,,,,,,,,,,,,,,,,,,,,,,,,,,,,,,,,,,,,,,,,,,,,
	SpecialIncomeCharges,"-1,505,000,000","0","0","-1,505,000,000",,,,,,,,,,,,,,,,,,,,,,,,,,,,,,,,,,,,,,,,,,,,,,,,,"-5,000,000","-74,000,000","-12,000,000","-284,000,000","-10,000,000","-185,000,000","-844,000,000","-289,000,000",,"-130,000,000",,"-988,000,000","90,000,000","0",,"-49,000,000",,"0","-554,000,000",,,"-288,100,000","100,500,000","115,900,000",,"-253,000,000","-2,838,500,000","81,700,000","70,100,000","-123,700,000","57,400,000","53,900,000","59,300,000","-7,300,000","115,700,000","41,600,000","25,900,000","36,200,000","80,100,000","48,900,000","45,900,000","29,000,000","32,500,000","29,500,000","25,000,000","24,500,000","-128,900,000","19,700,000","19,500,000","13,700,000","16,100,000","7,800,000","14,900,000","16,500,000","9,100,000","14,700,000","8,600,000","-107,800,000","4,800,000","2,400,000","2,500,000","12,200,000","3,700,000","23,800,000","7,500,000","10,800,000","26,100,000","16,700,000","11,600,000","10,300,000","12,600,000","7,300,000","5,800,000","6,700,000","6,700,000","4,200,000","-600,000","1,900,000","2,300,000",,,,,,,,,,,,,,,,
		OtherSpecialCharges,"1,505,000,000","0",,"1,505,000,000",,,,,,,,,,,,,,,,,,,,,,,,,,,,,,,,,,,,,,,,,,,,,,,,,,,,,,,,,,,,,,,,,,,,,,,,,,,,,,,,,,,,,,,,,,,,,,,,,,,,,,,,,,,,,,,,,,,,,,,,,,,,,,,,,,,,,,,,,,,,,,,
	OtherNonOperatingIncomeExpenses,"259,000,000","162,000,000","73,000,000","11,000,000","13,000,000",,,,,,,,,,,,,,,,,,,,,,,,,,,,,,,,,,,,,,,,,,,,,,,,,,,,,,,,,,,,,,,,,,,,,,,,,,,,,,,,,,,,,,,,,,,,,,,,,,,,,,,,,,,,,,,,,,,,,,,,,,,,,,,,,,,,,,,,,,,,,,
PretaxIncome,"6,701,000,000","2,131,000,000","2,155,000,000","558,000,000","1,857,000,000","1,877,000,000","2,206,000,000","2,030,000,000","2,020,000,000","1,983,000,000","2,277,000,000","2,564,000,000","2,314,000,000","2,185,000,000","2,094,000,000","2,647,000,000","2,619,000,000","2,214,000,000","2,381,000,000","2,542,000,000","2,460,000,000","2,283,000,000","2,418,000,000","2,204,000,000","2,258,000,000","1,913,000,000","2,192,000,000","1,997,000,000","1,876,000,000","1,286,000,000","1,337,000,000","1,758,000,000","1,204,000,000","1,014,000,000","1,503,000,000","1,405,000,000","1,343,000,000","923,000,000","1,263,000,000","1,457,000,000","1,366,000,000","1,051,000,000","454,000,000","1,339,000,000","1,306,000,000","999,000,000","1,434,000,000","1,464,000,000","1,420,000,000","1,075,000,000","1,540,000,000","1,357,000,000","1,232,000,000","1,154,000,000","1,471,000,000","1,188,000,000","1,437,000,000","1,058,000,000","372,000,000","1,137,000,000","1,394,000,000","1,029,000,000","1,361,000,000","316,000,000","1,314,000,000","1,111,000,000","1,312,000,000","1,299,000,000","1,146,000,000","920,000,000","509,000,000","1,016,800,000","949,200,000","770,100,000","866,200,000","848,700,000","688,100,000","669,800,000","-2,466,000,000","597,600,000","494,100,000","241,200,000","498,300,000","485,500,000","461,300,000","320,000,000","529,900,000","439,700,000","384,700,000","385,300,000","452,800,000","382,400,000","345,700,000","325,700,000","322,100,000","309,000,000","267,600,000","244,400,000","88,300,000","278,300,000","250,400,000","247,200,000","249,300,000","258,800,000","207,000,000","213,100,000","213,600,000","205,800,000","161,900,000","79,100,000","185,500,000","172,700,000","151,200,000","147,500,000","150,400,000","162,000,000","132,500,000","208,700,000","144,800,000","113,500,000","96,000,000","92,100,000","76,200,000","-67,200,000","56,800,000","-23,500,000","22,200,000","16,800,000","8,800,000","13,000,000","6,000,000","1,600,000",,,,,,,,,,,,,,,
TaxProvision,"808,000,000","232,000,000","271,000,000","94,000,000","211,000,000","262,000,000","185,000,000","227,000,000","195,000,000","280,000,000","309,000,000","385,000,000","322,000,000","257,000,000","235,000,000","351,000,000","308,000,000","6,478,000,000","360,000,000","391,000,000","389,000,000","348,000,000","401,000,000","334,000,000","358,000,000","113,000,000","329,000,000","344,000,000","253,000,000","-8,000,000","93,000,000","211,000,000","131,000,000","-7,000,000","135,000,000","147,000,000","-91,000,000","135,000,000","156,000,000","191,000,000","182,000,000","117,000,000","0","169,000,000","181,000,000","-23,000,000","198,000,000","262,000,000","253,000,000","144,000,000","154,000,000","88,000,000","213,000,000","193,000,000","313,000,000","247,000,000","301,000,000","223,000,000","171,000,000","118,000,000","283,000,000","196,000,000","259,000,000","302,000,000","313,000,000","287,000,000","345,000,000","270,000,000","292,000,000","231,000,000","273,000,000","268,700,000","259,000,000","223,200,000","254,100,000","241,500,000","194,800,000","213,400,000","155,600,000","185,200,000","153,200,000","78,200,000","168,400,000","163,600,000","156,400,000","109,200,000","171,000,000","137,100,000","118,500,000","103,700,000","152,800,000","114,800,000","98,500,000","87,100,000","101,100,000","92,700,000","80,300,000","64,700,000","4,500,000","77,800,000","70,100,000","69,200,000","69,800,000","80,100,000","63,400,000","67,500,000","67,800,000","68,100,000","53,300,000","74,300,000","71,500,000","65,200,000","57,700,000","56,400,000","47,700,000","61,800,000","51,900,000","74,900,000","55,900,000","41,900,000","32,800,000","32,100,000","26,800,000","-18,800,000","20,000,000","4,500,000","7,900,000","5,700,000","2,400,000","5,000,000","2,100,000","800,000",,,,,,,,,,,,,,,
NetIncomeCommonStockholders,"5,893,000,000","1,899,000,000","1,884,000,000","464,000,000","1,646,000,000","1,615,000,000","2,021,000,000","1,803,000,000","1,825,000,000","1,703,000,000","1,968,000,000","2,179,000,000","1,992,000,000","1,928,000,000","1,859,000,000","2,296,000,000","2,311,000,000","-4,264,000,000","2,021,000,000","2,151,000,000","2,071,000,000","1,935,000,000","2,017,000,000","1,870,000,000","1,900,000,000","1,800,000,000","1,863,000,000","1,653,000,000","1,623,000,000","1,294,000,000","1,244,000,000","1,547,000,000","1,073,000,000","1,021,000,000","1,368,000,000","1,258,000,000","1,434,000,000","788,000,000","1,107,000,000","1,266,000,000","1,184,000,000","934,000,000","454,000,000","1,170,000,000","1,125,000,000","1,022,000,000","1,236,000,000","1,202,000,000","1,167,000,000","931,000,000","1,386,000,000","1,269,000,000","1,019,000,000","961,000,000","1,158,000,000","941,000,000","1,136,000,000","835,000,000","201,000,000","1,019,000,000","1,111,000,000","833,000,000","1,102,000,000","14,000,000","1,001,000,000","824,000,000","967,000,000","1,029,000,000","854,000,000","689,000,000","236,000,000","748,100,000","690,200,000","546,900,000","612,100,000","607,200,000","493,300,000","456,400,000","-2,601,600,000","412,400,000","340,900,000","163,000,000","329,900,000","321,900,000","304,900,000","210,800,000","358,900,000","302,600,000","266,200,000","281,600,000","300,000,000","267,600,000","247,200,000","238,600,000","221,000,000","216,300,000","187,300,000","179,700,000","83,800,000","200,500,000","180,300,000","178,000,000","179,500,000","178,700,000","143,600,000","145,600,000","145,800,000","137,700,000","108,600,000","4,800,000","114,000,000","107,500,000","93,500,000","91,100,000","102,700,000","100,200,000","89,300,000","133,800,000","88,900,000","71,600,000","63,200,000","60,000,000","49,400,000","-48,400,000","36,800,000","-28,000,000","14,300,000","11,100,000","6,400,000","8,000,000","3,900,000","800,000",,,,,,,,,,,,,,,
	NetIncome,"5,893,000,000","1,899,000,000","1,884,000,000","464,000,000","1,646,000,000","1,615,000,000","2,021,000,000","1,803,000,000","1,825,000,000","1,703,000,000","1,968,000,000","2,179,000,000","1,992,000,000","1,928,000,000","1,859,000,000","2,296,000,000","2,311,000,000","-4,264,000,000","2,021,000,000","2,151,000,000","2,071,000,000","1,935,000,000","2,017,000,000","1,870,000,000","1,900,000,000","1,800,000,000","1,863,000,000","1,653,000,000","1,623,000,000","1,294,000,000","1,244,000,000","1,547,000,000","1,073,000,000","1,021,000,000","1,368,000,000","1,258,000,000","1,434,000,000","788,000,000","1,107,000,000","1,266,000,000","1,184,000,000","934,000,000","454,000,000","1,170,000,000","1,125,000,000","1,022,000,000","1,236,000,000","1,202,000,000","1,167,000,000","931,000,000","1,386,000,000","1,269,000,000","1,019,000,000","961,000,000","1,158,000,000","941,000,000","1,136,000,000","835,000,000","201,000,000","1,019,000,000","1,111,000,000","833,000,000","1,102,000,000","14,000,000","1,001,000,000","824,000,000","967,000,000","1,029,000,000","854,000,000","689,000,000","236,000,000","748,100,000","690,200,000","546,900,000","612,100,000","607,200,000","493,300,000","456,400,000","-2,601,600,000","412,400,000","340,900,000","163,000,000","329,900,000","321,900,000","304,900,000","210,800,000","358,900,000","302,600,000","266,200,000","281,600,000","300,000,000","267,600,000","247,200,000","238,600,000","221,000,000","216,300,000","187,300,000","179,700,000","83,800,000","200,500,000","180,300,000","178,000,000","179,500,000","178,700,000","143,600,000","145,600,000","145,800,000","137,700,000","108,600,000","4,800,000","114,000,000","107,500,000","93,500,000","91,100,000","102,700,000","100,200,000","89,300,000","133,800,000","88,900,000","71,600,000","63,200,000","60,000,000","49,400,000","-48,400,000","36,800,000","-28,000,000","14,300,000","11,100,000","6,400,000","8,000,000","3,900,000","800,000",,,,,,,,,,,,,,,
		NetIncomeIncludingNoncontrollingInterests,"5,893,000,000","1,899,000,000","1,884,000,000","464,000,000","1,646,000,000","1,615,000,000","2,021,000,000","1,803,000,000","1,825,000,000","1,703,000,000","1,968,000,000","2,179,000,000","1,992,000,000","1,928,000,000","1,859,000,000","2,296,000,000","2,311,000,000","-4,264,000,000","2,021,000,000","2,151,000,000","2,071,000,000","1,935,000,000","2,017,000,000","1,870,000,000","1,900,000,000","1,800,000,000","1,863,000,000","1,653,000,000","1,623,000,000","1,294,000,000","1,244,000,000","1,547,000,000","1,073,000,000","1,021,000,000","1,368,000,000","1,258,000,000","1,434,000,000","788,000,000","1,107,000,000","1,266,000,000","1,184,000,000","934,000,000","454,000,000","1,170,000,000","1,125,000,000","1,022,000,000","1,236,000,000","1,202,000,000","1,167,000,000","931,000,000","1,386,000,000","1,269,000,000","1,019,000,000","961,000,000","1,158,000,000","941,000,000","1,136,000,000","835,000,000","201,000,000","1,019,000,000","1,111,000,000","833,000,000","1,102,000,000","14,000,000","1,001,000,000","824,000,000","967,000,000","1,029,000,000","854,000,000","689,000,000","236,000,000","748,100,000","690,200,000","546,900,000","612,100,000","607,200,000","493,300,000","456,400,000","-2,601,600,000","412,400,000","340,900,000","163,000,000","329,900,000","321,900,000","304,900,000","210,800,000","358,900,000","302,600,000","266,200,000","281,600,000","300,000,000","267,600,000","247,200,000","238,600,000","221,000,000","216,300,000","187,300,000","179,700,000","83,800,000","200,500,000","180,300,000","178,000,000","179,500,000","178,700,000","143,600,000","145,600,000","145,800,000","137,700,000","108,600,000","4,800,000","114,000,000","107,500,000","93,500,000","91,100,000","102,700,000","100,200,000","89,300,000","133,800,000","88,900,000","71,600,000","63,200,000","60,000,000","49,400,000","-48,400,000","36,800,000","-28,000,000","14,300,000","11,100,000","6,400,000","8,000,000","3,900,000","800,000","-9,000,000","200,000","300,000","300,000","600,000","400,000","400,000","500,000","-100,000","100,000","300,000","500,000","200,000","100,000","2,300,000"
			NetIncomeContinuousOperations,"5,893,000,000","1,899,000,000","1,884,000,000","464,000,000","1,646,000,000","1,615,000,000","2,021,000,000","1,803,000,000","1,825,000,000","1,703,000,000","1,968,000,000","2,179,000,000","1,992,000,000","1,928,000,000","1,859,000,000","2,296,000,000","2,311,000,000","-4,264,000,000","2,021,000,000","2,151,000,000","2,071,000,000","1,935,000,000","2,017,000,000","1,870,000,000","1,900,000,000","1,800,000,000","1,863,000,000","1,653,000,000","1,623,000,000","1,294,000,000","1,244,000,000","1,547,000,000","1,073,000,000","1,021,000,000","1,368,000,000","1,258,000,000","1,434,000,000","788,000,000","1,107,000,000","1,266,000,000","1,184,000,000","934,000,000","454,000,000","1,170,000,000","1,125,000,000","1,022,000,000","1,236,000,000","1,202,000,000","1,167,000,000","931,000,000","1,386,000,000","1,269,000,000","1,019,000,000","961,000,000","1,158,000,000","941,000,000","1,136,000,000","835,000,000","201,000,000","1,019,000,000","1,111,000,000","833,000,000","1,102,000,000","14,000,000","1,001,000,000","824,000,000","967,000,000","1,029,000,000","854,000,000","689,000,000","236,000,000","748,100,000","690,200,000","546,900,000","612,100,000","607,200,000","493,300,000","456,400,000","-2,601,600,000","412,400,000","340,900,000","163,000,000","329,900,000","321,900,000","304,900,000","210,800,000","358,900,000","302,600,000","266,200,000","281,600,000","300,000,000","267,600,000","247,200,000","238,600,000","221,000,000","216,300,000","187,300,000","179,700,000","83,800,000","200,500,000","180,300,000","178,000,000","179,500,000","178,700,000","143,600,000","145,600,000","145,800,000","137,700,000","108,600,000","4,800,000","114,000,000","107,500,000","93,500,000","91,100,000","102,700,000","100,200,000","80,600,000","133,800,000","88,900,000","71,600,000","63,200,000","60,000,000","49,400,000","-48,400,000","36,800,000","-28,000,000","14,300,000","11,100,000","6,400,000","8,000,000","3,900,000","800,000","-9,000,000","200,000","300,000","300,000","600,000","400,000","400,000","500,000","-100,000","100,000","300,000","500,000","200,000","100,000","2,300,000"
			NetIncomeExtraordinary,,,,,,,,,,,,,,,,,,,,,,,,,,,,,,,,,,,,,,,,,,,,,,,,,,,,,,,,,,,,,,,,,,,,,,,,,,,,,,,,,,,,,,,,,,,,,,,,,,,,,,,,,,,,,,,,,,"0",,,"8,700,000",,,,,,,,,,,,,,,,,,,,,,,,,,,,,,
DilutedNIAvailtoComStockholders,"5,893,000,000","1,899,000,000","1,884,000,000","464,000,000","1,646,000,000","1,615,000,000","2,021,000,000","1,803,000,000","1,825,000,000","1,703,000,000","1,968,000,000","2,179,000,000","1,992,000,000","1,928,000,000","1,859,000,000","2,296,000,000","2,311,000,000","-4,264,000,000","2,021,000,000","2,151,000,000","2,071,000,000","1,935,000,000","2,017,000,000","1,870,000,000","1,900,000,000","1,800,000,000","1,863,000,000","1,653,000,000","1,623,000,000","1,294,000,000","1,244,000,000","1,547,000,000","1,073,000,000","1,021,000,000","1,368,000,000","1,258,000,000","1,434,000,000","788,000,000","1,107,000,000","1,266,000,000","1,184,000,000","934,000,000","454,000,000","1,170,000,000","1,125,000,000","1,022,000,000","1,236,000,000","1,202,000,000","1,167,000,000","931,000,000","1,386,000,000","1,269,000,000","1,019,000,000","961,000,000","1,158,000,000","941,000,000","1,136,000,000","835,000,000","201,000,000","1,019,000,000","1,111,000,000","833,000,000","1,102,000,000","14,000,000","1,001,000,000","824,000,000","967,000,000","1,029,000,000","854,000,000","689,000,000","236,000,000","748,100,000","690,200,000","546,900,000","612,100,000","607,200,000","493,300,000","456,400,000","-2,601,600,000","412,400,000","340,900,000","163,000,000","329,900,000","321,900,000","304,900,000","210,800,000","358,900,000","302,600,000","266,200,000","281,600,000","300,000,000","267,600,000","247,200,000","238,600,000","221,000,000","216,300,000","187,300,000","179,700,000","83,800,000","200,500,000","180,300,000","178,000,000","179,500,000","178,700,000","143,600,000","145,600,000","145,800,000","137,700,000","108,600,000","4,800,000","114,000,000","107,500,000","93,500,000","91,100,000","102,700,000","100,200,000","89,300,000","133,800,000","88,900,000","71,600,000","63,200,000","60,000,000","49,400,000","-48,400,000","36,800,000","-28,000,000","14,300,000","11,100,000","6,400,000","8,000,000","3,900,000","800,000",,,,,,,,,,,,,,,
BasicEPS,,"3.38","3.32","0.81","2.85","2.78","3.45","3.07","3.09","2.87","3.29","3.59","3.2","3.04","2.88","3.5","3.27","-5.89","2.78","2.93","2.81","2.61","2.7","2.49","2.52","2.39","2.46","2.18","2.13","1.7","1.63","2.04","1.42","1.35","1.81","1.67","1.91","1.03","1.44","1.63","1.5",,"0.5","1.26","1.21",,"1.29","1.25","1.19",,"1.36","1.25","0.99",,"1.09","0.87","1.04",,"0.19","0.9","0.95",,"0.94","0.01","0.83",,"0.78","0.83","0.68",,"0.19","0.59","0.54",,"0.47","0.47","0.38",,"-2.1","0.4","0.33",,"0.31","0.31","0.29",,"0.35","0.29","0.26",,"0.29","0.26","0.24",,"0.22","0.22","0.19",,"0.08","0.19","0.17",,"0.17","0.17","0.14",,"0.13","0.13","0.1",,"0.11","0.1","0.09",,"0.09","0.09","0.08",,"0.08","0.07","0.06",,"0.05","-0.05",,"-0.03","0.02","0.02",,"0.01","0.01","0.01",,,,,,,,,,,,,,,"0.01"
DilutedEPS,,"3.36","3.31","0.81","2.83","2.76","3.43","3.05","3.07","2.85","3.27","3.57","3.18","3.01","2.86","3.48","3.25","-5.89","2.76","2.91","2.79","2.59","2.68","2.47","2.5","2.37","2.44","2.15","2.11","1.68","1.61","2.01","1.4","1.33","1.79","1.65","1.88","1.01","1.41","1.61","1.48",,"0.5","1.25","1.2",,"1.28","1.25","1.18",,"1.36","1.25","0.98",,"1.09","0.87","1.04",,"0.18","0.9","0.94",,"0.94","0.01","0.82",,"0.77","0.82","0.67",,"0.18","0.57","0.52",,"0.46","0.45","0.37",,"-2.1","0.38","0.32",,"0.3","0.3","0.28",,"0.33","0.28","0.25",,"0.28","0.25","0.23",,"0.21","0.21","0.18",,"0.08","0.18","0.17",,"0.16","0.16","0.13",,"0.13","0.13","0.1",,"0.11","0.1","0.09",,"0.09","0.09","0.08",,"0.08","0.07","0.06",,"0.05","-0.05",,"-0.03","0.02","0.02",,"0.01","0.01","0.01",,,,,,,,,,,,,,,"0.01"
BasicAverageShares,,"562,000,000","567,000,000","573,000,000","577,000,000","581,000,000","585,000,000","588,000,000","590,000,000","593,000,000","599,000,000","607,000,000","622,000,000","635,000,000","645,000,000","656,000,000","707,000,000","724,000,000","728,000,000","734,000,000","737,000,000","742,000,000","747,000,000","751,000,000","753,000,000","754,000,000","757,000,000","760,000,000","761,000,000","761,000,000","761,000,000","759,000,000","757,000,000","754,000,000","754,000,000","752,000,000","751,000,000","763,000,000","771,000,000","776,000,000","791,000,000",,"907,000,000","927,000,000","933,000,000",,"958,000,000","959,000,000","982,000,000",,"1,016,000,000","1,013,000,000","1,032,000,000",,"1,058,000,000","1,078,000,000","1,089,000,000",,"1,086,000,000","1,129,000,000","1,167,000,000",,"1,167,000,000","1,173,000,000","1,202,000,000",,"1,233,000,000","1,233,000,000","1,249,000,000",,"1,272,000,000","1,268,200,000","1,279,400,000",,"1,289,400,000","1,287,900,000","1,290,500,000",,"1,241,700,000","1,038,600,000","1,043,600,000",,"1,048,300,000","1,044,800,000","1,041,100,000",,"1,032,100,000","1,027,500,000","1,023,100,000",,"1,034,482,759","1,029,230,769","1,030,000,000",,"1,004,545,455","983,181,818","985,789,474",,"1,047,500,000","1,055,263,158","1,060,588,235",,"1,055,882,353","1,051,176,471","1,025,714,286",,"1,121,538,462","1,059,230,769","1,086,000,000",,"1,036,363,636","1,075,000,000","1,130,968,000",,"1,141,111,111","1,113,333,333","1,116,250,000",,"1,111,250,000","1,022,857,143","1,053,333,333",,"988,000,000","968,000,000",,"933,333,333","715,000,000","855,528,000",,"800,000,000","823,376,000","818,760,000",,"805,816,000","838,296,000","837,048,000",,"800,960,000","797,288,000","781,504,000",,"680,384,000","676,208,000","637,888,000",,"523,912,000","523,000,000"
DilutedAverageShares,,"565,000,000","570,000,000","576,000,000","581,000,000","585,000,000","589,000,000","592,000,000","594,000,000","598,000,000","602,000,000","610,000,000","626,000,000","640,000,000","649,000,000","660,000,000","711,000,000","724,000,000","733,000,000","738,000,000","741,000,000","748,000,000","753,000,000","756,000,000","760,000,000","761,000,000","764,000,000","768,000,000","770,000,000","772,000,000","771,000,000","768,000,000","768,000,000","766,000,000","766,000,000","764,000,000","764,000,000","778,000,000","783,000,000","785,000,000","800,000,000",,"914,000,000","935,000,000","941,000,000",,"962,000,000","964,000,000","988,000,000",,"1,022,000,000","1,017,000,000","1,037,000,000",,"1,064,000,000","1,081,000,000","1,092,000,000",,"1,090,000,000","1,134,000,000","1,177,000,000",,"1,178,000,000","1,185,000,000","1,218,000,000",,"1,249,000,000","1,250,000,000","1,290,000,000",,"1,320,000,000","1,317,700,000","1,332,500,000",,"1,347,900,000","1,347,000,000","1,349,900,000",,"1,241,700,000","1,098,800,000","1,085,600,000",,"1,084,600,000","1,085,100,000","1,086,200,000",,"1,085,600,000","1,083,300,000","1,085,700,000",,"1,071,428,571","1,070,400,000","1,074,782,609",,"1,052,380,952","1,030,000,000","1,040,555,556",,"1,047,500,000","1,113,888,889","1,060,588,235",,"1,121,875,000","1,116,875,000","1,104,615,385",,"1,121,538,462","1,059,230,769","1,086,000,000",,"1,036,363,636","1,075,000,000","1,130,968,000",,"1,141,111,111","1,113,333,333","1,116,250,000",,"1,111,250,000","1,022,857,143","1,053,333,333",,"988,000,000","968,000,000",,"933,333,333","715,000,000","855,528,000",,"800,000,000","823,376,000","818,760,000",,"805,816,000","838,296,000","837,048,000",,"800,960,000","797,288,000","781,504,000",,"680,384,000","676,208,000","637,888,000",,"523,912,000","523,000,000"
TotalOperatingIncomeAsReported,"7,639,000,000","2,304,000,000","2,378,000,000","828,000,000","2,129,000,000","2,008,000,000","2,453,000,000","2,323,000,000","2,355,000,000","2,048,000,000","2,476,000,000","2,678,000,000","2,472,000,000","2,382,000,000","2,323,000,000","2,832,000,000","2,726,000,000","2,245,000,000","2,439,000,000","2,698,000,000","2,591,000,000","2,485,000,000","2,527,000,000","2,380,000,000","2,402,000,000","2,033,000,000","2,339,000,000","2,076,000,000","2,022,000,000","1,459,000,000","1,466,000,000","1,902,000,000","1,364,000,000","1,187,000,000","1,688,000,000","1,550,000,000","1,442,000,000","1,088,000,000","1,423,000,000","1,589,000,000","1,477,000,000","1,162,000,000","525,000,000","1,332,000,000","1,293,000,000","1,068,000,000","1,479,000,000","1,517,000,000","1,481,000,000","1,123,000,000","1,605,000,000","1,457,000,000","1,321,000,000","1,137,000,000","1,483,000,000","1,179,000,000","1,415,000,000","1,057,000,000","393,000,000","1,130,000,000","1,400,000,000","989,000,000","1,322,000,000","295,000,000","1,234,000,000","1,101,000,000","1,298,000,000","1,293,000,000","1,156,000,000","919,000,000","494,000,000","1,006,700,000","928,100,000","755,100,000","856,800,000","817,100,000","662,200,000","7,743,400,000","-2,458,100,000","564,800,000","457,400,000","209,100,000","456,200,000","449,400,000","416,500,000","295,600,000","387,600,000","358,300,000","326,600,000","330,600,000","355,600,000","336,800,000","302,000,000","298,000,000","292,800,000","282,800,000","244,800,000","222,800,000","217,300,000","259,000,000","231,200,000","234,500,000","234,400,000","252,700,000","194,400,000","200,700,000","208,100,000","194,900,000","157,100,000","190,300,000","184,100,000","173,000,000","151,200,000","137,900,000","148,800,000","139,700,000","124,900,000","198,100,000","118,700,000","96,900,000","84,400,000","81,900,000","63,700,000","-74,200,000","51,900,000","-29,800,000","15,600,000","13,400,000","10,600,000","11,700,000","4,900,000","1,700,000",,,,,,,,,,,,,,,
TotalExpenses,"16,835,000,000","4,542,000,000","4,328,000,000","4,193,000,000","3,772,000,000","4,626,000,000","3,970,000,000","3,883,000,000","3,806,000,000","4,149,000,000","3,261,000,000","3,193,000,000","3,085,000,000","3,848,000,000","3,581,000,000","3,227,000,000","2,828,000,000","3,557,000,000","3,334,000,000","3,112,000,000","2,873,000,000","3,480,000,000","3,284,000,000","3,308,000,000","3,125,000,000","3,503,000,000","3,384,000,000","3,294,000,000","3,011,000,000","3,872,000,000","3,565,000,000","3,278,000,000","3,157,000,000","3,824,000,000","3,060,000,000","3,129,000,000","2,796,000,000","3,333,000,000","2,896,000,000","2,888,000,000","2,571,000,000","1,915,000,000","3,419,000,000","2,627,000,000","2,413,000,000","2,773,000,000","2,337,000,000","2,287,000,000","2,111,000,000","2,686,000,000","2,207,000,000","2,256,000,000","1,982,000,000","2,614,000,000","2,392,000,000","2,585,000,000","2,198,000,000","2,479,000,000","2,628,000,000","2,598,000,000","2,287,000,000","1,615,000,000","2,290,000,000","2,208,000,000","1,983,000,000","2,170,000,000","1,856,000,000","1,879,000,000","1,677,000,000","1,436,000,000","2,219,000,000","1,578,200,000","1,414,900,000","1,591,200,000","1,350,600,000","1,224,000,000","1,099,000,000","-5,977,300,000","965,600,000","604,300,000","551,100,000","915,200,000","546,900,000","537,300,000","485,100,000","610,200,000","515,300,000","509,600,000","445,200,000","558,600,000","457,200,000","450,100,000","413,300,000","433,600,000","387,400,000","358,300,000","344,600,000","369,200,000","366,300,000","347,700,000","332,200,000","347,600,000","322,000,000","308,200,000","304,300,000","303,600,000","276,300,000","289,200,000","273,900,000","244,000,000","234,500,000","234,400,000","208,500,000","221,900,000","200,800,000","199,500,000","181,500,000","105,900,000","181,200,000","160,700,000","134,400,000","127,700,000","114,200,000","227,000,000","87,600,000","121,000,000","63,200,000","58,300,000","46,400,000","53,600,000","34,700,000","26,700,000",,,,,,,,,,,,,,,
NetIncomeFromContinuingAndDiscontinuedOperation,"5,893,000,000","1,899,000,000","1,884,000,000","464,000,000","1,646,000,000","1,615,000,000","2,021,000,000","1,803,000,000","1,825,000,000","1,703,000,000","1,968,000,000","2,179,000,000","1,992,000,000","1,928,000,000","1,859,000,000","2,296,000,000","2,311,000,000","-4,264,000,000","2,021,000,000","2,151,000,000","2,071,000,000","1,935,000,000","2,017,000,000","1,870,000,000","1,900,000,000","1,800,000,000","1,863,000,000","1,653,000,000","1,623,000,000","1,294,000,000","1,244,000,000","1,547,000,000","1,073,000,000","1,021,000,000","1,368,000,000","1,258,000,000","1,434,000,000","788,000,000","1,107,000,000","1,266,000,000","1,184,000,000","934,000,000","454,000,000","1,170,000,000","1,125,000,000","1,022,000,000","1,236,000,000","1,202,000,000","1,167,000,000","931,000,000","1,386,000,000","1,269,000,000","1,019,000,000","961,000,000","1,158,000,000","941,000,000","1,136,000,000","835,000,000","201,000,000","1,019,000,000","1,111,000,000","833,000,000","1,102,000,000","14,000,000","1,001,000,000","824,000,000","967,000,000","1,029,000,000","854,000,000","689,000,000","236,000,000","748,100,000","690,200,000","546,900,000","612,100,000","607,200,000","493,300,000","456,400,000","-2,601,600,000","412,400,000","340,900,000","163,000,000","329,900,000","321,900,000","304,900,000","210,800,000","358,900,000","302,600,000","266,200,000","281,600,000","300,000,000","267,600,000","247,200,000","238,600,000","221,000,000","216,300,000","187,300,000","179,700,000","83,800,000","200,500,000","180,300,000","178,000,000","179,500,000","178,700,000","143,600,000","145,600,000","145,800,000","137,700,000","108,600,000","4,800,000","114,000,000","107,500,000","93,500,000","91,100,000","102,700,000","100,200,000","80,600,000","133,800,000","88,900,000","71,600,000","63,200,000","60,000,000","49,400,000","-48,400,000","36,800,000","-28,000,000","14,300,000","11,100,000","6,400,000","8,000,000","3,900,000","800,000",,,,,,,,,,,,,,,
NormalizedIncome,"7,215,895,000","1,899,000,000","1,884,000,000","1,716,160,000","1,646,000,000","1,615,000,000","2,021,000,000","1,803,000,000","1,825,000,000","1,703,000,000","1,968,000,000","2,179,000,000","1,992,000,000","1,928,000,000","1,859,000,000","2,296,000,000","2,311,000,000","-4,264,000,000","2,021,000,000","2,151,000,000","2,071,000,000","1,935,000,000","2,017,000,000","1,870,000,000","1,900,000,000","1,800,000,000","1,863,000,000","1,653,000,000","1,623,000,000","1,294,000,000","1,244,000,000","1,547,000,000","1,073,000,000","1,021,000,000","1,368,000,000","1,258,000,000","1,434,000,000","788,000,000","1,107,000,000","1,266,000,000","1,184,000,000","934,000,000","454,000,000","1,170,000,000","1,125,000,000","1,022,000,000","1,236,000,000","1,202,000,000","1,167,000,000","931,000,000","1,386,000,000","1,269,000,000","1,023,135,551.948","1,022,623,916.811","1,167,446,634.942","1,165,952,861.953","1,143,905,358.386","981,006,616.257","749,600,000","1,278,007,036.06","1,111,000,000","938,238,095.238","1,102,000,000","606,800,000","932,438,356.164","824,000,000","967,000,000","1,067,815,242.494","854,000,000","689,000,000","568,400,000","748,100,000","690,200,000","751,499,259.836","541,081,701.686","524,279,674.797","493,300,000","628,793,550.314","-898,500,000","356,019,344.043","292,535,114.349","246,594,941.957","291,898,274.132","286,162,801.236","265,705,181.01","215,608,875","280,536,667.296","273,971,025.699","248,278,034.832","255,142,901.635","246,930,212.014","233,380,230.126","214,378,247.035","217,355,296.285","198,701,024.527","195,650,000","169,801,868.46","161,685,883.797","206,130,917.327","186,307,222.422","166,259,065.495","168,135,113.269","167,907,741.677","173,314,142.195","133,263,574.879","134,326,419.521","139,588,483.146","127,864,285.714","102,831,253.86","69,480,000","111,050,134.771","106,006,079.907","91,954,034.392","83,564,949.153","100,173,470.745","85,479,259.259","76,037,735.849","126,875,994.25","72,875,897.79","61,065,022.026","55,563,333.333","53,289,902.28","41,231,496.063","-53,657,738.095","33,042,253.521","-32,020,000","9,984,234.234","8,325,000","6,836,363.636","6,830,769.231","2,405,000","800,000",,,,,,,,,,,,,,,
InterestIncome,,,,,,"187,000,000","55,000,000","3,000,000","11,000,000","236,000,000","114,000,000","218,000,000","185,000,000","155,000,000","126,000,000","162,000,000","231,000,000","301,000,000","267,000,000","165,000,000","195,000,000","126,000,000","216,000,000","137,000,000","150,000,000","164,000,000","135,000,000","198,000,000","106,000,000","88,000,000","140,000,000","138,000,000","99,000,000","88,000,000","72,000,000","96,000,000","164,000,000","126,000,000","111,000,000","124,000,000","124,000,000","84,000,000","87,000,000","129,000,000","148,000,000","93,000,000","105,000,000","94,000,000","84,000,000","94,000,000","74,000,000","50,000,000",,,,,,,,,,,,,,,,,,,,,,,,,,,,,,,,,,,,,,,,,,,,,,,,,,,,,,,,,,,,,,,,,,,,,,,,,,,,,,,,,,,,,,,,,,,,,,,
InterestExpense,"1,197,000,000","335,000,000","296,000,000","281,000,000","285,000,000","318,000,000","302,000,000","296,000,000","346,000,000","301,000,000","313,000,000","332,000,000","343,000,000","352,000,000","355,000,000","347,000,000","338,000,000","332,000,000","325,000,000","321,000,000","326,000,000","328,000,000","325,000,000","313,000,000","294,000,000","284,000,000","282,000,000","277,000,000","252,000,000","261,000,000","269,000,000","282,000,000","259,000,000","261,000,000","257,000,000","241,000,000","263,000,000","291,000,000","271,000,000","256,000,000","235,000,000","195,000,000","158,000,000","122,000,000","135,000,000","162,000,000","150,000,000","147,000,000","145,000,000","142,000,000","139,000,000","150,000,000",,,,,,,,,,,,,,,,,,,,,,,,,,,,,,,,,,,,,,,,,,,,,,,,,,,,,,,,,,,,,,,,,,,,,,,,,,,,,,,,,,,,,,,,,,,,,,,
NetInterestIncome,"-1,197,000,000","-335,000,000","-296,000,000","-281,000,000","-285,000,000","-131,000,000","-247,000,000","-293,000,000","-335,000,000","-65,000,000","-199,000,000","-114,000,000","-158,000,000","-197,000,000","-229,000,000","-185,000,000","-107,000,000","-31,000,000","-58,000,000","-156,000,000","-131,000,000","-202,000,000","-109,000,000","-176,000,000","-144,000,000","-120,000,000","-147,000,000","-79,000,000","-146,000,000","-173,000,000","-129,000,000","-144,000,000","-160,000,000","-173,000,000","-185,000,000","-145,000,000","-99,000,000","-165,000,000","-160,000,000","-132,000,000","-111,000,000","-111,000,000","-71,000,000","7,000,000","13,000,000","-69,000,000","-45,000,000","-53,000,000","-61,000,000","-48,000,000","-65,000,000","-100,000,000","-89,000,000",,,,,,,,,,,,,,,,,,,,,,,,,,,,,,,,,,,,,,,,,,,,,,,,,,,,,,,,,,,,,,,,,,,,,,,,,,,,,,,,,,,,,,,,,,,,,,
EBIT,"7,898,000,000","2,466,000,000","2,451,000,000","839,000,000","2,142,000,000","2,195,000,000","2,508,000,000","2,326,000,000","2,366,000,000","2,284,000,000","2,590,000,000","2,896,000,000","2,657,000,000","2,537,000,000","2,449,000,000","2,994,000,000","2,957,000,000","2,546,000,000","2,706,000,000","2,863,000,000","2,786,000,000","2,611,000,000","2,743,000,000","2,517,000,000","2,552,000,000","2,197,000,000","2,474,000,000","2,274,000,000","2,128,000,000","1,547,000,000","1,606,000,000","2,040,000,000","1,463,000,000","1,275,000,000","1,760,000,000","1,646,000,000","1,606,000,000","1,214,000,000","1,534,000,000","1,713,000,000","1,601,000,000","1,246,000,000","612,000,000","1,461,000,000","1,293,000,000","1,161,000,000","1,584,000,000","1,611,000,000","1,565,000,000","1,217,000,000","1,679,000,000","1,507,000,000","1,326,000,000","1,137,000,000","1,483,000,000","1,179,000,000","1,415,000,000","1,266,000,000","983,000,000","1,130,000,000","1,400,000,000","2,220,000,000","1,322,000,000","1,396,000,000","1,234,000,000","1,101,000,000","1,298,000,000","1,293,000,000","1,156,000,000","1,473,000,000","494,000,000","1,006,700,000","928,100,000","755,100,000","856,800,000","817,100,000","662,200,000","7,743,400,000","533,700,000","564,800,000","457,400,000","209,100,000","456,200,000","449,400,000","416,500,000","295,600,000","387,600,000","358,300,000","326,600,000","330,600,000","355,600,000","336,800,000","302,000,000","298,000,000","292,800,000","282,800,000","244,800,000","222,800,000","217,300,000","259,000,000","231,200,000","234,500,000","234,400,000","252,700,000","194,400,000","200,700,000","208,100,000","194,900,000","157,100,000","190,300,000","184,100,000","173,000,000","151,200,000","137,900,000","148,800,000","139,700,000","124,900,000","198,100,000","118,700,000","96,900,000","84,400,000","81,900,000","63,700,000","-74,200,000","51,900,000","-29,800,000","15,600,000","13,400,000","10,600,000","11,700,000","4,900,000","1,700,000","-62,800,000","21,300,000","19,400,000","17,300,000","-44,400,000","13,600,000","12,600,000","12,600,000","-21,700,000","7,800,000","6,100,000","6,500,000","-15,700,000","5,100,000","7,500,000"
EBITDA,"11,296,000,000"
ReconciledCostOfRevenue,"6,454,000,000","1,718,000,000","1,609,000,000","1,637,000,000","1,490,000,000","1,597,000,000","1,561,000,000","1,488,000,000","1,513,000,000","1,253,000,000","1,036,000,000","1,012,000,000","1,055,000,000","1,096,000,000","1,037,000,000","1,024,000,000","944,000,000","1,059,000,000","990,000,000","1,024,000,000","996,000,000","1,067,000,000","1,027,000,000","1,050,000,000","1,018,000,000","1,071,000,000","1,034,000,000","1,089,000,000","1,033,000,000","1,183,000,000","1,068,000,000","1,081,000,000","1,090,000,000","1,029,000,000","788,000,000","785,000,000","744,000,000","652,000,000","492,000,000","486,000,000","494,000,000","468,000,000","414,000,000","414,000,000","365,000,000","384,000,000","408,000,000","375,000,000","330,000,000","354,000,000","347,000,000","351,000,000","284,000,000","357,000,000","483,000,000","323,000,000","354,000,000","378,000,000","494,000,000","350,000,000","422,000,000","435,000,000","324,000,000","323,000,000","420,000,000","380,000,000","434,000,000","400,000,000","374,000,000","364,000,000","345,100,000","340,600,000","280,800,000","295,400,000","255,500,000","241,700,000","197,400,000","194,200,000","141,300,000","131,900,000","103,600,000","152,500,000","102,700,000","98,400,000","89,400,000","56,000,000","57,000,000","48,700,000","34,900,000","63,800,000","59,500,000","54,000,000","48,000,000","59,500,000","51,700,000","47,300,000","42,900,000","56,300,000","43,700,000","48,100,000","35,600,000","54,500,000","48,100,000","41,300,000","39,000,000","45,900,000","42,200,000","53,700,000","46,900,000","41,900,000","40,900,000","45,300,000","35,500,000","45,000,000","44,500,000","40,900,000","38,900,000","47,600,000","41,300,000","32,700,000","29,600,000","27,400,000","25,500,000","21,500,000","16,800,000","13,400,000","12,200,000","12,800,000","5,900,000","4,400,000","4,300,000","200,000",,,,,,,,,,,,,,,
ReconciledDepreciation,"3,398,000,000","852,000,000","850,000,000","855,000,000","841,000,000","873,000,000","901,000,000","930,000,000","897,000,000","702,000,000","508,000,000","501,000,000","495,000,000","490,000,000","501,000,000","484,000,000","471,000,000","449,000,000","464,000,000","518,000,000","524,000,000","559,000,000","503,000,000","522,000,000","521,000,000","542,000,000","523,000,000","519,000,000","524,000,000","525,000,000","543,000,000","506,000,000","518,000,000","444,000,000","288,000,000","277,000,000","277,000,000","273,000,000","287,000,000","269,000,000","259,000,000","261,000,000","265,000,000","261,000,000","273,000,000","261,000,000","253,000,000","251,000,000","252,000,000","257,000,000","272,000,000","253,000,000","267,000,000","274,000,000","268,000,000","265,000,000","266,000,000","302,000,000","374,000,000","282,000,000","244,000,000","200,000,000","287,000,000","257,000,000","219,000,000","218,000,000","204,000,000","217,000,000","202,000,000","193,000,000","185,900,000","178,800,000","176,300,000","176,900,000","168,400,000","171,400,000","169,800,000","164,200,000","155,700,000","66,700,000","60,700,000","71,000,000","66,700,000","68,300,000","59,900,000","55,500,000","52,500,000","53,000,000","50,800,000","48,200,000","39,400,000","44,800,000","44,400,000","35,600,000","35,500,000","36,600,000","36,100,000","21,400,000","30,600,000","28,700,000","36,400,000","20,400,000","25,000,000","27,000,000","27,900,000","19,900,000","21,900,000","22,700,000","19,700,000","19,400,000","18,200,000","19,100,000","17,800,000","12,200,000","13,800,000","12,700,000","12,000,000","6,300,000","9,500,000","11,400,000","6,400,000","4,400,000","6,500,000","5,400,000","5,300,000","4,800,000","3,800,000","3,800,000","3,800,000","2,900,000","2,700,000","2,600,000",,,,,,,,,,,,,,,
NetIncomeFromContinuingOperationNetMinorityInterest,"5,893,000,000","1,899,000,000","1,884,000,000","464,000,000","1,646,000,000","1,615,000,000","2,021,000,000","1,803,000,000","1,825,000,000","1,703,000,000","1,968,000,000","2,179,000,000","1,992,000,000","1,928,000,000","1,859,000,000","2,296,000,000","2,311,000,000","-4,264,000,000","2,021,000,000","2,151,000,000","2,071,000,000","1,935,000,000","2,017,000,000","1,870,000,000","1,900,000,000","1,800,000,000","1,863,000,000","1,653,000,000","1,623,000,000","1,294,000,000","1,244,000,000","1,547,000,000","1,073,000,000","1,021,000,000","1,368,000,000","1,258,000,000","1,434,000,000","788,000,000","1,107,000,000","1,266,000,000","1,184,000,000","934,000,000","454,000,000","1,170,000,000","1,125,000,000","1,022,000,000","1,236,000,000","1,202,000,000","1,167,000,000","931,000,000","1,386,000,000","1,269,000,000","1,019,000,000","961,000,000","1,158,000,000","941,000,000","1,136,000,000","835,000,000","201,000,000","1,019,000,000","1,111,000,000","833,000,000","1,102,000,000","14,000,000","1,001,000,000","824,000,000","967,000,000","1,029,000,000","854,000,000","689,000,000","236,000,000","748,100,000","690,200,000","546,900,000","612,100,000","607,200,000","493,300,000","456,400,000","-2,601,600,000","412,400,000","340,900,000","163,000,000","329,900,000","321,900,000","304,900,000","210,800,000","358,900,000","302,600,000","266,200,000","281,600,000","300,000,000","267,600,000","247,200,000","238,600,000","221,000,000","216,300,000","187,300,000","179,700,000","83,800,000","200,500,000","180,300,000","178,000,000","179,500,000","178,700,000","143,600,000","145,600,000","145,800,000","137,700,000","108,600,000","4,800,000","114,000,000","107,500,000","93,500,000","91,100,000","102,700,000","100,200,000","80,600,000","133,800,000","88,900,000","71,600,000","63,200,000","60,000,000","49,400,000","-48,400,000","36,800,000","-28,000,000","14,300,000","11,100,000","6,400,000","8,000,000","3,900,000","800,000",,,,,,,,,,,,,,,
TotalUnusualItemsExcludingGoodwill,"-1,505,000,000","0","0","-1,505,000,000",,,,,,,,,,,,,,,,,,,,,,,,,,,,,,,,,,,,,,,,,,,,,,,,,"-5,000,000","-74,000,000","-12,000,000","-284,000,000","-10,000,000","-185,000,000","-844,000,000","-289,000,000",,"-130,000,000",,"-988,000,000","90,000,000","0",,"-49,000,000",,"0","-554,000,000",,,"-288,100,000","100,500,000","115,900,000",,"-253,000,000","-2,838,500,000","81,700,000","70,100,000","-123,700,000","57,400,000","53,900,000","59,300,000","-7,300,000","115,700,000","41,600,000","25,900,000","36,200,000","80,100,000","48,900,000","45,900,000","29,000,000","32,500,000","29,500,000","25,000,000","24,500,000","-128,900,000","19,700,000","19,500,000","13,700,000","16,100,000","7,800,000","14,900,000","16,500,000","9,100,000","14,700,000","8,600,000","-107,800,000","4,800,000","2,400,000","2,500,000","12,200,000","3,700,000","23,800,000","7,500,000","10,800,000","26,100,000","16,700,000","11,600,000","10,300,000","12,600,000","7,300,000","5,800,000","6,700,000","6,700,000","4,200,000","-600,000","1,900,000","2,300,000",,,,,,,,,,,,,,,,
TotalUnusualItems,"-1,505,000,000","0","0","-1,505,000,000",,,,,,,,,,,,,,,,,,,,,,,,,,,,,,,,,,,,,,,,,,,,,,,,,"-5,000,000","-74,000,000","-12,000,000","-284,000,000","-10,000,000","-185,000,000","-844,000,000","-289,000,000",,"-130,000,000",,"-988,000,000","90,000,000","0",,"-49,000,000",,"0","-554,000,000",,,"-288,100,000","100,500,000","115,900,000",,"-253,000,000","-2,838,500,000","81,700,000","70,100,000","-123,700,000","57,400,000","53,900,000","59,300,000","-7,300,000","115,700,000","41,600,000","25,900,000","36,200,000","80,100,000","48,900,000","45,900,000","29,000,000","32,500,000","29,500,000","25,000,000","24,500,000","-128,900,000","19,700,000","19,500,000","13,700,000","16,100,000","7,800,000","14,900,000","16,500,000","9,100,000","14,700,000","8,600,000","-107,800,000","4,800,000","2,400,000","2,500,000","12,200,000","3,700,000","23,800,000","7,500,000","10,800,000","26,100,000","16,700,000","11,600,000","10,300,000","12,600,000","7,300,000","5,800,000","6,700,000","6,700,000","4,200,000","-600,000","1,900,000","2,300,000",,,,,,,,,,,,,,,,
NormalizedEBITDA,"12,801,000,000","3,318,000,000","3,301,000,000","3,199,000,000","2,983,000,000","3,068,000,000","3,409,000,000","3,256,000,000","3,263,000,000","2,986,000,000","3,098,000,000","3,397,000,000","3,152,000,000","3,027,000,000","2,950,000,000","3,478,000,000","3,428,000,000","2,995,000,000","3,170,000,000","3,381,000,000","3,310,000,000","3,170,000,000","3,246,000,000","3,039,000,000","3,073,000,000","2,739,000,000","2,997,000,000","2,793,000,000","2,652,000,000","2,072,000,000","2,149,000,000","2,546,000,000","1,981,000,000","1,719,000,000","2,048,000,000","1,923,000,000","1,883,000,000","1,487,000,000","1,821,000,000","1,982,000,000","1,860,000,000","1,507,000,000","877,000,000","1,722,000,000","1,566,000,000","1,422,000,000","1,837,000,000","1,862,000,000","1,817,000,000","1,474,000,000","1,951,000,000","1,760,000,000","1,598,000,000","1,485,000,000","1,763,000,000","1,728,000,000","1,691,000,000","1,753,000,000","2,201,000,000","1,701,000,000","1,644,000,000","2,550,000,000","1,609,000,000","2,641,000,000","1,363,000,000","1,319,000,000","1,502,000,000","1,559,000,000","1,358,000,000","1,666,000,000","1,233,900,000","1,185,500,000","1,104,400,000","1,220,100,000","924,700,000","872,600,000","832,000,000","8,160,600,000","3,527,900,000","549,800,000","448,000,000","403,800,000","465,500,000","463,800,000","417,100,000","358,400,000","324,400,000","369,700,000","351,500,000","342,600,000","314,900,000","332,700,000","300,500,000","304,600,000","295,800,000","289,900,000","255,900,000","219,700,000","376,800,000","268,000,000","248,100,000","241,200,000","243,300,000","271,900,000","207,400,000","204,100,000","220,900,000","202,900,000","168,200,000","317,500,000","197,700,000","189,700,000","166,500,000","137,900,000","158,900,000","128,600,000","129,400,000","193,600,000","102,100,000","91,700,000","79,200,000","76,000,000","57,600,000","-76,100,000","51,400,000","-31,700,000","12,700,000","13,000,000","15,000,000","12,800,000","5,300,000","4,300,000","-62,800,000","21,300,000","19,400,000","17,300,000","-44,400,000","13,600,000","12,600,000","12,600,000","-21,700,000","7,800,000","6,100,000","6,500,000","-15,700,000","5,100,000","7,500,000"
TaxRateForCalcs,"0.121","0.109","0.126","0.168","0.114","0.14","0.084","0.112","0.097","0.141","0.136","0.15","0.139","0.118","0.112","0.133","0.118","0.4","0.151","0.154","0.158","0.152","0.166","0.152","0.159","0.059","0.15","0.172","0.135","0.35","0.07","0.12","0.109","0.35","0.09","0.105","0.35","0.146","0.124","0.131","0.133","0.111","0","0.126","0.139","0.35","0.138","0.179","0.178","0.134","0.1","0.065","0.173","0.167","0.213","0.208","0.209","0.211","0.35","0.104","0.203","0.19","0.19","0.4","0.238","0.258","0.263","0.208","0.255","0.251","0.4","0.264","0.273","0.29","0.293","0.285","0.283","0.319","0.4","0.31","0.31","0.324","0.338","0.337","0.339","0.341","0.323","0.312","0.308","0.269","0.337","0.3","0.285","0.267","0.314","0.3","0.3","0.265","0.051","0.28","0.28","0.28","0.28","0.31","0.306","0.317","0.317","0.331","0.329","0.4","0.385","0.378","0.382","0.382","0.317","0.381","0.392","0.359","0.386","0.369","0.342","0.349","0.352","0.28","0.352","0.4","0.356","0.339","0.273","0.385","0.35","0.4",,,,,,,,,,,,,,,
TaxEffectOfUnusualItems,"-182,105,000","0","0","-252,840,000","0","0","0","0","0","0","0","0","0","0","0","0","0","0","0","0","0","0","0","0","0","0","0","0","0","0","0","0","0","0","0","0","0","0","0","0","0","0","0","0","0","0","0","0","0","0","0","0","-864,448.052","-12,376,083.189","-2,553,365.058","-59,047,138.047","-2,094,641.614","-38,993,383.743","-295,400,000","-29,992,963.94","0","-24,761,904.762","0","-395,200,000","21,438,356.164","0","0","-10,184,757.506","0","0","-221,600,000","0","0","-83,500,740.164","29,481,701.686","32,979,674.797","0","-80,606,449.686","-1,135,400,000","25,319,344.043","21,735,114.349","-40,105,058.043","19,398,274.132","18,162,801.236","20,105,181.01","-2,491,125","37,336,667.296","12,971,025.699","7,978,034.832","9,742,901.635","27,030,212.014","14,680,230.126","13,078,247.035","7,755,296.285","10,201,024.527","8,850,000","7,501,868.46","6,485,883.797","-6,569,082.673","5,507,222.422","5,459,065.495","3,835,113.269","4,507,741.677","2,414,142.195","4,563,574.879","5,226,419.521","2,888,483.146","4,864,285.714","2,831,253.86","-43,120,000","1,850,134.771","906,079.907","954,034.392","4,664,949.153","1,173,470.745","9,079,259.259","2,937,735.849","3,875,994.25","10,075,897.79","6,165,022.026","3,963,333.333","3,589,902.28","4,431,496.063","2,042,261.905","2,042,253.521","2,680,000","2,384,234.234","1,425,000","-163,636.364","730,769.231","805,000","0",,,,,,,,,,,,,,,