name,ttm,12/31/2021,09/30/2021,06/30/2021,03/31/2021,12/31/2020,09/30/2020,06/30/2020,03/31/2020,12/31/2019,09/30/2019,06/30/2019,03/31/2019,12/31/2018,09/30/2018,06/30/2018,03/31/2018,12/31/2017,09/30/2017,06/30/2017,03/31/2017,12/31/2016,09/30/2016,06/30/2016,03/31/2016,12/31/2015,09/30/2015,06/30/2015,03/31/2015,12/31/2014,09/30/2014,06/30/2014,03/31/2014,12/31/2013,09/30/2013,06/30/2013,03/31/2013,12/31/2012,09/30/2012,06/30/2012,03/31/2012,12/31/2011,09/30/2011,06/30/2011,03/31/2011,12/31/2010,09/30/2010,06/30/2010,03/31/2010,12/31/2009,09/30/2009,06/30/2009,03/31/2009,12/31/2008,09/30/2008,06/30/2008,03/31/2008,12/31/2007,09/30/2007,06/30/2007,03/31/2007,12/31/2006,09/30/2006,06/30/2006,03/31/2006,12/31/2005,09/30/2005,06/30/2005,03/31/2005,12/31/2004,09/30/2004,06/30/2004,03/31/2004,12/31/2003,09/30/2003,06/30/2003,03/31/2003,12/31/2002,09/30/2002,06/30/2002,03/31/2002,12/31/2001,09/30/2001,06/30/2001,03/31/2001,12/31/2000,09/30/2000,06/30/2000,03/31/2000,12/31/1999,09/30/1999,06/30/1999,03/31/1999,12/31/1998,09/30/1998,06/30/1998,03/31/1998,12/31/1997,09/30/1997,06/30/1997,03/31/1997,12/31/1996,09/30/1996,06/30/1996,03/31/1996
TotalRevenue,"1,906,715,000","655,667,000","441,168,000","446,654,000","363,226,000","623,686,000","366,965,000","385,661,000","304,985,000","486,228,000","343,899,000","368,635,000","317,130,000","415,432,000","289,418,000","305,913,000","282,873,000","302,336,000","275,585,000","263,924,000","253,405,000","270,628,000","245,862,000","246,069,000","225,906,000","251,647,000","237,840,000","235,485,000","217,781,000","254,375,000","234,000,000","232,375,000","215,271,000","236,020,000","212,658,000","214,850,000","197,732,000","220,748,000","196,909,000","195,016,000","185,345,000","198,209,000","172,935,000","162,258,000","158,047,000","166,573,000","139,843,000","137,767,000","136,053,000","150,362,000","128,187,000","122,026,000","116,310,000","135,301,000","122,247,000","111,246,000","109,545,000","111,236,000","94,034,000","92,211,000","87,859,000","85,248,000","70,117,000","62,264,000","46,011,000","43,721,000","39,035,000","37,656,000","37,624,000","38,887,000","32,318,000","32,002,000","31,332,000","33,254,000","28,038,000","27,643,000","24,600,000","25,267,000","21,745,000","22,734,000","21,265,000","25,073,000","20,610,000","20,931,000","18,222,000","24,152,000","16,682,000","16,253,000","17,380,000","17,639,000","14,300,000","15,400,000","15,900,000","15,300,000","13,500,000","13,600,000","14,200,000","14,400,000","11,500,000","12,600,000","12,000,000","12,400,000","12,700,000","11,300,000","10,700,000"
	OperatingRevenue,"1,906,715,000","655,667,000","441,168,000","446,654,000","363,226,000","623,686,000","366,965,000","385,661,000","304,985,000","486,228,000","343,899,000","368,635,000","317,130,000","415,432,000","289,418,000","305,913,000","282,873,000","302,336,000","275,585,000","263,924,000","253,405,000","270,628,000","245,862,000","246,069,000","225,906,000","251,647,000","237,840,000","235,485,000","217,781,000","254,375,000","234,000,000","232,375,000","215,271,000","236,020,000","212,658,000","214,850,000","197,732,000","220,748,000","196,909,000","195,016,000","185,345,000","198,209,000","172,935,000","162,258,000","158,047,000","166,573,000","139,843,000","137,767,000","136,053,000","150,362,000","128,187,000","122,026,000","116,310,000","135,301,000","122,247,000","111,246,000","109,545,000","111,236,000","94,034,000","92,211,000","87,859,000","85,248,000","70,117,000","62,264,000","46,011,000","43,721,000","39,035,000","37,656,000","37,624,000","38,887,000","32,318,000","32,002,000","31,332,000","33,254,000","28,038,000","27,643,000","24,600,000","25,267,000","21,745,000","22,734,000","21,265,000","25,073,000","20,610,000","20,931,000","18,222,000","24,152,000","16,682,000","16,253,000","17,380,000","17,639,000","14,300,000","15,400,000","15,900,000","15,300,000","13,500,000","13,600,000","14,200,000","14,400,000","11,500,000","12,600,000","12,000,000","12,400,000","12,700,000","11,300,000","10,700,000"
CostOfRevenue,"257,984,000","68,977,000","62,746,000","64,158,000","62,103,000","67,903,000","53,385,000","53,860,000","50,116,000","49,596,000","41,365,000","40,497,000","34,815,000","40,089,000","36,308,000","40,450,000","39,038,000","40,812,000","35,983,000","36,338,000","37,031,000","38,978,000","35,586,000","37,011,000","35,285,000","36,992,000","36,581,000","37,785,000","35,888,000","39,769,000","37,194,000","38,678,000","37,745,000","38,609,000","35,169,000","36,680,000","36,234,000","36,681,000","33,756,000","34,737,000","34,342,000","33,342,000","31,027,000","28,063,000","26,582,000","26,807,000","25,279,000","24,140,000","24,653,000","25,661,000","23,889,000","24,058,000","23,628,000","25,390,000","24,587,000","20,530,000","20,907,000","20,845,000","19,391,000","18,931,000","18,880,000","19,086,000","17,320,000","13,453,000","5,960,000","5,240,000","5,156,000","4,956,000","5,111,000","4,950,000","4,683,000","4,224,000","5,175,000","4,822,000","4,425,000","5,157,000","4,073,000","3,079,000","3,021,000","2,809,000","2,851,000","3,033,000","2,711,000","2,946,000","2,663,000","2,233,000","1,629,000","1,263,000","1,461,000","1,211,000","1,200,000","1,100,000","1,100,000","1,100,000","1,000,000","1,100,000","1,100,000","1,000,000","900,000","1,000,000","900,000","1,000,000","1,400,000","700,000",
GrossProfit,"1,648,731,000","586,690,000","378,422,000","382,496,000","301,123,000","555,783,000","313,580,000","331,801,000","254,869,000","436,632,000","302,534,000","328,138,000","282,315,000","375,343,000","253,110,000","265,463,000","243,835,000","261,524,000","239,602,000","227,586,000","216,374,000","231,650,000","210,276,000","209,058,000","190,621,000","214,655,000","201,259,000","197,700,000","181,893,000","214,606,000","196,806,000","193,697,000","177,526,000","197,411,000","177,489,000","178,170,000","161,498,000","184,067,000","163,153,000","160,279,000","151,003,000","164,867,000","141,908,000","134,195,000","131,465,000","139,766,000","114,564,000","113,627,000","111,400,000","124,701,000","104,298,000","97,968,000","92,682,000","109,911,000","97,660,000","90,716,000","88,638,000","90,391,000","74,643,000","73,280,000","68,979,000","66,162,000","52,797,000","48,811,000","40,051,000","38,481,000","33,879,000","32,700,000","32,513,000","33,937,000","27,635,000","27,778,000","26,157,000","28,432,000","23,613,000","22,486,000","20,527,000","22,188,000","18,724,000","19,925,000","18,414,000","22,040,000","17,899,000","17,985,000","15,559,000","21,919,000","15,053,000","14,990,000","15,919,000","16,428,000","13,100,000","14,300,000","14,800,000","14,200,000","12,500,000","12,500,000","13,100,000","13,400,000","10,600,000","11,600,000","11,100,000","11,400,000","11,300,000","10,600,000",
OperatingExpense,"1,135,460,000","347,842,000","270,794,000","265,723,000","251,101,000","296,392,000","223,495,000","218,994,000","220,796,000","250,916,000","197,487,000","199,510,000","186,666,000","195,407,000","160,086,000","156,910,000","148,774,000","160,845,000","133,419,000","129,192,000","130,902,000","134,684,000","110,177,000","114,903,000","105,599,000","117,712,000","111,076,000","111,205,000","101,835,000","120,558,000","105,998,000","110,165,000","98,464,000","105,159,000","95,852,000","99,745,000","91,949,000","102,428,000","89,501,000","89,145,000","83,175,000","91,724,000","76,579,000","69,382,000","69,191,000","74,381,000","62,687,000","61,244,000","61,777,000","63,797,000","55,296,000","56,500,000","57,853,000","64,131,000","59,364,000","46,862,000","46,837,000","52,449,000","43,033,000","42,884,000","42,158,000","46,173,000","39,942,000","35,218,000","21,324,000","98,347,000","18,673,000","18,491,000","18,185,000","38,305,000","16,416,000","16,346,000","16,187,000","17,278,000","14,823,000","16,483,000","14,560,000","12,887,000","12,924,000","13,457,000","12,909,000","60,678,000","14,532,000","13,280,000","12,745,000","16,168,000","11,248,000","10,201,000","10,685,000","11,485,000","9,200,000","10,400,000","10,100,000","9,900,000","8,900,000","8,900,000","9,300,000","9,500,000","8,000,000","8,200,000","10,300,000","10,200,000","10,000,000","9,900,000",
	SellingGeneralAndAdministration,"715,377,000","243,384,000","165,368,000","160,410,000","146,215,000","195,845,000","132,642,000","128,698,000","130,522,000","167,937,000","120,682,000","120,412,000","112,169,000","133,137,000","97,576,000","95,058,000","87,809,000","108,157,000","80,015,000","77,051,000","73,417,000","85,950,000","61,537,000","64,259,000","57,769,000","71,963,000","61,367,000","63,524,000","56,749,000","72,374,000","58,172,000","62,280,000","53,550,000","62,287,000","51,345,000","55,262,000","50,013,000","61,754,000","49,195,000","48,980,000","45,249,000","56,571,000","43,180,000","40,130,000","40,476,000","46,935,000","36,954,000","35,979,000","35,228,000","39,150,000","31,719,000","32,570,000","33,825,000","41,954,000","36,071,000","28,153,000","28,709,000","34,526,000","26,596,000","27,095,000","26,891,000","28,709,000","24,333,000","22,020,000","11,839,000","11,431,000","10,708,000","10,600,000","10,546,000","11,173,000","9,520,000","9,578,000","9,553,000","10,814,000","8,668,000","9,228,000","8,156,000","7,629,000","7,212,000","7,951,000","7,491,000","8,709,000","8,893,000","7,664,000","7,505,000","9,851,000","6,816,000","6,276,000","6,524,000","6,948,000","5,500,000","6,500,000","6,000,000","6,300,000","5,500,000","5,400,000","5,500,000","6,200,000","5,000,000","4,700,000","4,900,000","4,600,000","4,700,000","4,100,000",
	ResearchAndDevelopment,"404,870,000","101,489,000","102,023,000","100,879,000","100,479,000","96,510,000","86,616,000","86,133,000","86,112,000","79,152,000","73,018,000","75,302,000","70,738,000","58,896,000","59,019,000","58,357,000","57,530,000","49,222,000","50,144,000","49,002,000","54,378,000","45,560,000","45,418,000","47,443,000","44,672,000","41,392,000","44,784,000","42,646,000","40,009,000","42,170,000","41,033,000","42,098,000","40,120,000","37,880,000","38,882,000","38,670,000","36,007,000","34,206,000","33,506,000","33,415,000","31,501,000","29,751,000","28,899,000","25,182,000","24,698,000","23,317,000","21,696,000","21,390,000","22,587,000","20,455,000","19,462,000","19,909,000","20,030,000","18,826,000","20,282,000","16,528,000","15,958,000","15,635,000","14,198,000","13,576,000","13,072,000","15,132,000","13,295,000","11,622,000","9,357,000","8,202,000","7,667,000","7,506,000","7,313,000","6,840,000","6,611,000","6,483,000","6,347,000","6,183,000","5,879,000","6,074,000","5,656,000","4,693,000","5,155,000","4,938,000","4,819,000","4,322,000","4,358,000","4,298,000","3,915,000","4,431,000","3,457,000","3,203,000","3,411,000","3,775,000","3,100,000","3,200,000","3,400,000","2,900,000","2,700,000","2,900,000","3,100,000","2,700,000","2,500,000","3,000,000","2,800,000","2,600,000","2,600,000","2,300,000",
	DepreciationAmortizationDepletionIncomeStatement,"15,213,000","2,969,000","3,403,000","4,434,000","4,407,000","4,037,000","4,237,000","4,163,000","4,162,000","3,827,000","3,787,000","3,796,000","3,759,000","3,374,000","3,491,000","3,495,000","3,435,000","3,466,000","3,260,000","3,139,000","3,107,000","3,174,000","3,222,000","3,201,000","3,158,000","4,357,000","4,925,000","5,035,000","5,077,000","6,014,000","6,793,000","5,787,000","4,794,000","4,992,000","5,625,000","5,813,000","5,929,000","6,468,000","6,800,000","6,750,000","6,425,000","5,402,000","4,500,000","4,070,000","4,017,000","4,129,000","4,037,000","3,875,000","3,962,000","4,192,000","4,115,000","4,021,000","3,998,000","3,351,000","3,011,000","2,181,000","2,170,000","2,288,000","2,239,000","2,213,000","2,195,000","2,332,000","2,314,000","1,576,000","1,036,000","1,086,000","1,175,000","1,266,000","1,233,000","1,055,000","1,043,000","1,039,000","287,000","1,007,000","1,147,000","1,181,000","748,000","565,000","557,000","568,000","599,000","1,347,000","1,281,000","1,318,000","1,325,000","1,886,000","975,000","722,000","750,000","762,000","600,000","700,000","700,000","700,000","700,000","600,000","700,000","600,000","500,000","500,000","2,600,000","3,000,000","2,700,000","3,500,000",
		DepreciationAndAmortizationInIncomeStatement,"15,213,000","2,969,000","3,403,000","4,434,000","4,407,000","4,037,000","4,237,000","4,163,000","4,162,000","3,827,000","3,787,000","3,796,000","3,759,000","3,374,000","3,491,000","3,495,000","3,435,000","3,466,000","3,260,000","3,139,000","3,107,000","3,174,000","3,222,000","3,201,000","3,158,000","4,357,000","4,925,000","5,035,000","5,077,000","6,014,000","6,793,000","5,787,000","4,794,000","4,992,000","5,625,000","5,813,000","5,929,000","6,468,000","6,800,000","6,750,000","6,425,000","5,402,000","4,500,000","4,070,000","4,017,000","4,129,000","4,037,000","3,875,000","3,962,000","4,192,000","4,115,000","4,021,000","3,998,000","3,351,000","3,011,000","2,181,000","2,170,000","2,288,000","2,239,000","2,213,000","2,195,000","2,332,000","2,314,000","1,576,000","1,036,000","1,086,000","1,175,000","1,266,000","1,233,000","1,055,000","1,043,000","1,039,000","287,000","1,007,000","1,147,000","1,181,000","748,000","565,000","557,000","568,000","599,000","1,347,000","1,281,000","1,318,000","1,325,000","1,886,000","975,000","722,000","750,000","762,000","600,000","700,000","700,000","700,000","700,000","600,000","700,000","600,000","500,000","500,000","2,600,000","3,000,000","2,700,000","3,500,000",
			Amortization,"15,213,000","2,969,000","3,403,000","4,434,000","4,407,000","4,037,000","4,237,000","4,163,000","4,162,000","3,827,000","3,787,000","3,796,000","3,759,000","3,374,000","3,491,000","3,495,000","3,435,000","3,466,000","3,260,000","3,139,000","3,107,000","3,174,000","3,222,000","3,201,000","3,158,000","4,357,000","4,925,000","5,035,000","5,077,000","6,014,000","6,793,000","5,787,000","4,794,000","4,992,000","5,625,000","5,813,000","5,929,000","6,468,000","6,800,000","6,750,000","6,425,000","5,402,000","4,500,000","4,070,000","4,017,000","4,129,000","4,037,000","3,875,000","3,962,000","4,192,000","4,115,000","4,021,000","3,998,000","3,351,000","3,011,000","2,181,000","2,170,000","2,288,000","2,239,000","2,213,000","2,195,000","2,332,000","2,314,000","1,576,000","1,036,000","1,086,000","1,175,000","1,266,000","1,233,000","1,055,000","1,043,000","1,039,000","287,000","1,007,000","1,147,000","1,181,000","748,000","565,000","557,000","568,000","599,000","1,347,000","1,281,000","1,318,000","1,325,000",,,,,,,,,,,,,,,,,,,,
				AmortizationOfIntangiblesIncomeStatement,"15,213,000","2,969,000","3,403,000","4,434,000","4,407,000","4,037,000","4,237,000","4,163,000","4,162,000","3,827,000","3,787,000","3,796,000","3,759,000","3,374,000","3,491,000","3,495,000","3,435,000","3,466,000","3,260,000","3,139,000","3,107,000","3,174,000","3,222,000","3,201,000","3,158,000","4,357,000","4,925,000","5,035,000","5,077,000","6,014,000","6,793,000","5,787,000","4,794,000","4,992,000","5,625,000","5,813,000","5,929,000","6,468,000","6,800,000","6,750,000","6,425,000","5,402,000","4,500,000","4,070,000","4,017,000","4,129,000","4,037,000","3,875,000","3,962,000","4,192,000","4,115,000","4,021,000","3,998,000","3,351,000","3,011,000","2,181,000","2,170,000","2,288,000","2,239,000","2,213,000","2,195,000","2,332,000","2,314,000","1,576,000","1,036,000","1,086,000","1,175,000","1,266,000","1,233,000","1,055,000","1,043,000","1,039,000","287,000","1,007,000","1,147,000","1,181,000","748,000","565,000","557,000","568,000","599,000","1,347,000","1,281,000","1,318,000","1,325,000",,,,,,,,,,,,,,,,,,,,
	OtherOperatingExpenses,,,,,,,,,,,,,,,,,,,,,,,,,,,,,,,,,,,,,,,,,,,,,,,,,,,,,,,,,,,,,,,,,"-908,000","77,628,000","-877,000","-881,000","-907,000","19,237,000","-758,000","-754,000",,"-726,000","-871,000",,,,,,,,,,,,,,,,,,,,,,,,,,,,,,
OperatingIncome,"513,271,000","238,848,000","107,628,000","116,773,000","50,022,000","259,391,000","90,085,000","112,807,000","34,073,000","185,716,000","105,047,000","128,628,000","95,649,000","179,936,000","93,024,000","108,553,000","95,061,000","100,679,000","106,183,000","98,394,000","85,472,000","96,966,000","100,099,000","94,155,000","85,022,000","96,943,000","90,183,000","86,495,000","80,058,000","94,048,000","90,808,000","83,532,000","79,062,000","92,252,000","81,637,000","78,425,000","69,549,000","81,639,000","73,652,000","71,134,000","67,828,000","73,143,000","65,329,000","64,813,000","62,274,000","65,385,000","51,877,000","52,383,000","49,623,000","60,904,000","49,002,000","41,468,000","34,829,000","45,780,000","38,296,000","43,854,000","41,801,000","37,942,000","31,610,000","30,396,000","26,821,000","19,989,000","12,855,000","13,593,000","18,727,000","-59,866,000","15,206,000","14,209,000","14,328,000","-4,368,000","11,219,000","11,432,000","9,970,000","11,154,000","8,790,000","6,003,000","5,967,000","9,301,000","5,800,000","6,468,000","5,505,000","-38,638,000","3,367,000","4,705,000","2,814,000","5,751,000","3,805,000","4,789,000","5,234,000","4,943,000","3,900,000","3,900,000","4,700,000","4,300,000","3,600,000","3,600,000","3,800,000","3,900,000","2,600,000","3,400,000","800,000","1,200,000","1,300,000","700,000","10,700,000"
NetNonOperatingInterestIncomeExpense,"-10,327,000","-2,277,000","-2,402,000","-2,850,000","-2,798,000","-1,834,000","-1,099,000","-2,106,000","-876,000","-275,000","3,188,000","2,980,000","3,442,000","3,745,000","3,213,000","2,176,000","2,285,000","2,135,000","1,910,000","1,668,000","1,249,000","1,053,000","1,053,000","1,018,000","864,000","750,000","579,000","673,000","502,000","595,000","506,000","529,000","593,000","508,000","430,000","373,000","361,000","310,000","142,000","164,000","83,000","-198,000","36,000","-62,000","-108,000","-162,000","-411,000","-823,000","-1,181,000","-1,484,000","-1,888,000","-2,581,000","-2,708,000",,,,,,,,,,,,,,,,,,,,,,,,,,,,,,,,,,,,,,,,,,,,,,,,,,,,
	InterestIncomeNonOperating,"2,078,000","534,000","541,000","486,000","517,000","610,000","754,000","934,000","2,775,000","3,186,000","3,188,000","2,980,000","3,442,000","3,745,000","3,213,000","2,176,000","2,285,000","2,135,000","1,910,000","1,668,000","1,249,000","1,099,000","1,083,000","1,077,000","950,000","704,000","674,000","795,000","656,000","796,000","655,000","710,000","841,000","710,000","656,000","743,000","732,000","798,000","774,000","887,000","901,000","804,000","789,000","712,000","695,000","630,000","491,000","422,000","368,000","386,000","425,000","360,000","569,000",,,,,,,,,,,,,,,,,,,,,,,,,,,,,,,,,,,,,,,,,,,,,,,,,,,,
	InterestExpenseNonOperating,"12,405,000","2,811,000","2,943,000","3,336,000","3,315,000","2,444,000","1,853,000","3,040,000","3,651,000","2,900,000",,,,,,,,,,,,"46,000","30,000","59,000","86,000","-46,000","95,000","122,000","154,000","201,000","149,000","181,000","248,000","202,000","226,000","370,000","371,000","488,000","632,000","723,000","818,000","1,002,000","753,000","774,000","803,000","792,000","902,000","1,245,000","1,549,000","1,870,000","2,313,000","2,941,000","3,277,000",,,,,,,,,,,,,,,,,,,,,,,,,,,,,,,,,,,,,,,,,,,,,,,,,,,,
OtherIncomeExpense,"12,410,000","-1,598,000","-1,328,000","14,937,000","399,000","315,000","1,158,000","1,884,000","127,000","-294,000","594,000","-1,667,000","-425,000","1,381,000","-974,000","-1,007,000","-308,000","-484,000","-168,000","-190,000","-1,154,000","47,000","-159,000","305,000","-108,000","107,000","-383,000","91,000","767,000","-762,000","-395,000","-179,000","-198,000","-195,000","-357,000","-173,000","-321,000","-395,000","-355,000","-39,000","-616,000","175,000","78,000","-108,000","-514,000","645,000","-574,000","139,000","-507,000","-584,000","-1,316,000","-1,625,000","-488,000","446,000","-273,000","-378,000","932,000","135,000","-337,000","-482,000","84,000","-417,000","412,000","-28,363,000","1,698,000","1,471,000","1,141,000","1,046,000","613,000","1,132,000","415,000","146,000","230,000","-141,000","-808,000","772,000","534,000","-215,000","32,000","323,000","171,000","-160,000","483,000","467,000","644,000","810,000","877,000","895,000","997,000","826,000","700,000","600,000","600,000","500,000","500,000","500,000","400,000","300,000","200,000","300,000","100,000","0","400,000","100,000",
	GainOnSaleOfSecurity,"12,945,000",,,,,"299,000","1,147,000","1,885,000","146,000","-621,000","826,000","-1,869,000","-513,000","1,492,000","-1,023,000","-1,059,000","-264,000","-436,000","-209,000","-165,000","-1,125,000",,,"297,000","-107,000","124,000","-304,000","-96,000","762,000",,"-487,000","-215,000","-173,000",,,,,,,,,,,,,,,,,,,,,,,,,,,,,,,,,,,,,,,,,,,,,,,,,,,,,,,,,,,,,,,,,,,,,,,,
	SpecialIncomeCharges,,,,,,,,,,,,,,,,,,,,,,,,,,,,,,,,,,,,,,,"-355,000","-39,000","-616,000","175,000","78,000","-108,000","-514,000","645,000","-574,000","139,000","-507,000","-584,000","-1,316,000","-1,625,000","-488,000","446,000","-273,000","-378,000","932,000","135,000","-337,000","-482,000","84,000","-417,000","412,000","-28,363,000","1,698,000","1,471,000","1,141,000","1,046,000","613,000","1,132,000","415,000","146,000","230,000","-141,000","-808,000","772,000","534,000","-215,000","32,000","323,000","171,000","-160,000","483,000","467,000","644,000","810,000","877,000","895,000","997,000","826,000","700,000","600,000","600,000","500,000","500,000","500,000","400,000","300,000","200,000","300,000","100,000","0","400,000","100,000",
		RestructuringAndMergernAcquisition,,,,,,,,,,,,,,,,,,,,,,,,,,,,,,,,,,,,,,,,,,,,,,"0","0","0",,"548,000","1,370,000","808,000",,,,,,,,,,,,,,,,,,,,,,,,,,,,,,,,,,,,,,,,,,,,,,,,,,,,,
		OtherSpecialCharges,,,,,,,,,,,,,,,,,,,,,,,,,,,,,,,,,,,,,,,,,,,,,,"-645,000","574,000","-139,000",,"36,000","-54,000","817,000",,,,,,,,,,"0",,,,,,,,,,,,,,,,,,,,,,,,,,,,,,,,,,,,,,,,,,,
	OtherNonOperatingIncomeExpenses,"-535,000","-14,543,000","-1,328,000","14,937,000","399,000","16,000","11,000","-1,000","-19,000","327,000","-232,000","202,000","88,000","-111,000","49,000","52,000","-44,000","-48,000","41,000","-25,000","-29,000","47,000","-159,000","8,000","-1,000","-17,000","-79,000","187,000","5,000","887,000","92,000","36,000","-25,000","-195,000","-357,000","-173,000","-321,000","-395,000",,,,,,,,,,,,,,,,,,,,,,,,,,,,,,,,,,,,,,,,,,,,,,,,,,,,,,,,,,,,,,,,,,,
PretaxIncome,"515,354,000","234,973,000","103,898,000","128,860,000","47,623,000","257,872,000","90,144,000","112,585,000","33,324,000","185,147,000","108,829,000","129,941,000","98,666,000","185,062,000","95,263,000","109,722,000","97,038,000","102,330,000","107,925,000","99,872,000","85,567,000","98,066,000","100,993,000","95,478,000","85,778,000","97,800,000","90,379,000","87,259,000","81,327,000","93,881,000","90,919,000","83,882,000","79,457,000","92,565,000","81,710,000","78,625,000","69,589,000","81,554,000","73,439,000","71,259,000","67,295,000","73,120,000","65,443,000","64,643,000","61,652,000","65,868,000","50,892,000","51,699,000","47,935,000","58,836,000","45,798,000","37,262,000","31,633,000","43,328,000","36,573,000","43,446,000","43,344,000","38,472,000","30,946,000","29,061,000","25,784,000","18,021,000","11,212,000","-15,689,000","19,517,000","19,233,000","15,470,000","14,374,000","14,034,000","16,001,000","10,876,000","10,824,000","10,200,000","10,287,000","7,111,000","6,775,000","6,501,000","9,086,000","5,832,000","6,791,000","5,676,000","7,502,000","3,850,000","5,172,000","3,458,000","6,561,000","4,682,000","5,684,000","6,231,000","5,669,000","4,600,000","4,400,000","5,100,000","4,700,000","4,100,000","4,000,000","4,200,000","4,200,000","2,700,000","3,600,000","1,100,000","1,300,000","1,700,000",,
TaxProvision,"60,727,000","31,802,000","18,556,000","35,144,000","-24,775,000","42,240,000","14,517,000","16,021,000","-12,740,000","19,295,000","19,366,000","20,191,000","12,436,000","31,899,000","5,927,000","17,126,000","12,758,000","49,745,000","34,295,000","30,142,000","22,261,000","28,083,000","31,436,000","25,850,000","29,310,000","29,779,000","24,346,000","24,924,000","25,195,000","24,248,000","25,440,000","20,846,000","22,915,000","16,636,000","19,280,000","22,680,000","18,566,000","25,491,000","21,820,000","20,997,000","21,756,000","25,663,000","19,897,000","19,212,000","19,411,000","16,728,000","14,762,000","16,206,000","15,566,000","21,206,000","15,269,000","10,125,000","10,538,000","11,415,000","10,798,000","15,317,000","17,490,000","9,183,000","12,250,000","10,805,000","9,633,000","5,757,000","2,840,000","3,704,000","6,604,000","5,962,000","4,296,000","4,599,000","4,351,000","3,750,000","3,277,000","3,247,000","3,060,000","3,086,000","1,750,000","2,303,000","2,222,000","2,817,000","1,750,000","2,071,000","1,788,000","2,404,000","1,196,000","1,603,000","1,087,000","2,102,000","1,410,000","1,592,000","1,744,000","1,518,000","1,200,000","900,000","1,400,000","1,600,000","1,400,000","1,300,000","1,400,000","1,500,000","1,000,000","1,300,000","400,000","500,000","600,000",,
NetIncomeCommonStockholders,"454,627,000","203,171,000","85,342,000","93,716,000","72,398,000","215,632,000","75,627,000","96,564,000","46,064,000","165,852,000","89,463,000","109,750,000","86,230,000","153,163,000","89,336,000","92,596,000","84,280,000","52,585,000","73,630,000","69,730,000","63,306,000","69,983,000","69,557,000","69,628,000","56,468,000","68,021,000","66,033,000","62,335,000","56,132,000","69,633,000","65,479,000","63,036,000","56,542,000","75,929,000","62,430,000","55,945,000","51,023,000","56,063,000","51,619,000","50,262,000","45,539,000","47,457,000","45,546,000","45,431,000","42,241,000","49,140,000","36,130,000","35,493,000","32,369,000","37,630,000","30,529,000","27,137,000","21,095,000","31,913,000","25,775,000","28,129,000","25,854,000","29,289,000","18,696,000","18,256,000","16,151,000","12,264,000","8,372,000","-19,393,000","12,913,000","13,271,000","11,174,000","9,775,000","9,683,000","12,251,000","7,599,000","7,577,000","7,140,000","7,201,000","5,361,000","4,472,000","4,279,000","6,269,000","4,082,000","4,720,000","3,888,000","5,098,000","2,654,000","3,569,000","2,371,000","4,459,000","3,272,000","4,092,000","4,487,000","4,151,000","3,400,000","3,500,000","3,700,000","3,100,000","2,700,000","2,700,000","2,800,000","2,700,000","1,700,000","2,300,000","700,000","800,000","1,100,000","-300,000","-200,000"
	NetIncome,"454,627,000","203,171,000","85,342,000","93,716,000","72,398,000","215,632,000","75,627,000","96,564,000","46,064,000","165,852,000","89,463,000","109,750,000","86,230,000","153,163,000","89,336,000","92,596,000","84,280,000","52,585,000","73,630,000","69,730,000","63,306,000","69,983,000","69,557,000","69,628,000","56,468,000","68,021,000","66,033,000","62,335,000","56,132,000","69,633,000","65,479,000","63,036,000","56,542,000","75,929,000","62,430,000","55,945,000","51,023,000","56,063,000","51,619,000","50,262,000","45,539,000","47,457,000","45,546,000","45,431,000","42,241,000","49,140,000","36,130,000","35,493,000","32,369,000","37,630,000","30,529,000","27,137,000","21,095,000","31,913,000","25,775,000","28,129,000","25,854,000","29,289,000","18,696,000","18,256,000","16,151,000","12,264,000","8,372,000","-19,393,000","12,913,000","13,271,000","11,174,000","9,775,000","9,683,000","12,251,000","7,599,000","7,577,000","7,140,000","7,201,000","5,361,000","4,472,000","4,279,000","6,269,000","4,082,000","4,720,000","3,888,000","5,098,000","2,654,000","3,569,000","2,371,000","4,459,000","3,272,000","4,092,000","4,487,000","4,151,000","3,400,000","3,500,000","3,700,000","3,100,000","2,700,000","2,700,000","2,800,000","2,700,000","1,700,000","2,300,000","700,000","800,000","1,100,000","-300,000","-200,000"
		NetIncomeIncludingNoncontrollingInterests,"454,627,000","203,171,000","85,342,000","93,716,000","72,398,000","215,632,000","75,627,000","96,564,000","46,064,000","165,852,000","89,463,000","109,750,000","86,230,000","153,163,000","89,336,000","92,596,000","84,280,000","52,585,000","73,630,000","69,730,000","63,306,000","69,983,000","69,557,000","69,628,000","56,468,000","68,021,000","66,033,000","62,335,000","56,132,000","69,633,000","65,479,000","63,036,000","56,542,000","75,929,000","62,430,000","55,945,000","51,023,000","56,063,000","51,619,000","50,262,000","45,539,000","47,457,000","45,546,000","45,431,000","42,241,000","49,140,000","36,130,000","35,493,000","32,369,000","37,630,000","30,529,000","27,137,000","21,095,000","31,913,000","25,775,000","28,129,000","25,854,000","29,289,000","18,696,000","18,256,000","16,151,000","12,264,000","8,372,000","-19,393,000","12,913,000","13,271,000","11,174,000","9,775,000","9,683,000","12,251,000","7,599,000","7,577,000","7,140,000","7,201,000","5,361,000","4,472,000","4,279,000","6,269,000","4,082,000","4,720,000","3,888,000","5,098,000","2,654,000","3,569,000","2,371,000","4,459,000","3,272,000","4,092,000","4,487,000","4,151,000","3,400,000","3,500,000","3,700,000","3,100,000","2,700,000","2,700,000","2,800,000","2,700,000","1,700,000","2,300,000","700,000","800,000","1,100,000","-300,000","-200,000"
			NetIncomeContinuousOperations,"454,627,000","203,171,000","85,342,000","93,716,000","72,398,000","215,632,000","75,627,000","96,564,000","46,064,000","165,852,000","89,463,000","109,750,000","86,230,000","153,163,000","89,336,000","92,596,000","84,280,000","52,585,000","73,630,000","69,730,000","63,306,000","69,983,000","69,557,000","69,628,000","56,468,000","68,021,000","66,033,000","62,335,000","56,132,000","69,633,000","65,479,000","63,036,000","56,542,000","75,929,000","62,430,000","55,945,000","51,023,000","56,063,000","51,619,000","50,262,000","45,539,000","47,457,000","45,546,000","45,431,000","42,241,000","49,140,000","36,130,000","35,493,000","32,369,000","37,630,000","30,529,000","27,137,000","21,095,000","31,913,000","25,775,000","28,129,000","25,854,000","29,289,000","18,696,000","18,256,000","16,151,000","12,264,000","8,372,000","-19,393,000","12,913,000","13,271,000","11,174,000","9,775,000","9,683,000","12,251,000","7,599,000","7,577,000","7,140,000","7,201,000","5,361,000","4,472,000","4,279,000","6,269,000","4,082,000","4,720,000","3,888,000","5,098,000","2,654,000","3,569,000","2,371,000","4,459,000","3,272,000","4,092,000","4,487,000","4,151,000","3,400,000","3,500,000","3,700,000","3,100,000","2,700,000","2,700,000","2,800,000","2,700,000","1,700,000","2,300,000","700,000","800,000","1,100,000","0","-200,000"
			NetIncomeFromTaxLossCarryforward,,,,,,,,,,,,,,,,,,,,,,,,,,,,,,,,,,,,,,,,,,,,,,,,,,,,,,,,,,,,,,,,,,,,,,,,,,,,,,,,,,,,,,,,,,,,,,,,,,,,,,"0",,"-300,000",
DilutedNIAvailtoComStockholders,"454,627,000","203,171,000","85,342,000","93,716,000","72,398,000","215,632,000","75,627,000","96,564,000","46,064,000","165,852,000","89,463,000","109,750,000","86,230,000","153,163,000","89,336,000","92,596,000","84,280,000","52,585,000","73,630,000","69,730,000","63,306,000","69,983,000","69,557,000","69,628,000","56,468,000","68,021,000","66,033,000","62,335,000","56,132,000","69,633,000","65,479,000","63,036,000","56,542,000","75,929,000","62,430,000","55,945,000","51,023,000","56,063,000","51,619,000","50,262,000","45,539,000","47,457,000","45,546,000","45,431,000","42,241,000","49,140,000","36,130,000","35,493,000","32,369,000","37,630,000","30,529,000","27,137,000","21,095,000","31,913,000","25,775,000","28,129,000","25,854,000","29,289,000","18,696,000","18,256,000","16,151,000","12,264,000","8,372,000","-19,393,000","12,913,000","13,271,000","11,174,000","9,775,000","9,683,000","12,251,000","7,599,000","7,577,000","7,140,000","7,201,000","5,361,000","4,472,000","4,279,000","6,269,000","4,082,000","4,720,000","3,888,000","5,098,000","2,654,000","3,569,000","2,371,000","4,459,000","3,272,000","4,092,000","4,487,000","4,151,000","3,400,000","3,500,000","3,700,000","3,100,000","2,700,000","2,700,000","2,800,000","2,700,000","1,700,000","2,300,000","700,000","800,000","1,100,000","-300,000","-200,000"
BasicEPS,,"2.33","0.98","1.08","0.83","2.5","0.88","1.13","0.54","1.95","1.06","1.31","1.03","1.83","1.06","1.1","1","0.62","0.87","0.82","0.74","0.81","0.8","0.79","0.64","0.77","0.74","0.69","0.62","0.76","0.71","0.68","0.61",,"0.67","0.6","0.55","0.61","0.56","0.54","0.49",,"0.49","0.49","0.46",,"0.4","0.39","0.36",,"0.35","0.31","0.24",,"0.3","0.36","0.33",,"0.24","0.24","0.21",,"0.11","-0.265","0.2",,"0.175","0.155","0.155",,"0.12","0.123","0.118",,"0.09","0.075","0.073",,"0.07","0.08","0.068",,"0.045","0.063","0.04",,"0.053","0.065","0.07",,"0.05","0.055","0.058",,"0.043","0.043","0.043",,"0.028","0.038","0.01",,"0.018","-0.018","-0.013"
DilutedEPS,,"2.3","0.97","1.06","0.82","2.46","0.87","1.11","0.53","1.91","1.04","1.28","1.01","1.79","1.04","1.08","0.98","0.61","0.85","0.8","0.73","0.8","0.78","0.78","0.63","0.75","0.72","0.68","0.61","0.74","0.7","0.67","0.6",,"0.66","0.59","0.54","0.59","0.54","0.53","0.48",,"0.48","0.48","0.45",,"0.39","0.38","0.35",,"0.33","0.3","0.23",,"0.29","0.34","0.32",,"0.23","0.23","0.2",,"0.105","-0.265","0.19",,"0.165","0.145","0.145",,"0.115","0.115","0.108",,"0.083","0.073","0.068",,"0.065","0.075","0.063",,"0.043","0.06","0.038",,"0.053","0.063","0.068",,"0.05","0.053","0.055",,"0.04","0.04","0.043",,"0.025","0.035","0.01",,"0.018","-0.018","-0.013"
BasicAverageShares,,"87,186,000","87,239,000","87,168,000","86,808,000","86,115,000","85,798,000","85,651,000","85,798,000","85,183,000","84,109,000","83,978,000","83,764,000","83,699,000","84,158,000","84,105,000","83,931,000","84,557,000","84,774,000","85,167,000","85,456,000","86,198,000","86,959,000","87,638,000","88,114,000","88,626,000","89,694,000","89,866,000","90,059,000","91,595,000","91,875,000","92,314,000","92,483,000",,"92,541,000","92,860,000","92,908,000","92,597,000","92,448,000","92,626,000","92,817,000",,"92,277,000","91,940,000","91,767,000",,"90,880,000","90,614,000","89,964,000",,"88,284,000","87,726,000","88,866,000",,"85,687,000","78,503,000","78,302,000",,"77,981,000","77,611,000","77,366,000",,"76,804,000","72,612,000","64,244,000",,"63,702,000","63,334,000","62,984,000",,"62,150,000","61,600,000","61,260,000",,"60,424,000","59,436,000","58,508,000",,"58,312,000","58,680,000","58,352,000",,"58,128,000","57,368,000","59,656,000",,"61,980,000","63,260,000","65,012,000",,"68,000,000","63,636,364","64,347,826",,"63,529,412","63,529,412","65,882,353",,"61,818,182","61,333,333","70,000,000",,"62,857,143","54,856,000","54,856,000"
DilutedAverageShares,,"88,201,000","88,169,000","88,053,000","87,986,000","87,626,000","87,224,000","86,934,000","87,369,000","86,992,000","85,733,000","85,483,000","85,493,000","85,472,000","86,043,000","85,986,000","86,152,000","86,709,000","86,588,000","86,895,000","87,224,000","87,811,000","88,676,000","89,305,000","90,084,000","90,549,000","91,593,000","91,726,000","92,140,000","93,584,000","93,905,000","94,338,000","94,949,000",,"95,265,000","95,040,000","95,166,000","94,945,000","94,755,000","94,928,000","95,190,000",,"94,445,000","94,188,000","94,171,000",,"93,212,000","93,146,000","92,774,000",,"91,640,000","91,048,000","92,175,000",,"90,117,000","82,083,000","81,643,000",,"81,196,000","80,886,000","80,734,000",,"80,580,000","72,612,000","68,330,000",,"67,844,000","67,564,000","67,532,000",,"66,462,000","65,932,000","65,844,000",,"64,944,000","63,616,000","62,336,000",,"61,900,000","63,316,000","63,372,000",,"62,308,000","60,684,000","61,972,000",,"63,892,000","65,088,000","67,380,000",,"68,000,000","66,666,667","67,272,727",,"67,500,000","67,500,000","65,882,353",,"68,000,000","65,714,286","70,000,000",,"62,857,143","54,856,000","54,856,000"
TotalOperatingIncomeAsReported,"513,271,000","238,848,000","107,628,000","116,773,000","50,022,000","259,391,000","90,085,000","112,807,000","34,073,000","185,716,000","105,047,000","128,628,000","95,649,000","179,936,000","93,024,000","108,553,000","95,061,000","100,679,000","106,183,000","98,394,000","85,472,000","96,966,000","100,099,000","94,155,000","85,022,000","96,943,000","90,183,000","86,495,000","80,058,000","94,048,000","90,808,000","83,532,000","79,062,000","92,252,000","81,637,000","78,425,000","69,549,000","81,639,000","73,652,000","71,134,000","67,828,000","73,143,000","65,329,000","64,813,000","62,274,000","65,385,000","51,877,000","52,383,000","49,623,000","60,356,000","47,632,000","40,660,000","34,829,000","45,780,000","38,296,000","43,854,000","41,801,000","37,942,000","31,610,000","30,396,000","26,821,000","19,989,000","12,855,000","-14,507,000","17,819,000","17,762,000","14,329,000","13,328,000","13,421,000","14,869,000","10,461,000","10,678,000","9,970,000","10,428,000","7,919,000","6,003,000","5,967,000","9,301,000","5,800,000","6,468,000","5,505,000","7,662,000","3,367,000","4,705,000","2,814,000","5,751,000","3,805,000","4,789,000","5,234,000","4,943,000","3,900,000","3,900,000","4,700,000","4,300,000","3,600,000","3,600,000","3,800,000","3,900,000","2,600,000","3,400,000","800,000","1,200,000","1,300,000","700,000",
TotalExpenses,"1,393,444,000","416,819,000","333,540,000","329,881,000","313,204,000","364,295,000","276,880,000","272,854,000","270,912,000","300,512,000","238,852,000","240,007,000","221,481,000","235,496,000","196,394,000","197,360,000","187,812,000","201,657,000","169,402,000","165,530,000","167,933,000","173,662,000","145,763,000","151,914,000","140,884,000","154,704,000","147,657,000","148,990,000","137,723,000","160,327,000","143,192,000","148,843,000","136,209,000","143,768,000","131,021,000","136,425,000","128,183,000","139,109,000","123,257,000","123,882,000","117,517,000","125,066,000","107,606,000","97,445,000","95,773,000","101,188,000","87,966,000","85,384,000","86,430,000","89,458,000","79,185,000","80,558,000","81,481,000","89,521,000","83,951,000","67,392,000","67,744,000","73,294,000","62,424,000","61,815,000","61,038,000","65,259,000","57,262,000","48,671,000","27,284,000","103,587,000","23,829,000","23,447,000","23,296,000","43,255,000","21,099,000","20,570,000","21,362,000","22,100,000","19,248,000","21,640,000","18,633,000","15,966,000","15,945,000","16,266,000","15,760,000","63,711,000","17,243,000","16,226,000","15,408,000","18,401,000","12,877,000","11,464,000","12,146,000","12,696,000","10,400,000","11,500,000","11,200,000","11,000,000","9,900,000","10,000,000","10,400,000","10,500,000","8,900,000","9,200,000","11,200,000","11,200,000","11,400,000","10,600,000",
NetIncomeFromContinuingAndDiscontinuedOperation,"454,627,000","203,171,000","85,342,000","93,716,000","72,398,000","215,632,000","75,627,000","96,564,000","46,064,000","165,852,000","89,463,000","109,750,000","86,230,000","153,163,000","89,336,000","92,596,000","84,280,000","52,585,000","73,630,000","69,730,000","63,306,000","69,983,000","69,557,000","69,628,000","56,468,000","68,021,000","66,033,000","62,335,000","56,132,000","69,633,000","65,479,000","63,036,000","56,542,000","75,929,000","62,430,000","55,945,000","51,023,000","56,063,000","51,619,000","50,262,000","45,539,000","47,457,000","45,546,000","45,431,000","42,241,000","49,140,000","36,130,000","35,493,000","32,369,000","37,630,000","30,529,000","27,137,000","21,095,000","31,913,000","25,775,000","28,129,000","25,854,000","29,289,000","18,696,000","18,256,000","16,151,000","12,264,000","8,372,000","-19,393,000","12,913,000","13,271,000","11,174,000","9,775,000","9,683,000","12,251,000","7,599,000","7,577,000","7,140,000","7,201,000","5,361,000","4,472,000","4,279,000","6,269,000","4,082,000","4,720,000","3,888,000","5,098,000","2,654,000","3,569,000","2,371,000","4,459,000","3,272,000","4,092,000","4,487,000","4,151,000","3,400,000","3,500,000","3,700,000","3,100,000","2,700,000","2,700,000","2,800,000","2,700,000","1,700,000","2,300,000","700,000","800,000","1,100,000","0","-200,000"
NormalizedIncome,"443,209,510","203,171,000","85,342,000","93,716,000","72,398,000","215,381,976.857","74,664,667","94,946,670","45,957,420","166,408,282.802","88,784,028","111,329,305","86,678,362","151,928,174.936","90,295,574","93,489,796","84,509,416","52,846,600","73,772,538","69,845,170","64,138,500","69,983,000","69,557,000","69,411,487","56,538,406","67,934,756.605","66,255,224","62,403,544","55,606,220","69,633,000","65,829,640","63,197,465","56,665,176","75,929,000","62,430,000","55,945,000","51,023,000","56,063,000","51,868,523.346","50,289,508.357","45,955,851.534","47,343,419.926","45,491,714.775","45,506,902.232","42,593,168.202","48,658,805.793","36,537,502.554","35,397,572.1","32,711,361.177","38,003,511.456","31,406,247.129","28,320,447.614","21,420,431.037","31,584,501.154","25,967,398.081","28,373,735.119","25,294,800","29,186,223.565","18,899,598.268","18,558,790.406","16,098,382.718","12,547,784.918","8,064,359.615","-2,375,200","11,789,555.106","12,255,992.409","10,349,854.299","9,063,670.516","9,260,050.093","11,384,295.919","7,309,041.835","7,474,797.302","6,979,000","7,299,701.371","5,970,153.143","3,962,423.026","3,927,517.766","6,417,341.955","4,059,602.195","4,495,502.871","3,770,866.808","5,206,728.339","2,321,043.636","3,246,741.106","1,929,437.247","3,908,506.173","2,659,111.491","3,447,675.581","3,769,051.196","3,546,179.75","2,882,608.696","3,022,727.273","3,264,705.882","2,770,212.766","2,370,731.707","2,362,500","2,533,333.333","2,507,142.857","1,574,074.074","2,108,333.333","636,363.636","800,000","841,176.471","-60,000","-200,000"
InterestIncome,"2,078,000","534,000","541,000","486,000","517,000","610,000","754,000","934,000","2,775,000","3,186,000","3,188,000","2,980,000","3,442,000","3,745,000","3,213,000","2,176,000","2,285,000","2,135,000","1,910,000","1,668,000","1,249,000","1,099,000","1,083,000","1,077,000","950,000","704,000","674,000","795,000","656,000","796,000","655,000","710,000","841,000","710,000","656,000","743,000","732,000","798,000","774,000","887,000","901,000","804,000","789,000","712,000","695,000","630,000","491,000","422,000","368,000","386,000","425,000","360,000","569,000",,"1,672,000",,,,,"1,113,000",,,,,,,,,,,,,,,,,,,,,,,,,,,,,,,,,,,,,,,,,,,,,
InterestExpense,"12,405,000","2,811,000","2,943,000","3,336,000","3,315,000","2,444,000","1,853,000","3,040,000","3,651,000","2,900,000",,,,,,,,,,,,"46,000","30,000","59,000","86,000","-46,000","95,000","122,000","154,000","201,000","149,000","181,000","248,000","202,000","226,000","370,000","371,000","488,000","632,000","723,000","818,000","1,002,000","753,000","774,000","803,000","792,000","902,000","1,245,000","1,549,000","1,870,000","2,313,000","2,941,000","3,277,000",,"3,122,000",,,,,"1,966,000",,"1,551,000",,,,,,,,,,,,,,,,,,,,,,,,,,,,,,,,,,,,,,,,,,,
NetInterestIncome,"-10,327,000","-2,277,000","-2,402,000","-2,850,000","-2,798,000","-1,834,000","-1,099,000","-2,106,000","-876,000","-275,000","3,188,000","2,980,000","3,442,000","3,745,000","3,213,000","2,176,000","2,285,000","2,135,000","1,910,000","1,668,000","1,249,000","1,053,000","1,053,000","1,018,000","864,000","750,000","579,000","673,000","502,000","595,000","506,000","529,000","593,000","508,000","430,000","373,000","361,000","310,000","142,000","164,000","83,000","-198,000","36,000","-62,000","-108,000","-162,000","-411,000","-823,000","-1,181,000","-1,484,000","-1,888,000","-2,581,000","-2,708,000",,,,,,,,,,,,,,,,,,,,,,,,,,,,,,,,,,,,,,,,,,,,,,,,,,,,
EBIT,"527,759,000","237,784,000","106,841,000","132,196,000","50,938,000","260,316,000","91,997,000","115,625,000","36,975,000","196,720,000","105,047,000","128,628,000","95,649,000","179,936,000","93,024,000","108,553,000","95,061,000","100,679,000","106,183,000","98,394,000","85,472,000","98,112,000","101,023,000","95,537,000","85,864,000","97,754,000","90,474,000","87,381,000","81,481,000","94,082,000","91,068,000","84,063,000","79,705,000","92,767,000","81,936,000","78,995,000","69,960,000","82,042,000","74,071,000","71,982,000","68,113,000","74,122,000","66,196,000","65,417,000","62,455,000","66,660,000","51,794,000","52,944,000","49,484,000","60,706,000","48,111,000","40,203,000","34,910,000","45,780,000","38,296,000","43,854,000","41,801,000","37,942,000","31,610,000","30,396,000","26,821,000","19,989,000","12,855,000","13,593,000","18,727,000","-59,866,000","15,206,000","14,209,000","14,328,000","-4,368,000","11,219,000","11,432,000","9,970,000","11,154,000","8,790,000","6,003,000","5,967,000","9,301,000","5,800,000","6,468,000","5,505,000","-38,638,000","3,367,000","4,705,000","2,814,000","5,751,000","3,805,000","4,789,000","5,234,000","4,943,000","3,900,000","3,900,000","4,700,000","4,300,000","3,600,000","3,600,000","3,800,000","3,900,000","2,600,000","3,400,000","800,000","1,200,000","1,300,000","700,000","10,700,000"
EBITDA,"634,626,000"
ReconciledCostOfRevenue,"166,330,000","45,579,000","39,795,000","41,528,000","39,428,000","27,891,000","36,781,000","37,369,000","33,576,000","30,576,000","25,512,000","25,703,000","20,676,000","31,549,000","26,196,000","26,820,000","25,860,000","26,539,000","22,313,000","23,059,000","23,547,000","24,885,000","21,364,000","22,768,000","21,011,000","22,461,000","21,859,000","23,113,000","21,537,000","25,082,000","22,636,000","24,051,000","23,081,000","24,163,000","20,916,000","21,791,000","21,480,000","21,396,000","18,804,000","20,282,000","20,055,000","19,705,000","18,436,000","17,139,000","15,768,000","15,527,000","14,164,000","12,966,000","13,399,000","13,618,000","11,837,000","12,110,000","11,811,000","12,795,000","13,004,000","12,830,000","13,405,000","13,123,000","12,060,000","11,253,000","11,597,000","11,895,000","10,352,000","8,243,000","5,124,000","4,378,000","4,304,000","4,111,000","4,323,000","4,038,000","3,853,000","3,381,000","3,596,000","3,970,000","3,670,000","4,380,000","3,442,000","2,530,000","2,476,000","2,214,000","2,304,000","2,444,000","2,161,000","2,364,000","2,024,000","2,233,000","1,629,000","1,263,000","1,461,000","1,211,000","1,200,000","1,100,000","1,100,000","1,100,000","1,000,000","1,100,000","1,100,000","1,000,000","900,000","1,000,000","900,000","1,000,000","1,100,000","700,000",
ReconciledDepreciation,"106,867,000","26,367,000","26,354,000","27,064,000","27,082,000","44,049,000","20,841,000","20,654,000","20,702,000","22,847,000","19,640,000","18,590,000","17,898,000","11,914,000","13,603,000","17,125,000","16,613,000","17,739,000","16,930,000","16,418,000","16,591,000","17,267,000","17,444,000","17,444,000","17,432,000","18,888,000","19,647,000","19,707,000","19,428,000","20,701,000","21,351,000","20,414,000","19,458,000","19,438,000","19,878,000","20,702,000","20,683,000","21,753,000","21,752,000","21,205,000","20,712,000","19,039,000","17,091,000","14,994,000","14,831,000","15,409,000","15,152,000","15,049,000","15,216,000","16,235,000","16,167,000","15,969,000","15,815,000","15,946,000","14,594,000","9,881,000","9,672,000","10,010,000","9,570,000","9,891,000","9,478,000","9,523,000","9,282,000","6,786,000","1,872,000","1,948,000","2,027,000","2,111,000","2,021,000","1,967,000","1,873,000","1,882,000","1,866,000","1,859,000","1,902,000","1,958,000","1,379,000","1,114,000","1,102,000","1,163,000","1,146,000","1,936,000","1,831,000","1,900,000","1,964,000","1,886,000","975,000","722,000","750,000","762,000","600,000","700,000","700,000","700,000","700,000","600,000","700,000","600,000","500,000","500,000","2,600,000","3,000,000","3,000,000","3,500,000",
NetIncomeFromContinuingOperationNetMinorityInterest,"454,627,000","203,171,000","85,342,000","93,716,000","72,398,000","215,632,000","75,627,000","96,564,000","46,064,000","165,852,000","89,463,000","109,750,000","86,230,000","153,163,000","89,336,000","92,596,000","84,280,000","52,585,000","73,630,000","69,730,000","63,306,000","69,983,000","69,557,000","69,628,000","56,468,000","68,021,000","66,033,000","62,335,000","56,132,000","69,633,000","65,479,000","63,036,000","56,542,000","75,929,000","62,430,000","55,945,000","51,023,000","56,063,000","51,619,000","50,262,000","45,539,000","47,457,000","45,546,000","45,431,000","42,241,000","49,140,000","36,130,000","35,493,000","32,369,000","37,630,000","30,529,000","27,137,000","21,095,000","31,913,000","25,775,000","28,129,000","25,854,000","29,289,000","18,696,000","18,256,000","16,151,000","12,264,000","8,372,000","-19,393,000","12,913,000","13,271,000","11,174,000","9,775,000","9,683,000","12,251,000","7,599,000","7,577,000","7,140,000","7,201,000","5,361,000","4,472,000","4,279,000","6,269,000","4,082,000","4,720,000","3,888,000","5,098,000","2,654,000","3,569,000","2,371,000","4,459,000","3,272,000","4,092,000","4,487,000","4,151,000","3,400,000","3,500,000","3,700,000","3,100,000","2,700,000","2,700,000","2,800,000","2,700,000","1,700,000","2,300,000","700,000","800,000","1,100,000","0","-200,000"
TotalUnusualItemsExcludingGoodwill,"12,945,000",,,,,"299,000","1,147,000","1,885,000","146,000","-621,000","826,000","-1,869,000","-513,000","1,492,000","-1,023,000","-1,059,000","-264,000","-436,000","-209,000","-165,000","-1,125,000",,,"297,000","-107,000","124,000","-304,000","-96,000","762,000",,"-487,000","-215,000","-173,000",,,,,,"-355,000","-39,000","-616,000","175,000","78,000","-108,000","-514,000","645,000","-574,000","139,000","-507,000","-584,000","-1,316,000","-1,625,000","-488,000","446,000","-273,000","-378,000","932,000","135,000","-337,000","-482,000","84,000","-417,000","412,000","-28,363,000","1,698,000","1,471,000","1,141,000","1,046,000","613,000","1,132,000","415,000","146,000","230,000","-141,000","-808,000","772,000","534,000","-215,000","32,000","323,000","171,000","-160,000","483,000","467,000","644,000","810,000","877,000","895,000","997,000","826,000","700,000","600,000","600,000","500,000","500,000","500,000","400,000","300,000","200,000","300,000","100,000","0","400,000","100,000",
TotalUnusualItems,"12,945,000",,,,,"299,000","1,147,000","1,885,000","146,000","-621,000","826,000","-1,869,000","-513,000","1,492,000","-1,023,000","-1,059,000","-264,000","-436,000","-209,000","-165,000","-1,125,000",,,"297,000","-107,000","124,000","-304,000","-96,000","762,000",,"-487,000","-215,000","-173,000",,,,,,"-355,000","-39,000","-616,000","175,000","78,000","-108,000","-514,000","645,000","-574,000","139,000","-507,000","-584,000","-1,316,000","-1,625,000","-488,000","446,000","-273,000","-378,000","932,000","135,000","-337,000","-482,000","84,000","-417,000","412,000","-28,363,000","1,698,000","1,471,000","1,141,000","1,046,000","613,000","1,132,000","415,000","146,000","230,000","-141,000","-808,000","772,000","534,000","-215,000","32,000","323,000","171,000","-160,000","483,000","467,000","644,000","810,000","877,000","895,000","997,000","826,000","700,000","600,000","600,000","500,000","500,000","500,000","400,000","300,000","200,000","300,000","100,000","0","400,000","100,000",
NormalizedEBITDA,"621,681,000","264,151,000","133,195,000","159,260,000","78,020,000","304,066,000","111,691,000","134,394,000","57,531,000","220,188,000","123,861,000","149,087,000","114,060,000","190,358,000","107,650,000","126,737,000","111,938,000","118,854,000","123,322,000","114,977,000","103,188,000","115,379,000","118,467,000","112,684,000","103,403,000","116,518,000","110,425,000","107,184,000","100,147,000","114,783,000","112,906,000","104,692,000","99,336,000","112,205,000","101,814,000","99,697,000","90,643,000","103,795,000","96,178,000","93,226,000","89,441,000","92,986,000","83,209,000","80,519,000","77,800,000","81,424,000","67,520,000","67,854,000","65,207,000","77,525,000","65,594,000","57,797,000","51,213,000","61,280,000","53,163,000","54,113,000","50,541,000","47,817,000","41,517,000","40,769,000","36,215,000","29,929,000","21,725,000","48,742,000","18,901,000","-59,389,000","16,092,000","15,274,000","15,736,000","-3,533,000","12,677,000","13,168,000","11,606,000","13,154,000","11,500,000","7,189,000","6,812,000","10,630,000","6,870,000","7,308,000","6,480,000","-36,542,000","4,715,000","6,138,000","4,134,000","6,827,000","3,903,000","4,616,000","4,987,000","4,879,000","3,800,000","4,000,000","4,800,000","4,500,000","3,800,000","3,700,000","4,100,000","4,200,000","2,900,000","3,600,000","3,300,000","4,200,000","3,900,000","4,100,000","10,700,000"
TaxRateForCalcs,"0.118","0.135","0.179","0.273","0.27","0.164","0.161","0.142","0.27","0.104","0.178","0.155","0.126","0.172","0.062","0.156","0.131","0.4","0.318","0.302","0.26","0.286","0.311","0.271","0.342","0.304","0.269","0.286","0.31","0.258","0.28","0.249","0.288","0.18","0.236","0.288","0.267","0.313","0.297","0.295","0.323","0.351","0.304","0.297","0.315","0.254","0.29","0.313","0.325","0.36","0.333","0.272","0.333","0.263","0.295","0.353","0.4","0.239","0.396","0.372","0.374","0.319","0.253","0.4","0.338","0.31","0.278","0.32","0.31","0.234","0.301","0.3","0.3","0.3","0.246","0.34","0.342","0.31","0.3","0.305","0.315","0.32","0.311","0.31","0.314","0.32","0.301","0.28","0.28","0.268","0.261","0.205","0.275","0.34","0.341","0.325","0.333","0.357","0.37","0.361","0.364","0.385","0.353","0.4","0.4"
TaxEffectOfUnusualItems,"1,527,510","0","0","0","0","48,976.857","184,667","267,670","39,420","-64,717.198","147,028","-289,695","-64,638","257,174.936","-63,426","-165,204","-34,584","-174,400","-66,462","-49,830","-292,500","0","0","80,487","-36,594","37,756.605","-81,776","-27,456","236,220","0","-136,360","-53,535","-49,824","0","0","0","0","0","-105,476.654","-11,491.643","-199,148.466","61,419.926","23,714.775","-32,097.768","-161,831.798","163,805.793","-166,497.446","43,572.1","-164,638.823","-210,488.544","-438,752.871","-441,552.386","-162,568.963","117,501.154","-80,601.919","-133,264.881","372,800","32,223.565","-133,401.732","-179,209.594","31,382.718","-133,215.082","104,359.615","-11,345,200","574,555.106","455,992.409","316,854.299","334,670.516","190,050.093","265,295.919","125,041.835","43,797.302","69,000","-42,298.629","-198,846.857","262,423.026","182,517.766","-66,658.045","9,602.195","98,502.871","53,866.808","-51,271.661","150,043.636","144,741.106","202,437.247","259,506.173","264,111.491","250,675.581","279,051.196","221,179.75","182,608.696","122,727.273","164,705.882","170,212.766","170,731.707","162,500","133,333.333","107,142.857","74,074.074","108,333.333","36,363.636","0","141,176.471","40,000","0"