name,ttm,12/31/2021,09/30/2021,06/30/2021,03/31/2021,12/31/2020,09/30/2020,06/30/2020,03/31/2020,12/31/2019,09/30/2019,06/30/2019,03/31/2019,12/31/2018,09/30/2018,06/30/2018,03/31/2018,12/31/2017,09/30/2017,06/30/2017,03/31/2017,12/31/2016,09/30/2016,06/30/2016,03/31/2016,12/31/2015,09/30/2015,06/30/2015,03/31/2015,12/31/2014,09/30/2014,06/30/2014,03/31/2014,12/31/2013,09/30/2013,06/30/2013,03/31/2013,12/31/2012,09/30/2012,06/30/2012,03/31/2012,12/31/2011,09/30/2011,06/30/2011,03/31/2011,12/31/2010,09/30/2010,06/30/2010,03/31/2010,12/31/2009,09/30/2009,06/30/2009,03/31/2009,12/31/2008,09/30/2008,06/30/2008,03/31/2008,12/31/2007,09/30/2007,06/30/2007,03/31/2007,12/31/2006,09/30/2006,06/30/2006,03/31/2006,12/31/2005,09/30/2005,06/30/2005,03/31/2005,12/31/2004,09/30/2004,06/30/2004,03/31/2004,12/31/2003,09/30/2003,06/30/2003,03/31/2003,12/31/2002,09/30/2002,06/30/2002,03/31/2002,12/31/2001,09/30/2001
TotalRevenue,"138,639,000,000","36,581,000,000","35,822,000,000","33,851,000,000","32,385,000,000","31,824,000,000","31,158,000,000","29,264,000,000","29,621,000,000","27,407,000,000","26,674,000,000","25,466,000,000","24,666,000,000","23,373,000,000","23,251,000,000","22,943,700,000","22,537,500,000","22,680,300,000","22,426,000,000","22,407,200,000","22,525,900,000","21,714,400,000","21,403,900,000","21,456,200,000","20,288,500,000","20,187,900,000","19,901,600,000","20,015,500,000","19,051,500,000","18,984,300,000","18,557,000,000","18,473,400,000","17,859,400,000","17,570,900,000","17,969,800,000","17,795,600,000","17,687,200,000","15,536,100,000","15,353,100,000","15,407,300,000","15,415,200,000","15,317,700,000","15,398,000,000","15,100,700,000","14,894,300,000","14,647,900,000","14,572,300,000","14,457,200,000","15,098,500,000","19,046,500,000","15,425,100,000","15,413,200,000","15,143,300,000","15,069,600,000","14,961,000,000","15,666,800,000","15,553,700,000","15,561,400,000","15,233,900,000","15,259,800,000","15,079,200,000","14,555,500,000","14,425,900,000","14,151,900,000","13,819,700,000","11,432,300,000","11,304,600,000","11,299,200,000","11,099,900,000","6,833,500,000","4,803,000,000","4,604,500,000","4,574,100,000","4,294,900,000","4,261,800,000","4,114,400,000","4,100,300,000","3,990,400,000","3,579,400,000","2,900,100,000","2,812,400,000","2,662,200,000","2,663,700,000"
	OperatingRevenue,"138,639,000,000","36,581,000,000","35,822,000,000","33,851,000,000","32,385,000,000","31,824,000,000","31,158,000,000","29,264,000,000","29,621,000,000","27,407,000,000","26,674,000,000","25,466,000,000","24,666,000,000","23,373,000,000","23,251,000,000","22,943,700,000","22,537,500,000","22,680,300,000","22,426,000,000","22,407,200,000","22,525,900,000","21,714,400,000","21,403,900,000","21,456,200,000","20,288,500,000","20,187,900,000","19,901,600,000","20,015,500,000","19,051,500,000","18,984,300,000","18,557,000,000","18,473,400,000","17,859,400,000","17,570,900,000","17,969,800,000","17,795,600,000","17,687,200,000","15,536,100,000","15,353,100,000","15,407,300,000","15,415,200,000","15,317,700,000","15,398,000,000","15,100,700,000","14,894,300,000","14,647,900,000","14,572,300,000","14,457,200,000","15,098,500,000","19,046,500,000","15,425,100,000","15,413,200,000","15,143,300,000","15,069,600,000","14,961,000,000","15,666,800,000","15,553,700,000","15,561,400,000","15,233,900,000","15,259,800,000","15,079,200,000","14,555,500,000","14,425,900,000","14,151,900,000","13,819,700,000","11,432,300,000","11,304,600,000","11,299,200,000","11,099,900,000","6,833,500,000","4,803,000,000","4,604,500,000","4,574,100,000","4,294,900,000","4,261,800,000","4,114,400,000","4,100,300,000","3,990,400,000","3,579,400,000","2,900,100,000","2,812,400,000","2,662,200,000","2,663,700,000"
NetNonOperatingInterestIncomeExpense,"-798,000,000","-200,000,000","-201,000,000","-205,000,000","-192,000,000","-191,000,000","-198,000,000","-201,000,000","-194,000,000","-190,000,000","-185,000,000","-184,000,000","-187,000,000","-189,000,000","-188,000,000","-191,700,000","-184,200,000","-163,600,000","-150,500,000","-189,900,000","-235,000,000","-177,300,000","-172,900,000","-185,700,000","-187,100,000","-179,700,000","-164,800,000","-154,100,000","-154,400,000","-153,600,000","-155,300,000","-145,600,000","-146,200,000","-145,800,000","-151,500,000","-151,900,000","-153,500,000","-151,500,000","-133,600,000","-117,600,000","-109,100,000","-112,600,000","-108,200,000","-103,600,000","-105,900,000","-113,000,000","-106,300,000","-100,200,000","-99,400,000","-103,700,000","-110,600,000","-117,000,000","-116,100,000","-115,900,000","-118,400,000","-116,500,000","-119,000,000","-125,300,000","-119,600,000","-100,100,000","-102,900,000","-100,000,000","-105,600,000","-103,900,000","-94,000,000","-58,000,000","-56,100,000","-58,900,000","-53,200,000","-44,900,000","-32,900,000","-32,200,000","-32,300,000","-32,600,000","-32,900,000","-32,800,000","-32,900,000","-33,100,000","-30,300,000","-17,500,000","-17,600,000","-18,400,000","-13,800,000"
	InterestExpenseNonOperating,"798,000,000","200,000,000","201,000,000","205,000,000","192,000,000","191,000,000","198,000,000","201,000,000","194,000,000","190,000,000","185,000,000","184,000,000","187,000,000","189,000,000","188,000,000","191,700,000","184,200,000","163,600,000","150,500,000","189,900,000","235,000,000","177,300,000","172,900,000","185,700,000","187,100,000","179,700,000","164,800,000","154,100,000","154,400,000","153,600,000","155,300,000","145,600,000","146,200,000","145,800,000","151,500,000","151,900,000","153,500,000","151,500,000","133,600,000","117,600,000","109,100,000","112,600,000","108,200,000","103,600,000","105,900,000","113,000,000","106,300,000","100,200,000","99,400,000","103,700,000","110,600,000","117,000,000","116,100,000","115,900,000","118,400,000","116,500,000","119,000,000","125,300,000","119,600,000","100,100,000","102,900,000","100,000,000","105,600,000","103,900,000","94,000,000","58,000,000","56,100,000","58,900,000","53,200,000","44,900,000","32,900,000","32,200,000","32,300,000","32,600,000","32,900,000","32,800,000","32,900,000","33,100,000","30,300,000","17,500,000","17,600,000","18,400,000","13,800,000"
OtherIncomeExpense,"12,657,000,000","3,525,000,000","3,353,000,000","3,042,000,000","2,737,000,000","2,899,000,000","2,598,000,000","2,543,000,000","2,344,000,000",,,,,,,,"30,700,000","11,600,000","10,500,000","6,000,000","5,000,000","5,800,000","9,100,000","10,700,000","9,500,000","8,000,000","8,800,000","12,500,000","13,800,000","12,000,000","10,300,000","9,500,000","9,500,000","-320,200,000","124,300,000","115,700,000","120,600,000","106,000,000","141,000,000","34,800,000","15,900,000","13,400,000","10,400,000","8,500,000","8,700,000","-2,857,400,000","4,600,000","967,400,000","939,100,000","4,824,100,000","1,105,600,000","1,068,500,000","1,095,500,000","1,135,200,000","1,078,700,000",,"1,319,300,000","1,295,300,000","1,328,300,000","1,323,900,000","1,321,800,000","1,261,600,000","1,245,600,000","1,233,100,000","1,240,800,000","1,022,300,000","989,600,000","966,300,000","941,100,000","639,400,000","467,700,000","454,100,000","482,300,000","413,700,000","404,700,000","378,200,000","404,600,000","402,300,000","357,900,000","298,200,000","282,900,000","283,500,000","340,400,000"
	SpecialIncomeCharges,"-21,000,000","-16,000,000","0","-5,000,000","0","-2,000,000","-30,000,000","-3,000,000","-1,000,000","-3,000,000","0","0","1,000,000","6,000,000","1,000,000","900,000","-19,100,000","-282,400,000",,,,"0",,"0",,"7,500,000","2,300,000","2,900,000","-3,400,000","-300,000","-74,800,000","-3,000,000","-3,000,000","0","-145,300,000",,,,,,,"0","0","0","0","0","0","0","-21,100,000","-57,000,000","-205,500,000",,,"0","-141,400,000",,,,,,,,,,,,,,,,,,,,,"-1,000,000",,,,,,,
		ImpairmentOfCapitalAssets,,,,,,,,,,,,,,,,,,,,,,,,,,,,,,,,,,,,,,,,,,"0","0","0","0","0","0","0","21,100,000","57,000,000","205,500,000",,,"0","141,400,000",,,,,,,,,,,,,,,,,,,,,,,,,,,,
		OtherSpecialCharges,"21,000,000","16,000,000",,"5,000,000",,"2,000,000","30,000,000","3,000,000","1,000,000","3,000,000",,,"-1,000,000","-6,000,000","-1,000,000","-900,000","19,100,000","282,400,000",,,,,,,,"-7,500,000","-2,300,000","-2,900,000","3,400,000","300,000","74,800,000","3,000,000","3,000,000","0","145,300,000",,,,,,,,,,,,,,,,,,,,,,,,,,,,,,,,,,,,,,,,,,,,,,,,
PretaxIncome,"7,925,000,000","1,400,000,000","1,996,000,000","2,353,000,000","2,176,000,000","611,000,000","389,000,000","3,149,000,000","2,089,000,000","1,098,000,000","1,489,000,000","1,453,000,000","1,945,000,000","543,000,000","1,242,000,000","1,503,500,000","1,780,300,000","124,200,000","1,118,900,000","1,205,700,000","1,515,000,000","658,600,000","1,136,500,000","1,448,300,000","1,312,000,000","374,300,000","1,129,600,000","1,558,000,000","1,569,100,000","887,100,000","1,087,200,000","1,263,700,000","1,130,100,000","459,800,000","882,800,000","1,210,500,000","1,287,100,000","481,400,000","1,025,700,000","1,048,600,000","1,309,800,000","478,200,000","1,045,200,000","1,007,400,000","1,427,100,000","752,100,000","1,136,800,000","1,129,600,000","1,335,300,000","4,339,700,000","1,117,200,000","1,052,500,000","893,600,000","507,800,000","549,400,000","1,186,000,000","879,200,000","1,322,800,000","1,371,400,000","1,317,300,000","1,246,400,000","1,283,800,000","1,254,600,000","1,203,300,000","1,172,700,000","1,041,400,000","1,023,400,000","896,600,000","928,900,000","313,400,000","374,100,000","363,200,000","392,600,000","327,800,000","310,200,000","278,600,000","302,500,000","269,400,000","229,400,000","159,300,000","149,500,000","137,800,000","177,100,000"
TaxProvision,"1,830,000,000","275,000,000","494,000,000","552,000,000","509,000,000","60,000,000","167,000,000","873,000,000","566,000,000","164,000,000","306,000,000","314,000,000","394,000,000","118,000,000","282,000,000","450,100,000","467,800,000","-1,106,500,000","372,000,000","350,400,000","505,100,000","290,200,000","518,700,000","667,700,000","609,000,000","193,400,000","474,800,000","698,900,000","703,900,000","380,400,000","456,300,000","532,600,000","438,700,000","167,000,000","226,600,000","410,400,000","401,900,000","17,200,000","334,500,000","405,000,000","453,300,000","142,900,000","362,000,000","305,800,000","500,500,000","203,300,000","397,700,000","407,200,000","458,500,000","1,597,900,000","387,000,000","359,000,000","313,200,000","176,400,000","-271,300,000","435,500,000","291,100,000","463,700,000","503,400,000","482,100,000","463,300,000","482,700,000","443,800,000","452,100,000","440,900,000","389,400,000","382,700,000","337,200,000","317,200,000","131,500,000","131,000,000","124,800,000","95,900,000","118,300,000","112,100,000","99,900,000","109,800,000","96,300,000","56,900,000","52,800,000","49,200,000","50,200,000","64,600,000"
EarningsFromEquityInterestNetOfTax,,,,,,,,,,,,,,,,,,,,,,,,,,,,,,,,,,,,,,,,,,,,,,,,,,,,,,,,,,,,,,,,,,,,,,,"-1,000,000","-500,000","-1,100,000","-700,000","-1,600,000","-1,400,000","-1,000,000","-1,200,000","-1,300,000","-300,000","-500,000",,
NetIncomeCommonStockholders,"6,104,000,000","1,137,000,000","1,509,000,000","1,793,000,000","1,665,000,000","551,000,000","222,000,000","2,276,000,000","1,523,000,000","934,000,000","1,183,000,000","1,139,000,000","1,551,000,000","425,000,000","960,000,000","1,053,400,000","1,312,500,000","1,230,700,000","746,900,000","855,300,000","1,009,900,000","368,400,000","617,800,000","780,600,000","703,000,000","180,900,000","654,800,000","859,100,000","865,200,000","506,700,000","630,900,000","731,100,000","701,000,000","148,200,000","656,200,000","800,100,000","885,200,000","464,200,000","691,200,000","643,600,000","856,500,000","335,300,000","683,200,000","701,600,000","926,600,000","548,800,000","739,100,000","722,400,000","876,800,000","2,741,800,000","730,200,000","693,500,000","580,400,000","331,400,000","820,700,000","750,500,000","588,100,000","859,100,000","868,000,000","835,200,000","783,100,000","801,100,000","810,800,000","751,200,000","731,800,000","652,000,000","640,700,000","559,400,000","611,700,000","184,500,000","242,100,000","237,900,000","295,600,000","208,800,000","196,500,000","177,300,000","191,700,000","171,900,000","171,200,000","106,200,000","99,800,000","87,700,000","111,500,000"
	NetIncome,"6,104,000,000","1,137,000,000","1,509,000,000","1,793,000,000","1,665,000,000","551,000,000","222,000,000","2,276,000,000","1,523,000,000","934,000,000","1,183,000,000","1,139,000,000","1,551,000,000","425,000,000","960,000,000","1,053,400,000","1,312,500,000","1,230,700,000","746,900,000","855,300,000","1,009,900,000","368,400,000","617,800,000","780,600,000","703,000,000","180,900,000","654,800,000","859,100,000","865,200,000","506,700,000","630,900,000","731,100,000","701,000,000","148,200,000","656,200,000","800,100,000","885,200,000","464,200,000","691,200,000","643,600,000","856,500,000","335,300,000","683,200,000","701,600,000","926,600,000","548,800,000","739,100,000","722,400,000","876,800,000","2,741,800,000","730,200,000","693,500,000","580,400,000","331,400,000","820,700,000","750,500,000","588,100,000","859,100,000","868,000,000","835,200,000","783,100,000","801,100,000","810,800,000","751,200,000","731,800,000","652,000,000","640,700,000","559,400,000","611,700,000","184,500,000","242,100,000","237,900,000","295,600,000","208,800,000","196,500,000","177,300,000","191,700,000","171,900,000","171,200,000","106,200,000","99,800,000","87,700,000","111,500,000"
		NetIncomeIncludingNoncontrollingInterests,"6,095,000,000","1,125,000,000","1,502,000,000","1,801,000,000","1,667,000,000","551,000,000","222,000,000","2,276,000,000","1,523,000,000","934,000,000","1,183,000,000","1,139,000,000","1,551,000,000","425,000,000","960,000,000","1,053,400,000","1,312,500,000","1,230,700,000","746,900,000","855,300,000","1,009,900,000","368,400,000","617,800,000","780,600,000","703,000,000","180,900,000","654,800,000","859,100,000","865,200,000","506,700,000","630,900,000","731,100,000","701,000,000","148,200,000","656,200,000","800,100,000","885,200,000","464,200,000","691,200,000","643,600,000","856,500,000","335,300,000","683,200,000","701,600,000","926,600,000","548,800,000","739,100,000","722,400,000","876,800,000","2,741,800,000","730,200,000","693,500,000","580,400,000","331,400,000","820,700,000","750,500,000","588,100,000","859,100,000","868,000,000","835,200,000","783,100,000","801,100,000","810,800,000","751,200,000","731,800,000","652,000,000","640,700,000","559,400,000","611,700,000","187,100,000","241,100,000","237,400,000","294,500,000","208,100,000","194,900,000","175,900,000","190,700,000","170,700,000","169,900,000","105,900,000","99,300,000","87,800,000","110,500,000"
			NetIncomeContinuousOperations,"6,095,000,000","1,125,000,000","1,502,000,000","1,801,000,000","1,667,000,000","551,000,000","222,000,000","2,276,000,000","1,523,000,000","934,000,000","1,183,000,000","1,139,000,000","1,551,000,000","425,000,000","960,000,000","1,053,400,000","1,312,500,000","1,230,700,000","746,900,000","855,300,000","1,009,900,000","368,400,000","617,800,000","780,600,000","703,000,000","180,900,000","654,800,000","859,100,000","865,200,000","506,700,000","630,900,000","731,100,000","691,400,000","292,800,000","656,200,000","800,100,000","885,200,000","464,200,000","691,200,000","643,600,000","856,500,000","335,300,000","683,200,000","701,600,000","926,600,000","548,800,000","739,100,000","722,400,000","876,800,000","2,741,800,000","730,200,000","693,500,000","580,400,000","331,400,000","820,700,000","750,500,000","588,100,000","859,100,000","868,000,000","835,200,000","783,100,000","801,100,000","810,800,000","751,200,000","731,800,000","652,000,000","640,700,000","559,400,000","611,700,000","184,500,000","242,100,000","237,900,000","295,600,000","208,800,000","196,500,000","177,300,000","191,700,000","171,900,000","171,200,000","106,200,000","99,800,000","86,800,000","110,500,000"
			NetIncomeDiscontinuousOperations,,,,,,,,,,,,,,,,,,,,,,,,,,,"0","0","0","0","0","0","9,600,000",,,,,,,,,,,,,,,,,,,,,,,,,,,,,,,,,,,,,,,,,,,,,,,,,,
		MinorityInterests,"9,000,000","12,000,000","7,000,000","-8,000,000","-2,000,000",,,,,,,,,,,,,,,,,,,,,,,,,,,,,,,,,,,,,,,,,,,,,,,,,,,,,,,,,,,,,,,,,,"1,000,000","500,000","1,100,000","700,000","1,600,000","1,400,000","1,000,000","1,200,000","1,300,000","300,000","500,000","-100,000","1,000,000"
DilutedNIAvailtoComStockholders,"6,104,000,000","1,137,000,000","1,509,000,000","1,793,000,000","1,665,000,000","551,000,000","222,000,000","2,276,000,000","1,523,000,000","934,000,000","1,183,000,000","1,139,000,000","1,551,000,000","425,000,000","960,000,000","1,053,400,000","1,312,500,000","1,230,700,000","746,900,000","855,300,000","1,009,900,000","368,400,000","617,800,000","780,600,000","703,000,000","180,900,000","654,800,000","859,100,000","865,200,000","506,700,000","630,900,000","731,100,000","701,000,000","148,200,000","656,200,000","800,100,000","885,200,000","464,200,000","691,200,000","643,600,000","856,500,000","335,300,000","683,200,000","701,600,000","926,600,000","548,800,000","739,100,000","722,400,000","876,800,000","2,741,800,000","730,200,000","693,500,000","580,400,000","331,400,000","820,700,000","750,500,000","588,100,000","859,100,000","868,000,000","835,200,000","783,100,000","801,100,000","810,800,000","751,200,000","731,800,000","652,000,000","640,700,000","559,400,000","611,700,000","184,500,000","242,100,000","237,900,000","295,600,000","208,800,000","196,500,000","177,300,000","191,700,000","171,900,000","171,200,000","106,200,000","99,800,000","87,700,000","111,500,000"
BasicEPS,,"4.703","6.2","7.33","6.798","2.245","0.88","9.02","6.03","3.693","4.64","4.451","6.027",,"3.7","4.07","5.136","4.806","2.902","3.23","3.82","1.397","2.35","2.97","2.675","0.692","2.51","3.27","3.25",,"2.332","2.664","2.487",,"2.215","2.67","2.92",,"2.201","1.96","2.581",,"1.92","1.92","2.513",,"1.872","1.791","1.99",,"1.55","1.453","1.17",,"1.6","1.44","1.08",,"1.47","1.37","1.28",,"1.31","1.2","1.12",,"1.05","0.92","0.505",,"0.875","0.86","1.07",,"0.71","0.64","0.69",,"0.665","0.515","0.485",,"0.541"
DilutedEPS,,"4.63","6.13","7.25","6.71","2.19","0.87","8.91","5.94","3.62","4.55","4.36","5.91",,"3.62","3.98","4.99","4.67","2.8","3.16","3.73","1.37","2.3","2.91","2.63","0.68","2.43","3.13","3.09",,"2.22","2.56","2.4",,"2.16","2.64","2.89",,"2.15","1.94","2.53",,"1.9","1.89","2.44",,"1.84","1.71","1.96",,"1.53","1.43","1.16",,"1.6","1.44","1.07",,"1.45","1.35","1.26",,"1.29","1.17","1.09",,"1.02","0.9","0.49",,"0.85","0.83","1.04",,"0.69","0.625","0.68",,"0.645","0.505","0.475",,"0.541"
BasicAverageShares,,"241,770,746","243,400,000","244,500,000","244,938,635","245,401,430","251,000,000","252,200,000","252,400,000","252,922,161","255,200,000","255,876,479","257,354,383",,"259,500,000","258,700,000","255,544,728","256,084,913","257,404,755","264,600,000","264,400,000","263,747,395","263,200,000","263,000,000","262,840,916","261,238,188","261,300,000","263,100,000","266,600,000",,"270,512,468","274,470,910","281,912,262",,"296,188,115","299,500,000","303,200,000",,"314,012,463","327,700,000","331,807,383",,"356,000,000","366,100,000","368,668,482",,"394,807,753","441,100,000","441,100,000",,"471,500,000","496,000,000","496,000,000",,"513,500,000","521,180,556","544,537,037",,"590,476,190","609,635,036","611,796,875",,"618,931,298","626,000,000","653,392,857",,"610,190,476","608,043,478","612,489,242",,"276,685,714","276,627,907","276,261,682",,"276,760,563","277,031,250","277,826,087",,"257,443,609","206,213,592","205,773,196",,"206,176,000"
DilutedAverageShares,,"245,500,000","246,000,000","247,400,000","248,200,000","251,100,000","254,200,000","255,400,000","256,400,000","258,000,000","260,000,000","261,000,000","262,300,000",,"265,400,000","264,500,000","262,800,000","263,300,000","267,000,000","270,800,000","270,400,000","268,700,000","268,100,000","268,200,000","267,500,000","268,000,000","269,200,000","274,300,000","280,400,000",,"270,512,468","286,000,000","292,600,000",,"304,500,000","303,200,000","305,900,000",,"321,900,000","331,200,000","339,000,000",,"360,400,000","371,500,000","379,300,000",,"402,200,000","441,100,000","446,600,000",,"476,800,000","496,000,000","498,200,000",,"535,440,000","521,180,556","549,626,168",,"598,620,690","618,666,667","621,507,937",,"628,527,132","642,051,282","671,376,147",,"628,137,255","621,555,556","612,489,242",,"284,823,529","286,626,506","284,230,769",,"284,782,609","283,680,000","281,911,765",,"265,426,357","210,297,030","210,105,263",,"206,176,000"
TotalExpenses,"130,714,000,000","35,181,000,000","33,826,000,000","31,498,000,000","30,209,000,000","31,213,000,000","30,769,000,000","26,115,000,000","27,532,000,000","26,309,000,000","25,185,000,000","24,013,000,000","22,721,000,000","22,830,000,000","22,009,000,000","21,440,200,000","20,757,200,000","22,556,100,000","21,307,100,000","21,201,500,000","21,010,900,000","21,055,800,000","20,267,400,000","20,007,900,000","18,976,500,000","19,813,600,000","18,772,000,000","18,457,500,000","17,482,400,000","18,097,200,000","17,469,800,000","17,209,700,000","16,729,300,000","17,111,100,000","17,087,000,000","16,585,100,000","16,400,100,000","15,054,700,000","14,327,400,000","14,358,700,000","14,105,400,000","14,839,500,000","14,352,800,000","14,093,300,000","13,467,200,000","13,895,800,000","13,435,500,000","13,327,600,000","13,763,200,000","14,706,800,000","14,307,900,000","14,360,700,000","14,249,700,000","14,561,800,000","14,411,600,000","14,480,800,000","14,674,500,000","14,238,600,000","13,862,500,000","13,942,500,000","13,832,800,000","13,271,700,000","13,171,300,000","12,948,600,000","12,647,000,000","10,390,900,000","10,281,200,000","10,402,600,000","10,171,000,000","6,520,100,000","4,428,900,000","4,241,300,000","4,181,500,000","3,967,100,000","3,951,600,000","3,835,800,000","3,797,800,000","3,721,000,000","3,350,000,000","2,740,800,000","2,662,900,000","2,524,400,000","2,486,600,000"
NetIncomeFromContinuingAndDiscontinuedOperation,"6,104,000,000","1,137,000,000","1,509,000,000","1,793,000,000","1,665,000,000","551,000,000","222,000,000","2,276,000,000","1,523,000,000","934,000,000","1,183,000,000","1,139,000,000","1,551,000,000","425,000,000","960,000,000","1,053,400,000","1,312,500,000","1,230,700,000","746,900,000","855,300,000","1,009,900,000","368,400,000","617,800,000","780,600,000","703,000,000","180,900,000","654,800,000","859,100,000","865,200,000","506,700,000","630,900,000","731,100,000","701,000,000","148,200,000","656,200,000","800,100,000","885,200,000","464,200,000","691,200,000","643,600,000","856,500,000","335,300,000","683,200,000","701,600,000","926,600,000","548,800,000","739,100,000","722,400,000","876,800,000","2,741,800,000","730,200,000","693,500,000","580,400,000","331,400,000","820,700,000","750,500,000","588,100,000","859,100,000","868,000,000","835,200,000","783,100,000","801,100,000","810,800,000","751,200,000","731,800,000","652,000,000","640,700,000","559,400,000","611,700,000","184,500,000","242,100,000","237,900,000","295,600,000","208,800,000","196,500,000","177,300,000","191,700,000","171,900,000","171,200,000","106,200,000","99,800,000","87,700,000","111,500,000"
NormalizedIncome,"6,120,149,000","1,149,857,142.857","1,509,000,000","1,796,825,000","1,665,000,000","552,803,600.655","243,900,000","2,278,169,000","1,523,729,000","936,551,912.568","1,183,000,000","1,139,000,000","1,550,203,000","420,303,867.403","959,227,000","1,052,769,100","1,326,576,700","1,230,700,000","746,900,000","855,300,000","1,009,900,000","368,400,000","617,800,000","780,600,000","703,000,000","176,400,000","653,420,000","857,360,000","867,240,000","506,895,000","679,520,000","733,050,000","693,236,000","292,800,000","764,157,900","800,100,000","885,200,000","464,200,000","691,200,000","643,600,000","856,500,000","335,300,000","683,200,000","701,600,000","926,600,000","548,800,000","739,100,000","722,400,000","890,654,923.987","2,777,812,304.998","864,514,446.831","693,500,000","580,400,000","331,400,000","912,610,000","750,500,000","588,100,000","859,100,000","868,000,000","835,200,000","783,100,000","801,100,000","810,800,000","751,200,000","731,800,000","652,000,000","640,700,000","559,400,000","611,700,000","184,500,000","242,100,000","237,900,000","295,600,000","208,800,000","196,500,000","177,941,421.393","191,700,000","171,900,000","171,200,000","106,200,000","99,800,000","87,700,000","111,500,000"
InterestExpense,"798,000,000","200,000,000","201,000,000","205,000,000","192,000,000","191,000,000","198,000,000","201,000,000","194,000,000","190,000,000","185,000,000","184,000,000","187,000,000","189,000,000","188,000,000","191,700,000","184,200,000","163,600,000","150,500,000","189,900,000","235,000,000","177,300,000","172,900,000","185,700,000","187,100,000","179,700,000","164,800,000","154,100,000","154,400,000","153,600,000","155,300,000","145,600,000","146,200,000","145,800,000","151,500,000","151,900,000","153,500,000","151,500,000","133,600,000","117,600,000","109,100,000","112,600,000","108,200,000","103,600,000","105,900,000","113,000,000","106,300,000","100,200,000","99,400,000","103,700,000","110,600,000","117,000,000","116,100,000","115,900,000","118,400,000","116,500,000","119,000,000","125,300,000","119,600,000","100,100,000","102,900,000","100,000,000","105,600,000","103,900,000","94,000,000","58,000,000","56,100,000","58,900,000","53,200,000","44,900,000","32,900,000","32,200,000","32,300,000","32,600,000","32,900,000","32,800,000","32,900,000","33,100,000","30,300,000","17,500,000","17,600,000","18,400,000","13,800,000"
NetInterestIncome,"-798,000,000","-200,000,000","-201,000,000","-205,000,000","-192,000,000","-191,000,000","-198,000,000","-201,000,000","-194,000,000","-190,000,000","-185,000,000","-184,000,000","-187,000,000","-189,000,000","-188,000,000","-191,700,000","-184,200,000","-163,600,000","-150,500,000","-189,900,000","-235,000,000","-177,300,000","-172,900,000","-185,700,000","-187,100,000","-179,700,000","-164,800,000","-154,100,000","-154,400,000","-153,600,000","-155,300,000","-145,600,000","-146,200,000","-145,800,000","-151,500,000","-151,900,000","-153,500,000","-151,500,000","-133,600,000","-117,600,000","-109,100,000","-112,600,000","-108,200,000","-103,600,000","-105,900,000","-113,000,000","-106,300,000","-100,200,000","-99,400,000","-103,700,000","-110,600,000","-117,000,000","-116,100,000","-115,900,000","-118,400,000","-116,500,000","-119,000,000","-125,300,000","-119,600,000","-100,100,000","-102,900,000","-100,000,000","-105,600,000","-103,900,000","-94,000,000","-58,000,000","-56,100,000","-58,900,000","-53,200,000","-44,900,000","-32,900,000","-32,200,000","-32,300,000","-32,600,000","-32,900,000","-32,800,000","-32,900,000","-33,100,000","-30,300,000","-17,500,000","-17,600,000","-18,400,000","-13,800,000"
EBIT,"8,723,000,000","1,600,000,000","2,197,000,000","2,558,000,000","2,368,000,000","802,000,000","587,000,000","3,350,000,000","2,283,000,000","1,288,000,000","1,674,000,000","1,637,000,000","2,132,000,000","732,000,000","1,430,000,000","1,695,200,000","1,964,500,000","287,800,000","1,269,400,000","1,395,600,000","1,750,000,000","835,900,000","1,309,400,000","1,634,000,000","1,499,100,000","554,000,000","1,294,400,000","1,712,100,000","1,723,500,000","1,040,700,000","1,242,500,000","1,409,300,000","1,276,300,000","605,600,000","1,034,300,000","1,362,400,000","1,440,600,000","632,900,000","1,159,300,000","1,166,200,000","1,418,900,000","590,800,000","1,153,400,000","1,111,000,000","1,533,000,000","865,100,000","1,243,100,000","1,229,800,000","1,434,700,000","4,443,400,000","1,227,800,000","1,169,500,000","1,009,700,000","623,700,000","667,800,000","1,302,500,000","998,200,000","1,448,100,000","1,491,000,000","1,417,400,000","1,349,300,000","1,383,800,000","1,360,200,000","1,307,200,000","1,266,700,000","1,099,400,000","1,079,500,000","955,500,000","982,100,000","358,300,000","407,000,000","395,400,000","424,900,000","360,400,000","343,100,000","311,400,000","335,400,000","302,500,000","259,700,000","176,800,000","167,100,000","156,200,000","190,900,000"
ReconciledDepreciation,"1,302,000,000","360,000,000","351,000,000","309,000,000","282,000,000","290,000,000","308,000,000","286,000,000","270,000,000","246,000,000","301,000,000","297,000,000","289,000,000","288,000,000","288,300,000","286,000,000","269,700,000","227,500,000","223,400,000","218,800,000","220,700,000","232,400,000","228,300,000","225,800,000","225,300,000","231,300,000","-29,200,000","491,500,000","214,300,000","208,100,000","213,500,000","212,700,000","216,700,000","237,700,000","231,100,000","228,000,000","212,000,000","193,100,000","186,900,000","182,000,000","178,700,000","179,800,000","151,900,000","154,800,000","150,700,000","522,600,000","24,800,000","25,800,000","27,600,000","28,400,000","26,400,000","26,200,000","26,100,000","26,700,000","26,800,000","-92,800,000","144,700,000","144,100,000","146,600,000","151,400,000","144,100,000","154,700,000","151,600,000","150,200,000","148,400,000","156,500,000","156,800,000","176,400,000","144,100,000","98,100,000","59,500,000","62,700,000","58,800,000","61,400,000","65,100,000","62,100,000","56,400,000","56,000,000","45,100,000","27,400,000","28,500,000","7,700,000","8,100,000"
NetIncomeFromContinuingOperationNetMinorityInterest,"6,104,000,000","1,137,000,000","1,509,000,000","1,793,000,000","1,665,000,000","551,000,000","222,000,000","2,276,000,000","1,523,000,000","934,000,000","1,183,000,000","1,139,000,000","1,551,000,000","425,000,000","960,000,000","1,053,400,000","1,312,500,000","1,230,700,000","746,900,000","855,300,000","1,009,900,000","368,400,000","617,800,000","780,600,000","703,000,000","180,900,000","654,800,000","859,100,000","865,200,000","506,700,000","630,900,000","731,100,000","691,400,000","292,800,000","656,200,000","800,100,000","885,200,000","464,200,000","691,200,000","643,600,000","856,500,000","335,300,000","683,200,000","701,600,000","926,600,000","548,800,000","739,100,000","722,400,000","876,800,000","2,741,800,000","730,200,000","693,500,000","580,400,000","331,400,000","820,700,000","750,500,000","588,100,000","859,100,000","868,000,000","835,200,000","783,100,000","801,100,000","810,800,000","751,200,000","731,800,000","652,000,000","640,700,000","559,400,000","611,700,000","184,500,000","242,100,000","237,900,000","295,600,000","208,800,000","196,500,000","177,300,000","191,700,000","171,900,000","171,200,000","106,200,000","99,800,000","87,700,000","111,500,000"
TotalUnusualItemsExcludingGoodwill,"-21,000,000","-16,000,000","0","-5,000,000","0","-2,000,000","-30,000,000","-3,000,000","-1,000,000","-3,000,000","0","0","1,000,000","6,000,000","1,000,000","900,000","-19,100,000","-282,400,000",,,,"0",,"0",,"7,500,000","2,300,000","2,900,000","-3,400,000","-300,000","-74,800,000","-3,000,000","-3,000,000","0","-145,300,000",,,,,,,"0","0","0","0","0","0","0","-21,100,000","-57,000,000","-205,500,000",,,"0","-141,400,000",,,,,,,,,,,,,,,,,,,,,"-1,000,000",,,,,,,
TotalUnusualItems,"-21,000,000","-16,000,000","0","-5,000,000","0","-2,000,000","-30,000,000","-3,000,000","-1,000,000","-3,000,000","0","0","1,000,000","6,000,000","1,000,000","900,000","-19,100,000","-282,400,000",,,,"0",,"0",,"7,500,000","2,300,000","2,900,000","-3,400,000","-300,000","-74,800,000","-3,000,000","-3,000,000","0","-145,300,000",,,,,,,"0","0","0","0","0","0","0","-21,100,000","-57,000,000","-205,500,000",,,"0","-141,400,000",,,,,,,,,,,,,,,,,,,,,"-1,000,000",,,,,,,
TaxRateForCalcs,"0.231","0.196","0.247","0.235","0.234","0.098","0.27","0.277","0.271","0.149","0.206","0.216","0.203","0.217","0.227","0.299","0.263","0.4","0.332","0.291","0.333","0.4","0.4","0.4","0.4","0.4","0.4","0.4","0.4","0.35","0.35","0.35","0.388","0.363","0.257","0.339","0.312","0.036","0.326","0.386","0.346","0.299","0.346","0.304","0.351","0.27","0.35","0.36","0.343","0.368","0.346","0.341","0.35","0.347","0.35","0.367","0.331","0.351","0.367","0.366","0.372","0.376","0.354","0.376","0.376","0.374","0.374","0.376","0.341","0.4","0.35","0.344","0.244","0.361","0.361","0.359","0.363","0.357","0.248","0.331","0.329","0.364","0.365"
TaxEffectOfUnusualItems,"-4,851,000","-3,142,857.143","0","-1,175,000","0","-196,399.345","-8,100,000","-831,000","-271,000","-448,087.432","0","0","203,000","1,303,867.403","227,000","269,100","-5,023,300","0","0","0","0","0","0","0","0","3,000,000","920,000","1,160,000","-1,360,000","-105,000","-26,180,000","-1,050,000","-1,164,000","0","-37,342,100","0","0","0","0","0","0","0","0","0","0","0","0","0","-7,245,076.013","-20,987,695.002","-71,185,553.169","0","0","0","-49,490,000","0","0","0","0","0","0","0","0","0","0","0","0","0","0","0","0","0","0","0","0","-358,578.607","0","0","0","0","0","0","0"