name,ttm,12/31/2021,09/30/2021,06/30/2021,03/31/2021,12/31/2020,09/30/2020,06/30/2020,03/31/2020,12/31/2019,09/30/2019,06/30/2019,03/31/2019,12/31/2018,09/30/2018,06/30/2018,03/31/2018,12/31/2017,09/30/2017,06/30/2017,03/31/2017,12/31/2016,09/30/2016,06/30/2016,03/31/2016,12/31/2015,09/30/2015,06/30/2015,03/31/2015,12/31/2014,09/30/2014,06/30/2014,03/31/2014,12/31/2013,09/30/2013,06/30/2013,03/31/2013,12/31/2012,09/30/2012,06/30/2012,03/31/2012,12/31/2011,09/30/2011,06/30/2011,03/31/2011,12/31/2010,09/30/2010,06/30/2010,03/31/2010,12/31/2009,09/30/2009,06/30/2009,03/31/2009,12/31/2008,09/30/2008,06/30/2008,03/31/2008,12/31/2007,09/30/2007,06/30/2007,03/31/2007,12/31/2006,09/30/2006,06/30/2006,03/31/2006,12/31/2005,09/30/2005,06/30/2005,03/31/2005,12/31/2004,09/30/2004,06/30/2004,03/31/2004,12/31/2003,09/30/2003,06/30/2003,03/31/2003,12/31/2002,09/30/2002,06/30/2002,03/31/2002,12/31/2001,09/30/2001,06/30/2001,03/31/2001,12/31/2000,09/30/2000,06/30/2000,03/31/2000,12/31/1999,09/30/1999,06/30/1999,03/31/1999,12/31/1998,09/30/1998,06/30/1998,03/31/1998,12/31/1997,09/30/1997,06/30/1997,03/31/1997,12/31/1996,09/30/1996,06/30/1996,03/31/1996,12/31/1995,09/30/1995,06/30/1995,03/31/1995,12/31/1994,09/30/1994,06/30/1994,03/31/1994,12/31/1993,09/30/1993,06/30/1993,03/31/1993,12/31/1992,09/30/1992,06/30/1992,03/31/1992,12/31/1991,09/30/1991,06/30/1991,03/31/1991,12/31/1990,09/30/1990,06/30/1990,03/31/1990,12/31/1989,09/30/1989,06/30/1989,03/31/1989,12/31/1988,09/30/1988,06/30/1988,03/31/1988,12/31/1987,09/30/1987,06/30/1987,03/31/1987,12/31/1986,09/30/1986,06/30/1986,03/31/1986,12/31/1985,09/30/1985
TotalRevenue,"12,193,000,000","3,080,000,000","2,702,000,000","2,886,000,000","3,525,000,000","2,965,000,000","2,385,000,000","2,497,000,000","3,219,000,000","2,885,000,000","2,379,000,000","2,606,000,000","3,143,000,000","2,770,000,000","2,349,000,000","2,561,000,000","3,090,000,000","2,909,000,000","2,340,000,000","2,368,000,000","2,381,000,000","3,323,000,000","2,746,000,000","2,766,000,000","2,792,000,000","3,288,000,000","2,742,000,000","2,805,000,000","2,847,000,000","3,299,000,000","2,880,000,000","2,919,000,000","2,947,000,000","3,209,000,000","2,794,000,000","2,897,000,000","2,915,000,000","3,115,000,000","2,737,000,000","2,821,000,000","2,841,000,000","2,994,000,000","2,723,000,000","2,811,000,000","2,759,000,000","2,909,000,000","1,801,000,000","1,898,000,000","1,904,000,000","2,048,000,000","1,808,000,000","1,885,000,000","1,854,000,000","1,920,000,000","1,847,000,000","1,980,000,000","1,932,000,000","195,000,000","2,407,000,000","2,488,000,000","2,381,000,000","2,413,000,000","2,168,000,000","2,265,000,000","2,523,000,000","2,523,000,000","2,390,000,000","2,518,000,000","2,511,000,000","2,662,000,000","2,402,000,000","2,545,000,000","2,573,000,000","2,601,000,000","2,391,000,000","2,438,000,000","2,388,000,000","2,366,000,000","2,246,000,000","2,122,000,000","2,088,000,000","2,036,000,000","1,912,000,000","1,917,000,000","1,811,000,000","1,961,000,000","1,785,000,000","1,819,000,000","1,810,000,000","1,878,000,000","1,770,000,000","1,723,000,000","1,699,000,000","1,701,800,000","1,606,700,000","1,623,000,000","1,561,500,000","1,520,800,000","1,451,000,000","1,424,500,000","1,354,300,000","1,069,400,000","944,300,000","932,400,000","942,100,000","42,800,000","1,142,300,000","1,141,200,000","1,139,400,000","1,080,400,000","1,030,500,000","1,026,400,000","1,019,600,000","977,300,000","954,200,000","963,000,000","950,300,000","899,300,000","817,700,000","804,500,000","815,000,000","740,700,000","751,200,000","727,700,000","711,300,000","715,800,000","653,200,000","636,700,000","620,700,000","541,000,000","592,300,000","571,300,000","574,500,000","715,700,000","656,800,000","654,900,000","680,200,000","741,500,000","616,100,000","563,300,000","548,100,000","507,600,000","493,600,000","449,900,000","354,500,000","360,300,000","337,000,000"
	OperatingRevenue,"12,193,000,000","3,080,000,000","2,702,000,000","2,886,000,000","3,525,000,000","2,965,000,000","2,385,000,000","2,497,000,000","3,219,000,000","2,885,000,000","2,379,000,000","2,606,000,000","3,143,000,000","2,770,000,000","2,349,000,000","2,561,000,000","3,090,000,000","2,909,000,000","2,340,000,000","2,368,000,000","2,381,000,000","3,323,000,000","2,746,000,000","2,766,000,000","2,792,000,000","3,288,000,000","2,742,000,000","2,805,000,000","2,847,000,000","3,299,000,000","2,880,000,000","2,919,000,000","2,947,000,000","3,209,000,000","2,794,000,000","2,897,000,000","2,915,000,000","3,115,000,000","2,737,000,000","2,821,000,000","2,841,000,000","2,994,000,000","2,723,000,000","2,811,000,000","2,759,000,000","2,909,000,000","1,801,000,000","1,898,000,000","1,904,000,000","2,048,000,000","1,808,000,000","1,885,000,000","1,854,000,000","1,920,000,000","1,847,000,000","1,980,000,000","1,932,000,000","2,253,000,000","1,702,000,000","1,781,000,000","1,735,000,000","1,825,000,000","1,589,000,000","1,657,000,000","1,664,000,000","1,719,000,000","1,585,000,000","1,724,000,000","1,720,000,000","1,853,000,000","1,657,000,000","1,760,000,000","1,800,000,000","1,843,000,000","1,660,000,000","1,713,000,000","1,676,000,000","1,697,000,000","1,551,000,000","1,510,000,000","1,444,000,000","1,511,000,000","1,297,000,000","1,347,000,000","1,281,000,000","1,362,000,000","1,176,000,000","1,203,000,000","1,205,000,000","-553,000,000","1,770,000,000","1,723,000,000","1,699,000,000","-594,200,000","1,606,700,000","1,623,000,000","1,561,500,000","-624,600,000","1,451,000,000","1,424,500,000","1,354,300,000","-900,000,000","944,300,000","932,400,000","942,100,000","-1,794,700,000","1,142,300,000","1,141,200,000","1,139,400,000","-1,706,900,000","1,030,500,000","1,026,400,000","1,019,600,000","977,300,000","954,200,000","963,000,000","950,300,000","899,300,000","817,700,000","804,500,000","815,000,000","740,700,000","751,200,000","727,700,000","711,300,000","715,800,000","653,200,000","636,700,000","620,700,000","541,000,000","592,300,000","571,300,000","574,500,000","715,700,000","656,800,000","654,900,000","680,200,000","741,500,000","616,100,000","563,300,000","548,100,000","507,600,000","493,600,000","449,900,000","354,500,000","360,300,000","337,000,000"
CostOfRevenue,"6,738,000,000","1,556,000,000","1,835,000,000","1,628,000,000","1,719,000,000","1,635,000,000","1,387,000,000","1,361,000,000","1,522,000,000","1,601,000,000","1,368,000,000","1,501,000,000","1,584,000,000","1,601,000,000","1,392,000,000","1,494,000,000","1,616,000,000","1,752,000,000","1,419,000,000","1,457,000,000","1,461,000,000","1,966,000,000","1,611,000,000","1,688,000,000","1,649,000,000","1,857,000,000","1,644,000,000","1,653,000,000","1,683,000,000","1,848,000,000","1,707,000,000","1,708,000,000","1,751,000,000","1,842,000,000","1,666,000,000","1,712,000,000","1,725,000,000","6,709,000,000","0","0","0","0","0","0","0","0","0","0","0","0","0","0","0","0","0","0",,,,,,,,,,,,,,,,,,,,,,,,,,,,,,,,,,,,,,,,,,,,,,,,,,,,,,,,,,,,,,,,,,,,,,,,,,,,,,,,,,,,,,,,,,,
GrossProfit,"5,455,000,000","1,524,000,000","867,000,000","1,258,000,000","1,806,000,000","1,330,000,000","998,000,000","1,136,000,000","1,697,000,000","1,284,000,000","1,011,000,000","1,105,000,000","1,559,000,000","1,169,000,000","957,000,000","1,067,000,000","1,474,000,000","1,157,000,000","921,000,000","911,000,000","920,000,000","1,357,000,000","1,135,000,000","1,078,000,000","1,143,000,000","1,431,000,000","1,098,000,000","1,152,000,000","1,164,000,000","1,451,000,000","1,173,000,000","1,211,000,000","1,196,000,000","1,367,000,000","1,128,000,000","1,185,000,000","1,190,000,000","-3,594,000,000","2,737,000,000","2,821,000,000","2,841,000,000","2,994,000,000","2,723,000,000","2,811,000,000","2,759,000,000","2,909,000,000","1,801,000,000","1,898,000,000","1,904,000,000","2,048,000,000","1,808,000,000","1,885,000,000","1,854,000,000","1,920,000,000","1,847,000,000","1,980,000,000",,,,,,,,,,,,,,,,,,,,,,,,,,,,,,,,,,,,,,,,,,,,,,,,,,,,,,,,,,,,,,,,,,,,,,,,,,,,,,,,,,,,,,,,,,,
OperatingExpense,"3,365,000,000","550,000,000","1,668,000,000","586,000,000","561,000,000","617,000,000","557,000,000","542,000,000","664,000,000","760,000,000","651,000,000","692,000,000","687,000,000","670,000,000","695,000,000","1,083,000,000","675,000,000","668,000,000","656,000,000","1,029,000,000","577,000,000","728,000,000","713,000,000","673,000,000","693,000,000","714,000,000","685,000,000","875,000,000","723,000,000","816,000,000","756,000,000","766,000,000","727,000,000","852,000,000","764,000,000","803,000,000","780,000,000","-4,055,000,000","2,398,000,000","2,427,000,000","2,439,000,000","2,559,000,000","2,382,000,000","2,377,000,000","2,363,000,000","2,487,000,000","1,538,000,000","1,630,000,000","1,631,000,000","1,846,000,000","1,599,000,000","1,658,000,000","1,471,000,000","1,664,000,000","1,606,000,000","1,725,000,000","1,647,000,000","123,000,000","2,062,000,000","2,089,000,000","2,070,000,000","2,134,000,000","1,995,000,000","1,955,000,000","2,188,000,000","2,286,000,000","2,180,000,000","2,195,000,000","2,163,000,000","2,337,000,000","2,182,000,000","2,229,000,000","2,239,000,000","2,237,000,000","2,130,000,000","2,166,000,000","2,104,000,000","2,026,000,000","2,015,000,000","2,076,000,000","1,878,000,000","1,906,000,000","1,695,000,000","1,822,000,000","1,727,000,000","1,759,000,000","1,503,000,000","1,558,000,000","1,561,000,000","10,853,000,000","-1,502,000,000","-1,439,000,000","-1,582,000,000","9,510,400,000","-1,369,600,000","-1,362,200,000","-1,303,600,000","8,766,900,000","-1,254,500,000","-1,256,700,000","-1,324,500,000","5,610,100,000","-807,200,000","-821,000,000","-787,300,000","5,674,900,000","-976,500,000","-977,600,000","-957,900,000","5,930,600,000","-889,700,000","-883,700,000","-860,500,000","-851,200,000","-819,500,000","-840,400,000","-812,300,000","-885,100,000","-717,700,000","-400,400,000","-406,900,000","-649,400,000","-655,600,000","-633,700,000","-620,000,000","-632,000,000","-558,700,000","-537,500,000","-529,200,000",,,,,,,,,,,,,,,,,,
	SellingGeneralAndAdministration,"3,039,000,000","474,000,000","1,576,000,000","509,000,000","480,000,000","533,000,000","465,000,000","443,000,000","526,000,000","615,000,000","506,000,000","555,000,000","550,000,000","519,000,000","555,000,000","754,000,000","526,000,000","529,000,000","515,000,000","515,000,000","480,000,000","728,000,000","713,000,000","673,000,000","693,000,000","714,000,000","685,000,000","875,000,000","723,000,000","816,000,000","756,000,000","766,000,000","727,000,000","852,000,000","764,000,000","803,000,000","780,000,000","-4,055,000,000","2,398,000,000","2,427,000,000","2,439,000,000","2,559,000,000","2,382,000,000","2,377,000,000","2,363,000,000","2,487,000,000","1,538,000,000","1,630,000,000","1,631,000,000","2,020,000,000","1,543,000,000","1,600,000,000","1,411,000,000","1,599,000,000","1,557,000,000","1,667,000,000","1,166,000,000","2,599,000,000","1,156,000,000","1,684,000,000","1,152,000,000","3,179,000,000","1,116,000,000","1,607,000,000","1,138,000,000","1,843,000,000","1,697,000,000","1,750,000,000","1,702,000,000","1,964,000,000","1,787,000,000","1,822,000,000","1,842,000,000","1,876,000,000","1,745,000,000","1,817,000,000","1,709,000,000","1,719,000,000","1,652,000,000","1,671,000,000","1,463,000,000","1,510,000,000","1,384,000,000","1,523,000,000","1,396,000,000","1,449,000,000","1,208,000,000","1,262,000,000","1,271,000,000",,,,,,,,,,,,,,,,,,,,,,,,,,,,,,,"300,500,000","293,400,000",,,,,,,,,,,,,,,,,,,,,,,,,,
		GeneralAndAdministrativeExpense,"3,039,000,000","474,000,000","1,576,000,000","509,000,000","480,000,000","533,000,000","465,000,000","443,000,000","526,000,000","615,000,000","506,000,000","555,000,000","550,000,000","519,000,000","555,000,000","754,000,000","526,000,000","529,000,000","515,000,000","515,000,000","480,000,000","728,000,000","713,000,000","673,000,000","693,000,000","714,000,000","685,000,000","875,000,000","723,000,000","816,000,000","756,000,000","766,000,000","727,000,000","852,000,000","764,000,000","803,000,000","780,000,000","-4,055,000,000","2,398,000,000","2,427,000,000","2,439,000,000","2,559,000,000","2,382,000,000","2,377,000,000","2,363,000,000","2,487,000,000","1,538,000,000","1,630,000,000","1,631,000,000","2,020,000,000","1,543,000,000","1,600,000,000","1,411,000,000","1,599,000,000","1,557,000,000","1,667,000,000","1,166,000,000","2,599,000,000","1,156,000,000","1,684,000,000","1,152,000,000","3,179,000,000","1,116,000,000","1,607,000,000","1,138,000,000","1,843,000,000","1,697,000,000","1,750,000,000","1,702,000,000","1,964,000,000","1,787,000,000","1,822,000,000","1,842,000,000","1,876,000,000","1,745,000,000","1,817,000,000","1,709,000,000",,"1,652,000,000","1,671,000,000","1,463,000,000",,"1,384,000,000","1,523,000,000","1,396,000,000",,,,,,,,,,,,,,,,,,,,,,,,,,,,,,,,,,,"300,500,000","293,400,000",,,,,,,,,,,,,,,,,,,,,,,,,,
			SalariesAndWages,,,,"-8,000,000","-6,000,000","-3,000,000","-4,000,000","-2,000,000","-4,000,000","3,000,000","-3,000,000","-5,000,000",,,,,,,,,,,,,,,,,,,,,,,,,,,"1,620,000,000","1,639,000,000","1,661,000,000","1,724,000,000","1,634,000,000","1,612,000,000","1,597,000,000","1,715,000,000","1,050,000,000","1,169,000,000","1,163,000,000","1,330,000,000","1,119,000,000","1,134,000,000","1,014,000,000","1,149,000,000","1,132,000,000","1,155,000,000","1,166,000,000","873,000,000","1,156,000,000","1,684,000,000","1,152,000,000","3,179,000,000","1,116,000,000","1,607,000,000","1,138,000,000","1,843,000,000","1,697,000,000","1,750,000,000","1,702,000,000","1,964,000,000","1,787,000,000","1,822,000,000","1,842,000,000","1,876,000,000","1,745,000,000","1,817,000,000","1,709,000,000",,"1,652,000,000","1,671,000,000","1,463,000,000",,"1,384,000,000","1,523,000,000","1,396,000,000",,,,,,,,,,,,,,,,,,,,,,,,,,,,,,,,,,,"300,500,000","293,400,000",,,,,,,,,,,,,,,,,,,,,,,,,,
			RentAndLandingFees,"327,000,000","76,000,000","98,000,000","76,000,000","77,000,000","74,000,000","70,000,000","74,000,000","73,000,000","91,000,000","76,000,000","85,000,000","87,000,000","87,000,000","94,000,000","96,000,000","93,000,000","89,000,000","89,000,000","86,000,000","84,000,000",,,,,,,,,,,,,,,,,,,,,,,,,,,,,,,,,,,,,,,,,,,,,,,,,,,,,,,,,,,,,,,,,,,,,,,,,,,,,,,,,,,,,,,,,,,,,,,,,,,,,,,,,,,,,,,,,,,,,,,,,,,,,,
			OtherGandA,"2,712,000,000","398,000,000","1,478,000,000","433,000,000","403,000,000","459,000,000","395,000,000","369,000,000","453,000,000","524,000,000","430,000,000","470,000,000","463,000,000","432,000,000","461,000,000","658,000,000","433,000,000","440,000,000","426,000,000","429,000,000","396,000,000","728,000,000","713,000,000","673,000,000","693,000,000","714,000,000","685,000,000","875,000,000","723,000,000","816,000,000","756,000,000","766,000,000","727,000,000","852,000,000","764,000,000","803,000,000","780,000,000","865,000,000","778,000,000","788,000,000","778,000,000","835,000,000","748,000,000","765,000,000","766,000,000","772,000,000","488,000,000","461,000,000","468,000,000","690,000,000","424,000,000","466,000,000","397,000,000","450,000,000","425,000,000","512,000,000",,,,,,,,,,,,,,,,,,,,,,,,,,,,,,,,,,,,,,,,,,,,,,,,,,,,,,,,,,,,,,,,,,,,,,,,,,,,,,,,,,,,,,,,,,,
	DepreciationAmortizationDepletionIncomeStatement,"326,000,000","76,000,000","92,000,000","77,000,000","81,000,000","84,000,000","92,000,000","99,000,000","138,000,000","145,000,000","145,000,000","137,000,000","137,000,000","151,000,000","140,000,000","329,000,000","149,000,000","139,000,000","141,000,000","514,000,000","97,000,000",,,,,,,,,,,,,,,,,,,,,,,,,,,,,,"56,000,000","58,000,000","60,000,000","65,000,000","49,000,000","58,000,000","50,000,000","45,000,000","50,000,000","49,000,000","50,000,000","71,000,000","56,000,000","55,000,000","57,000,000","68,000,000","80,000,000","62,000,000","68,000,000","11,000,000","16,000,000","15,000,000","14,000,000","17,000,000","18,000,000","15,000,000","13,000,000","16,000,000","13,000,000","14,000,000","11,000,000","40,000,000","40,000,000","39,000,000","39,000,000","39,000,000","38,000,000","39,000,000","38,000,000",,,,,,,,,,,,,,,,,,,,,,,,,,,,,,,,,,,,,,,,,,,,,,,,,,,,,,,,,,
		DepreciationAndAmortizationInIncomeStatement,"326,000,000","76,000,000","92,000,000","77,000,000","81,000,000","84,000,000","92,000,000","99,000,000","138,000,000","145,000,000","145,000,000","137,000,000","137,000,000","151,000,000","140,000,000","329,000,000","149,000,000","139,000,000","141,000,000","514,000,000","97,000,000",,,,,,,,,,,,,,,,,,,,,,,,,,,,,,"56,000,000","58,000,000","60,000,000","65,000,000","49,000,000","58,000,000","50,000,000","45,000,000","50,000,000","49,000,000","50,000,000","71,000,000","56,000,000","55,000,000","57,000,000","68,000,000","80,000,000","62,000,000","68,000,000","11,000,000","16,000,000","15,000,000","14,000,000","17,000,000","18,000,000","15,000,000","13,000,000","16,000,000","13,000,000","14,000,000","11,000,000","40,000,000","40,000,000","39,000,000","39,000,000","39,000,000","38,000,000","39,000,000","38,000,000",,,,,,,,,,,,,,,,,,,,,,,,,,,,,,,,,,,,,,,,,,,,,,,,,,,,,,,,,,
			DepreciationIncomeStatement,"179,000,000","41,000,000","56,000,000","41,000,000","41,000,000","43,000,000","42,000,000","41,000,000","41,000,000","48,000,000","44,000,000","40,000,000","40,000,000","50,000,000","40,000,000","47,000,000","39,000,000","39,000,000","40,000,000","54,000,000","54,000,000",,,,,,,,,,,,,,,,,,,,,,,,,,,,,,,,,,,,,,,,,,,,,,,,,,,,,,,,,,,,,,,,,,,,,,,,,,,,,,,,,,,,,,,,,,,,,,,,,,,,,,,,,,,,,,,,,,,,,,,,,,,,,,
			Amortization,"147,000,000","35,000,000","36,000,000","36,000,000","40,000,000","41,000,000","50,000,000","58,000,000","97,000,000","97,000,000","101,000,000","97,000,000","97,000,000","101,000,000","100,000,000","282,000,000","110,000,000","100,000,000","101,000,000","460,000,000","43,000,000",,,,,,,,,,,,,,,,,,,,,,,,,,,,,,,,,,,,,,,,,,,,,,,,,"11,000,000","16,000,000","15,000,000","14,000,000","17,000,000","18,000,000","15,000,000","13,000,000","16,000,000","13,000,000","14,000,000","11,000,000","40,000,000","40,000,000","39,000,000","39,000,000","39,000,000","38,000,000","39,000,000","38,000,000",,,,,,,,,,,,,,,,,,,,,,,,,,,,,,,,,,,,,,,,,,,,,,,,,,,,,,,,,,
				AmortizationOfIntangiblesIncomeStatement,"147,000,000","35,000,000","36,000,000","36,000,000","40,000,000","41,000,000","50,000,000","58,000,000","97,000,000","97,000,000","101,000,000","97,000,000","97,000,000","101,000,000","100,000,000","282,000,000","110,000,000","100,000,000","101,000,000","460,000,000","43,000,000",,,,,,,,,,,,,,,,,,,,,,,,,,,,,,,,,,,,,,,,,,,,,,,,,"11,000,000","16,000,000","15,000,000","14,000,000","17,000,000","18,000,000","15,000,000","13,000,000","16,000,000","13,000,000","14,000,000","11,000,000","40,000,000","40,000,000","39,000,000","39,000,000","39,000,000","38,000,000","39,000,000","38,000,000",,,,,,,,,,,,,,,,,,,,,,,,,,,,,,,,,,,,,,,,,,,,,,,,,,,,,,,,,,
	OtherTaxes,,,,,,,,,,,,,,,,,,,,,,,,,,,,,,,,,,,,,,,,,,,,,,,,,,,,,,,,,"-1,647,000,000",,"-2,062,000,000","-2,089,000,000","-2,035,000,000","-2,134,000,000","-1,995,000,000","-1,955,000,000","-2,188,000,000","-2,286,000,000","-2,180,000,000","-2,195,000,000","-2,163,000,000","-2,337,000,000","-2,182,000,000","-2,229,000,000","-2,239,000,000","-2,283,000,000","-2,130,000,000","-2,166,000,000","-2,104,000,000","-2,026,000,000","-2,015,000,000","-2,076,000,000","-1,878,000,000","-1,906,000,000","-1,695,000,000","-1,822,000,000","-1,727,000,000","-1,759,000,000","-1,503,000,000","-1,558,000,000","-1,561,000,000","-1,807,000,000","-1,502,000,000","-1,439,000,000","-1,582,000,000","-1,439,600,000","-1,369,600,000","-1,362,200,000","-1,303,600,000","-1,303,900,000","-1,254,500,000","-1,256,700,000","-1,324,500,000","-987,000,000","-807,200,000","-821,000,000","-787,300,000","-58,400,000","-976,500,000","-977,600,000","-957,900,000","-939,000,000","-889,700,000","-883,700,000","-860,500,000","-851,200,000","-819,500,000","-840,400,000","-812,300,000","-885,100,000","-717,700,000","-700,900,000","-700,300,000","-649,400,000","-655,600,000","-633,700,000","-620,000,000","-632,000,000","-558,700,000","-537,500,000","-529,200,000",,,,,,,,,,,,,,,,,,
	OtherOperatingExpenses,,,,,,,,,,,,,,,,,,,,,,,,,,,,,,,,,,,,,,,,,,,,,,,,,,,,,,,"425,000,000",,"2,078,000,000",,"2,918,000,000","2,445,000,000","2,903,000,000","1,018,000,000","2,818,000,000","2,248,000,000","3,181,000,000","2,661,000,000","2,583,000,000","2,578,000,000","2,556,000,000","2,699,000,000","2,561,000,000","2,621,000,000","2,622,000,000","2,627,000,000","2,497,000,000","2,500,000,000","2,486,000,000","2,317,000,000","2,365,000,000","2,467,000,000","2,282,000,000","2,262,000,000","1,966,000,000","2,082,000,000","2,019,000,000","2,030,000,000","1,760,000,000","1,815,000,000","1,813,000,000",,,,,,,,,,,,,,,,,,,,,,,,,,,,,,,,,,,,,,,,,,,,,,,,,,,,,,,,,,
OperatingIncome,"2,090,000,000","974,000,000","-801,000,000","672,000,000","1,245,000,000","713,000,000","441,000,000","594,000,000","1,033,000,000","524,000,000","360,000,000","413,000,000","872,000,000","499,000,000","262,000,000","-16,000,000","799,000,000","489,000,000","265,000,000","-118,000,000","343,000,000","629,000,000","422,000,000","405,000,000","450,000,000","717,000,000","413,000,000","277,000,000","441,000,000","635,000,000","417,000,000","445,000,000","469,000,000","515,000,000","364,000,000","382,000,000","410,000,000","461,000,000","339,000,000","394,000,000","402,000,000","435,000,000","341,000,000","434,000,000","396,000,000","422,000,000","263,000,000","268,000,000","273,000,000","202,000,000","209,000,000","227,000,000","383,000,000","256,000,000","241,000,000","255,000,000","285,000,000","72,000,000","345,000,000","399,000,000","311,000,000","279,000,000","173,000,000","310,000,000","335,000,000","237,000,000","210,000,000","323,000,000","348,000,000","325,000,000","220,000,000","316,000,000","334,000,000","364,000,000","261,000,000","272,000,000","284,000,000","340,000,000","231,000,000","46,000,000","210,000,000","130,000,000","217,000,000","95,000,000","84,000,000","202,000,000","282,000,000","261,000,000","249,000,000","-8,975,000,000","3,272,000,000","3,162,000,000","3,281,000,000","-7,808,600,000","2,976,300,000","2,985,200,000","2,865,100,000","-7,246,100,000","2,705,500,000","2,681,200,000","2,678,800,000","-4,540,700,000","1,751,500,000","1,753,400,000","1,729,400,000","-5,632,100,000","2,118,800,000","2,118,800,000","2,097,300,000","-4,850,200,000","1,920,200,000","1,910,100,000","1,880,100,000","1,828,500,000","1,773,700,000","1,803,400,000","1,762,600,000","1,784,400,000","1,535,400,000","1,204,900,000","1,221,900,000","1,390,100,000","1,406,800,000","1,361,400,000","1,331,300,000","1,347,800,000","1,211,900,000","1,174,200,000","1,149,900,000","2,460,600,000","592,300,000","571,300,000","574,500,000","3,122,500,000","656,800,000","654,900,000","680,200,000","2,950,700,000","616,100,000","563,300,000","548,100,000","2,050,500,000","493,600,000","449,900,000","354,500,000","1,490,100,000","337,000,000"
NetNonOperatingInterestIncomeExpense,"-311,000,000","-83,000,000","-77,000,000","-75,000,000","-76,000,000","-81,000,000","-77,000,000","-89,000,000","-81,000,000","-76,000,000","-77,000,000","-76,000,000","-70,000,000","-70,000,000","-69,000,000","-68,000,000","-66,000,000","-64,000,000","-60,000,000","-63,000,000","-68,000,000","-67,000,000","-69,000,000","-70,000,000","-67,000,000","-64,000,000","-69,000,000","-64,000,000","-62,000,000","-64,000,000","-62,000,000","-63,000,000","-56,000,000","-54,000,000","-50,000,000","-46,000,000","-51,000,000","-51,000,000","-56,000,000","-55,000,000","-56,000,000","-55,000,000","-56,000,000","-59,000,000","-57,000,000","-59,000,000","-46,000,000","-29,000,000","-33,000,000","-5,000,000","-32,000,000","-26,000,000","-29,000,000","-30,000,000","-32,000,000","-31,000,000",,,,,,,,,,,,,,,,,,,,,,,,,,,,,,,,,,,,,,,,,,,,,,,,,,,,,,,,,,,,,,,,,,,,,,,,,,,,,,,,,,,,,,,,,,,
	InterestIncomeNonOperating,"11,000,000","2,000,000","3,000,000","3,000,000","3,000,000","1,000,000","3,000,000","0","2,000,000","4,000,000","1,000,000","1,000,000","2,000,000","0","0","1,000,000","4,000,000","7,000,000","10,000,000","8,000,000","2,000,000","3,000,000","1,000,000","3,000,000","2,000,000","4,000,000","3,000,000","4,000,000","3,000,000","3,000,000","3,000,000","2,000,000","2,000,000","3,000,000","3,000,000","2,000,000","1,000,000","4,000,000","1,000,000","2,000,000","3,000,000","4,000,000","4,000,000","4,000,000","6,000,000","6,000,000","4,000,000","4,000,000","1,000,000",,,,,,,,,,,,,,,,,,,,,,,,,,,,,,,,,,,,,,,,,,,,,,,,,,,,,,,,,,,,,,,,,,,,,,,,,,,,,,,,,,,,,,,,,,,,,,,,,,
	InterestExpenseNonOperating,"322,000,000","85,000,000","80,000,000","78,000,000","79,000,000","82,000,000","80,000,000","89,000,000","83,000,000","80,000,000","78,000,000","77,000,000","72,000,000","70,000,000","69,000,000","69,000,000","70,000,000","71,000,000","70,000,000","71,000,000","70,000,000","70,000,000","70,000,000","73,000,000","69,000,000","68,000,000","72,000,000","68,000,000","65,000,000","67,000,000","65,000,000","65,000,000","58,000,000","57,000,000","53,000,000","48,000,000","52,000,000","55,000,000","57,000,000","57,000,000","59,000,000","59,000,000","60,000,000","63,000,000","63,000,000","65,000,000","50,000,000","33,000,000","34,000,000","35,000,000","32,000,000","26,000,000","29,000,000","30,000,000","32,000,000","31,000,000",,,,,,,,,,,,,,,,,,,,,,,,,,,,,,,,,,,,,,,,,,,,,,,,,,,,,,,,,,,,,,,,,,,,,,,,,,,,,,,,,,,,,,,,,,,
OtherIncomeExpense,"152,000,000","145,000,000","10,000,000","-1,000,000","-2,000,000","-6,000,000","-1,000,000","-10,000,000","29,000,000","-7,000,000","2,000,000","6,000,000",,"-8,000,000","1,000,000","-3,000,000","-15,000,000","-19,000,000","-5,000,000","-5,000,000","-10,000,000","9,000,000","9,000,000",,"18,000,000","49,000,000","8,000,000","1,000,000","42,000,000","10,000,000","35,000,000","-2,000,000","1,000,000","14,000,000","39,000,000","6,000,000","9,000,000","0","-9,000,000","12,000,000",,"4,000,000","7,000,000","-23,000,000","17,000,000",,"-9,000,000","5,000,000","7,000,000","21,000,000","1,000,000","9,000,000","-11,000,000","-48,000,000","3,000,000","2,000,000","-4,000,000","0",,,,"-1,000,000",,,,"-1,000,000",,,"-1,000,000",,,,,,,,,,"18,000,000",,,,"-53,000,000",,,,,,,,,,,,,,,"2,564,900,000","-963,800,000","-922,300,000","-887,100,000","1,410,400,000","-534,100,000","-554,800,000","-529,400,000","1,368,700,000","-531,300,000","-532,100,000","-512,800,000","1,111,700,000","-471,100,000","-471,300,000","-445,500,000","-443,000,000","-404,600,000","-433,300,000","-399,500,000","-469,000,000","-307,500,000","1,000,000","2,100,000","-251,300,000","-254,300,000","-241,600,000","-231,600,000","-235,500,000","-219,700,000","-216,800,000","-221,000,000",,,,,,,,,,,,,,,,,,
	GainOnSaleOfSecurity,"-19,000,000","2,000,000","1,000,000","-13,000,000","-9,000,000","-10,000,000","-6,000,000","-6,000,000","-2,000,000","-10,000,000","-3,000,000","-2,000,000",,,,,,,,,,,,,,,,,,,,,,,,,,,,,,,,,,,,,,,,,,,,,,,,,,,,,,,,,,,,,,,,,,,,,,,,,,,,,,,,,,,,,,"1,200,000","2,700,000",,"2,400,000","5,000,000","3,100,000",,,"9,500,000","1,600,000","1,400,000","600,000","600,000","1,800,000","1,700,000","1,700,000","8,600,000","14,600,000","1,400,000","2,000,000",,,"1,000,000","2,100,000","600,000","900,000","1,000,000","2,100,000","1,200,000","1,100,000","1,300,000","1,300,000",,,,,,,,,,,,,,,,,,
	EarningsFromEquityInterest,"8,000,000","1,000,000","3,000,000","3,000,000","1,000,000","1,000,000","1,000,000","1,000,000","1,000,000","1,000,000","1,000,000","1,000,000",,,,,,,,,,,,,,,,,,,,,,,,,,,,,,,,,,,,,,,,,,,,,,,,,,,,,,,,,,,,,,,,,,,,,,,,,,,,,,,,,,,,,,,,,,,,,,,,,,,,,,,,,,,,,,,,,,,,,,,,,,,,,,,,,,,,,,,
	SpecialIncomeCharges,"142,000,000","140,000,000","1,000,000","1,000,000","0","0","0","-7,000,000","25,000,000","5,000,000","1,000,000","2,000,000",,,,,,,,,,,,,,,,,,,,,,,,,,,"-9,000,000","12,000,000","0","4,000,000","7,000,000","-23,000,000","17,000,000","-3,000,000","-9,000,000","5,000,000","7,000,000","21,000,000","1,000,000","9,000,000","-11,000,000","-48,000,000","3,000,000","2,000,000","-4,000,000","0","0","0",,"-1,000,000","0","0","0","-1,000,000","0","0","-1,000,000","-180,000,000","0","0","0","14,000,000","0","0","0","-18,000,000","18,000,000","0","0","53,000,000","-53,000,000","0","0","0","0","0","0",,,,,,,,,"2,563,700,000","-966,500,000","-922,300,000","-889,500,000","1,405,400,000","-537,200,000","-554,800,000","-529,400,000","1,359,200,000","-532,900,000","-533,500,000","-513,400,000","1,111,100,000","-472,900,000","-473,000,000","-447,200,000","-451,600,000","-419,200,000","-434,700,000","-401,500,000","-473,200,000","-307,500,000",,,"-251,900,000","-255,200,000","-242,600,000","-233,700,000","-236,700,000","-220,800,000","-218,100,000","-222,300,000",,,,,,,,,,,,,,,,,,
		RestructuringAndMergernAcquisition,,,,,,,,,,,,,,,,,,,,,,,,,,,,,,,,,,,,,,,,,,,,,,,,,,,,,,,,,,,,,,,,,,,,,,,,,,,,,,,,,,,,,,,,,,,,,,,,,,"-2,570,000,000","966,500,000","922,300,000","889,500,000","-1,413,500,000","537,200,000","554,800,000","529,400,000","-1,372,300,000","532,900,000","533,500,000","513,400,000","-1,116,900,000","472,900,000","473,000,000","447,200,000","451,600,000","419,200,000","434,700,000","401,500,000","473,200,000","307,500,000",,,"251,900,000","255,200,000","242,600,000","233,700,000","236,700,000","220,800,000","218,100,000","222,300,000",,,,,,,,,,,,,,,,,,
		OtherSpecialCharges,,,,,"-6,000,000","0","-4,000,000","7,000,000","-4,000,000","3,000,000","-3,000,000","-5,000,000",,,,,,,,,,,,,,,,,,,,,,,,,,,,,,,,,,,,,,,,,,,,,,,,,,,,,,,,,,,,,,,,,,,,,,,,,,,,,,,,,,,,,,,,,,,,,,,,,,,,,,,,,,,,,,,,,,,,,,,,,,,,,,,,,,,,,,,
		GainOnSaleOfBusiness,"142,000,000","140,000,000","1,000,000","1,000,000","0","0","0","0","25,000,000","5,000,000","1,000,000","2,000,000",,,,,,,,,,,,,,,,,,,,,,,,,,,,,,,,,,,,,,,,,,,,,,,,,,,,,,,,,,,,,,,,,,,,,,,,,,,,,,,,,,,,,,,,,,,,,,,,,,,,,,,,,,,,,,,,,,,,,,,,,,,,,,,,,,,,,,,
	OtherNonOperatingIncomeExpenses,"21,000,000","2,000,000","5,000,000","8,000,000","6,000,000","3,000,000","4,000,000","2,000,000","5,000,000","-3,000,000","3,000,000","5,000,000",,"-8,000,000","1,000,000","-3,000,000","-15,000,000","-19,000,000","-5,000,000","-5,000,000","-10,000,000","9,000,000","9,000,000",,"18,000,000","49,000,000","8,000,000","1,000,000","42,000,000","10,000,000","35,000,000","-2,000,000","1,000,000","14,000,000","39,000,000","6,000,000","9,000,000",,,,,,,,,,,,,,,,,,,,,,,,,,,,,,,,,,,,,,,,,,,,,,,,,,,,,,,,,,,,,,,,,,,,,,,,,,,,,,,,,,,,,,,,,,,,,,,,,,,,,,,,,,,,,,
PretaxIncome,"1,931,000,000","1,036,000,000","-868,000,000","596,000,000","1,167,000,000","626,000,000","363,000,000","495,000,000","981,000,000","441,000,000","285,000,000","343,000,000","802,000,000","421,000,000","194,000,000","-87,000,000","718,000,000","406,000,000","200,000,000","-186,000,000","265,000,000","571,000,000","362,000,000","335,000,000","401,000,000","702,000,000","352,000,000","214,000,000","421,000,000","581,000,000","390,000,000","380,000,000","414,000,000","475,000,000","353,000,000","342,000,000","368,000,000","410,000,000","274,000,000","351,000,000","346,000,000","384,000,000","292,000,000","352,000,000","356,000,000","360,000,000","208,000,000","244,000,000","247,000,000","218,000,000","178,000,000","210,000,000","343,000,000","178,000,000","212,000,000","226,000,000","256,000,000","36,000,000","312,000,000","365,000,000","311,000,000","248,000,000","139,000,000","276,000,000","304,000,000","205,000,000","181,000,000","292,000,000","313,000,000","110,000,000","188,000,000","281,000,000","300,000,000","356,000,000","237,000,000","245,000,000","256,000,000","289,000,000","217,000,000","16,000,000","181,000,000","154,000,000","133,000,000","64,000,000","48,000,000","164,000,000","244,000,000","228,000,000","218,000,000","70,000,000","229,000,000","250,000,000","86,000,000","269,500,000","204,700,000","229,300,000","227,500,000","226,400,000","167,600,000","141,200,000","6,400,000","70,700,000","128,000,000","101,300,000","145,600,000","-11,700,000","151,600,000","149,600,000","168,500,000","128,400,000","129,500,000","131,700,000","148,000,000","114,900,000","124,100,000","112,900,000","127,200,000","2,500,000","89,500,000","93,700,000","104,800,000","80,600,000","85,700,000","83,900,000","81,300,000","72,500,000","83,700,000","88,900,000","80,100,000",,,,,,,,,,,,,,,,,,
TaxProvision,"623,000,000","163,000,000","23,000,000","203,000,000","234,000,000","92,000,000","82,000,000","85,000,000","189,000,000","59,000,000","56,000,000","56,000,000","126,000,000","137,000,000","39,000,000","-144,000,000","114,000,000","389,000,000","4,000,000","-143,000,000","0","62,000,000","48,000,000","55,000,000","74,000,000","112,000,000","49,000,000","26,000,000","80,000,000","114,000,000","75,000,000","67,000,000","78,000,000","115,000,000","89,000,000","90,000,000","96,000,000","103,000,000","64,000,000","96,000,000","97,000,000","104,000,000","84,000,000","87,000,000","103,000,000","118,000,000","61,000,000","60,000,000","61,000,000","56,000,000","47,000,000","57,000,000","108,000,000","51,000,000","59,000,000","58,000,000","77,000,000","2,000,000","124,000,000","127,000,000","99,000,000","60,000,000","49,000,000","103,000,000","106,000,000","61,000,000","60,000,000","99,000,000","113,000,000","26,000,000","67,000,000","101,000,000","108,000,000","132,000,000","88,000,000","90,000,000","95,000,000","107,000,000","79,000,000","6,000,000","67,000,000","61,000,000","51,000,000","25,000,000","19,000,000","64,000,000","95,000,000","89,000,000","85,000,000","17,000,000","91,000,000","99,000,000","36,000,000","89,400,000","80,600,000","89,800,000","89,200,000","73,800,000","66,600,000","57,000,000","5,700,000","24,500,000","44,200,000","36,000,000","49,100,000","-5,500,000","51,600,000","50,900,000","57,300,000","42,400,000","42,800,000","43,500,000","48,900,000","37,000,000","46,300,000","33,800,000","38,200,000","5,100,000","24,600,000","25,700,000","28,800,000","21,800,000","23,100,000","22,600,000","22,000,000","19,200,000","22,200,000","23,600,000","21,200,000",,,,,,,,,,,,,,,,,,
NetIncomeCommonStockholders,"1,255,000,000","863,000,000","-900,000,000","379,000,000","913,000,000","524,000,000","275,000,000","398,000,000","772,000,000","374,000,000","222,000,000","277,000,000","659,000,000","345,000,000","147,000,000","48,000,000","594,000,000","-19,000,000","185,000,000","769,000,000","291,000,000","502,000,000","307,000,000","272,000,000","315,000,000","584,000,000","295,000,000","178,000,000","328,000,000","459,000,000","309,000,000","304,000,000","325,000,000","355,000,000","256,000,000","241,000,000","261,000,000","305,000,000","204,000,000","246,000,000","238,000,000","277,000,000","198,000,000","258,000,000","246,000,000","231,000,000","144,000,000","153,000,000","178,000,000","198,000,000","120,000,000","149,000,000","280,000,000","-6,000,000","117,000,000","1,133,000,000","218,000,000","207,000,000","204,000,000","240,000,000","213,000,000","223,000,000","106,000,000","193,000,000","198,000,000","224,000,000","121,000,000","191,000,000","199,000,000","80,000,000","121,000,000","173,000,000","169,000,000","214,000,000","114,000,000","146,000,000","151,000,000","177,000,000","127,000,000","0","103,000,000","82,000,000","71,000,000","29,000,000","18,000,000","82,000,000","138,000,000","129,000,000","122,000,000","12,000,000","137,000,000","150,000,000","49,000,000","138,000,000","123,500,000","138,800,000","137,700,000","111,400,000","97,600,000","80,900,000","-2,700,000","42,600,000","78,800,000","81,200,000","113,800,000","87,600,000","94,200,000","91,900,000","104,400,000","53,600,000","86,700,000","88,200,000","99,100,000","77,900,000","77,800,000","79,100,000","89,000,000","-82,200,000","64,900,000","68,000,000","76,000,000","58,800,000","62,600,000","61,300,000","59,300,000","53,300,000","61,500,000","65,300,000","58,900,000","59,400,000","57,800,000","61,500,000","53,700,000","40,100,000","40,700,000","51,500,000","47,300,000","44,800,000","45,200,000","51,700,000","43,300,000","48,600,000","48,100,000","48,100,000","38,700,000","42,600,000","42,000,000"
	NetIncome,"1,255,000,000","863,000,000","-900,000,000","379,000,000","913,000,000","524,000,000","275,000,000","398,000,000","772,000,000","374,000,000","222,000,000","277,000,000","659,000,000","345,000,000","147,000,000","48,000,000","594,000,000","-19,000,000","185,000,000","769,000,000","291,000,000","502,000,000","307,000,000","272,000,000","315,000,000","584,000,000","295,000,000","178,000,000","328,000,000","459,000,000","309,000,000","304,000,000","325,000,000","355,000,000","256,000,000","241,000,000","261,000,000","305,000,000","204,000,000","246,000,000","238,000,000","277,000,000","198,000,000","258,000,000","246,000,000","231,000,000","144,000,000","153,000,000","178,000,000","198,000,000","120,000,000","149,000,000","280,000,000","-6,000,000","117,000,000","1,133,000,000","218,000,000","207,000,000","204,000,000","240,000,000","213,000,000","223,000,000","106,000,000","193,000,000","198,000,000","224,000,000","122,000,000","191,000,000","200,000,000","81,000,000","122,000,000","173,000,000","170,000,000","215,000,000","115,000,000","146,000,000","152,000,000","178,000,000","128,000,000","0","104,000,000","83,000,000","72,000,000","29,000,000","19,000,000","83,000,000","139,000,000","129,000,000","123,000,000","13,000,000","138,000,000","151,000,000","50,000,000","139,100,000","124,100,000","139,500,000","138,300,000","112,900,000","101,000,000","84,200,000","700,000","46,200,000","83,800,000","86,300,000","118,900,000","92,900,000","100,000,000","98,700,000","111,200,000","86,000,000","86,700,000","88,200,000","99,100,000","77,900,000","77,800,000","79,100,000","89,000,000","-82,200,000","64,900,000","68,000,000","76,000,000","58,800,000","62,600,000","61,300,000","59,300,000","53,300,000","61,500,000","65,300,000","58,900,000","59,400,000","57,800,000","61,500,000","53,700,000","40,100,000","40,700,000","51,500,000","47,300,000","44,900,000","45,200,000","51,700,000","43,300,000","49,300,000","48,100,000","48,100,000","38,700,000","43,300,000","42,000,000"
		NetIncomeIncludingNoncontrollingInterests,"1,308,000,000","873,000,000","-891,000,000","393,000,000","933,000,000","534,000,000","282,000,000","411,000,000","791,000,000","382,000,000","228,000,000","287,000,000","676,000,000","353,000,000","153,000,000","58,000,000","610,000,000","-12,000,000","192,000,000","778,000,000","305,000,000","509,000,000","314,000,000","280,000,000","327,000,000","590,000,000","303,000,000","188,000,000","341,000,000","467,000,000","315,000,000","313,000,000","336,000,000","360,000,000","264,000,000","252,000,000","272,000,000","307,000,000","210,000,000","254,000,000","249,000,000","280,000,000","208,000,000","267,000,000","255,000,000","241,000,000","147,000,000","158,000,000","186,000,000","218,000,000","134,000,000","155,000,000","285,000,000","-6,000,000","117,000,000","1,133,000,000","218,000,000","207,000,000","204,000,000","240,000,000","213,000,000","223,000,000","106,000,000","193,000,000","198,000,000","224,000,000","122,000,000","191,000,000","200,000,000","81,000,000","122,000,000","173,000,000","170,000,000","224,000,000","124,000,000","155,000,000","161,000,000","182,000,000","138,000,000","10,000,000","114,000,000","93,000,000","82,000,000","39,000,000","29,000,000","93,000,000","149,000,000","139,000,000","133,000,000","83,000,000","128,000,000","141,000,000","40,000,000","210,900,000","113,900,000","129,200,000","128,000,000","182,300,000","90,800,000","73,500,000","-8,100,000","46,200,000","83,800,000","86,300,000","118,900,000","92,900,000","100,000,000","98,700,000","111,200,000","86,000,000","86,700,000","88,200,000","99,100,000","77,900,000","77,800,000","79,100,000","89,000,000","-82,200,000","64,900,000","68,000,000","76,000,000","58,800,000","62,600,000","61,300,000","59,300,000","53,300,000","61,500,000","65,300,000","58,900,000","59,400,000","57,800,000","61,500,000","53,700,000","40,100,000","40,700,000","51,500,000","47,300,000","44,900,000","45,200,000","51,700,000","43,300,000","49,300,000","48,100,000","48,100,000","38,700,000","43,300,000","42,000,000"
			NetIncomeContinuousOperations,"1,308,000,000","873,000,000","-891,000,000","393,000,000","933,000,000","534,000,000","281,000,000","410,000,000","792,000,000","382,000,000","229,000,000","287,000,000","676,000,000","284,000,000","155,000,000","57,000,000","604,000,000","17,000,000","196,000,000","-43,000,000","265,000,000","509,000,000","314,000,000","280,000,000","327,000,000","590,000,000","303,000,000","188,000,000","341,000,000","467,000,000","315,000,000","313,000,000","336,000,000","360,000,000","264,000,000","252,000,000","272,000,000","307,000,000","210,000,000","255,000,000","249,000,000","280,000,000","208,000,000","265,000,000","253,000,000","242,000,000","147,000,000","184,000,000","186,000,000","162,000,000","131,000,000","153,000,000","235,000,000","127,000,000","153,000,000","168,000,000","179,000,000","34,000,000","188,000,000","238,000,000","212,000,000","188,000,000","90,000,000","181,000,000","198,000,000","144,000,000","121,000,000","193,000,000","200,000,000","84,000,000","121,000,000","180,000,000","192,000,000","215,000,000","140,000,000","146,000,000","151,000,000","180,000,000","127,000,000","0","103,000,000","83,000,000","72,000,000","29,000,000","19,000,000","92,000,000","138,000,000","129,000,000","122,000,000","10,000,000","138,000,000","151,000,000","50,000,000","139,100,000","124,100,000","139,500,000","138,300,000","112,900,000","101,000,000","84,200,000","700,000","46,200,000","83,800,000","65,300,000","96,500,000","-6,200,000","100,000,000","98,700,000","111,200,000","86,000,000","86,700,000","88,200,000","99,100,000","77,900,000","77,800,000","79,100,000","89,000,000","-2,600,000","64,900,000","68,000,000","76,000,000","58,800,000","62,600,000","61,300,000","59,300,000","53,300,000","61,500,000","65,300,000","58,900,000","59,400,000","57,800,000","61,500,000","53,700,000","40,100,000","40,700,000","51,500,000","47,300,000","44,900,000","45,200,000","51,700,000","43,300,000","49,300,000","48,100,000","48,100,000","38,700,000","43,300,000","42,000,000"
			NetIncomeDiscontinuousOperations,,,,,,"0","1,000,000","1,000,000","-1,000,000","0","-1,000,000","0","0","69,000,000","-2,000,000","1,000,000","6,000,000","-29,000,000","-4,000,000","821,000,000","40,000,000",,,,,,,,,,,,,,"0","0",,"0","0","-1,000,000","0","0","0","2,000,000","2,000,000","-1,000,000","0","-26,000,000","0","56,000,000","3,000,000","2,000,000","50,000,000","-133,000,000","-36,000,000","965,000,000","39,000,000","173,000,000","16,000,000","2,000,000","1,000,000","35,000,000","16,000,000","12,000,000","-1,000,000","45,000,000","4,000,000","-6,000,000","0","47,000,000","-2,000,000","-7,000,000","-22,000,000","0","-25,000,000",,,,,,,,,,,,,,,,,,,,,,,,,,,"0",,"21,000,000","22,400,000",,,,,,,,,,,,,,,,,,,,,,,,,,,,,,,,,,,,,,,,,,
			NetIncomeExtraordinary,,,,,,,,,,,,,,,,,,,,,,,,,,,,,,,,,,,,,,,,,,,,,,,,,,,,,,,,,,"0","0","0","0","0","0","0","1,000,000",,,,,,,,,,,,,,,,,"0","0","0","0",,,,,,,,,,,,,,,,,,,,,,,,,,,,,,,,,,,,,,,,,,,,,,,,,,,,,,,,,,,,,,
		MinorityInterests,"-53,000,000","-10,000,000","-9,000,000","-14,000,000","-20,000,000","-10,000,000","-7,000,000","-13,000,000","-19,000,000","-8,000,000","-6,000,000","-10,000,000","-17,000,000","-8,000,000","-6,000,000","-10,000,000","-16,000,000","-7,000,000","-7,000,000","-9,000,000","-14,000,000","-7,000,000","-7,000,000","-8,000,000","-12,000,000","-6,000,000","-8,000,000","-10,000,000","-13,000,000","-8,000,000","-6,000,000","-9,000,000","-11,000,000","-5,000,000","-8,000,000","-11,000,000","-11,000,000","-2,000,000","-6,000,000","-8,000,000","-11,000,000","-3,000,000","-10,000,000","-9,000,000","-9,000,000","-10,000,000","-3,000,000","-5,000,000","-8,000,000","-20,000,000","-14,000,000","-6,000,000","-5,000,000",,,,,,,,,,,,,,,,,"0","0",,"0","-9,000,000","-9,000,000","-9,000,000","-9,000,000","-4,000,000","-10,000,000","-10,000,000","-10,000,000","-10,000,000","-10,000,000","-10,000,000","-10,000,000","-10,000,000","-10,000,000","-10,000,000","-10,000,000","-70,000,000","10,000,000","10,000,000","10,000,000","-71,800,000","10,200,000","10,300,000","10,300,000","-69,400,000","10,200,000","10,700,000","8,800,000",,,,,,,,,,,,,,,,,,,,,,,,,,,,,,,,,,,,,,,,,,,,,,
	PreferredStockDividends,,,,,,,,,,,,,,,,,,,,,,,,,,,,,,,,,,,,,,,,,,,,,,,,,,,,,,,,,,,,,,,,,,"0","1,000,000",,"1,000,000","1,000,000","1,000,000",,"1,000,000","1,000,000","1,000,000",,"1,000,000","1,000,000","1,000,000",,"1,000,000","1,000,000","1,000,000",,"1,000,000","1,000,000","1,000,000",,"1,000,000","1,000,000","1,000,000","1,000,000","1,000,000","1,100,000","600,000","700,000","600,000","1,500,000","3,400,000","3,300,000","3,400,000","3,600,000","5,000,000","5,100,000","5,100,000","5,300,000","5,800,000","6,800,000","6,800,000",,,,,,,,,,,,,,,,,,,,,,,,,,,,,,,,,,,,,,
DilutedNIAvailtoComStockholders,"1,255,000,000","863,000,000","-900,000,000","379,000,000","913,000,000","524,000,000","275,000,000","398,000,000","772,000,000","374,000,000","222,000,000","277,000,000","659,000,000","345,000,000","147,000,000","48,000,000","594,000,000","-19,000,000","185,000,000","769,000,000","291,000,000","502,000,000","307,000,000","272,000,000","315,000,000","584,000,000","295,000,000","178,000,000","328,000,000","459,000,000","309,000,000","304,000,000","325,000,000","355,000,000","256,000,000","241,000,000","261,000,000","305,000,000","204,000,000","246,000,000","238,000,000","277,000,000","198,000,000","258,000,000","246,000,000","231,000,000","144,000,000","153,000,000","178,000,000","198,000,000","120,000,000","149,000,000","280,000,000","-6,000,000","117,000,000","1,133,000,000","218,000,000","212,000,000","204,000,000","240,000,000","213,000,000","223,000,000","106,000,000","193,000,000","198,000,000","224,000,000","121,000,000","191,000,000","199,000,000","80,000,000","121,000,000","173,000,000","169,000,000","214,000,000","114,000,000","146,000,000","151,000,000","177,000,000","127,000,000","0","103,000,000","82,000,000","71,000,000","29,000,000","18,000,000","82,000,000","138,000,000","129,000,000","122,000,000","12,000,000","137,000,000","150,000,000","49,000,000","138,000,000","123,500,000","138,800,000","137,700,000","111,400,000","97,600,000","80,900,000","-2,700,000","42,600,000","78,800,000","81,200,000","113,800,000","87,600,000","94,200,000","91,900,000","104,400,000","53,600,000","86,700,000","88,200,000","99,100,000","77,900,000","77,800,000","79,100,000","89,000,000","-82,200,000","64,900,000","68,000,000","76,000,000","58,800,000","62,600,000","61,300,000","59,300,000","53,300,000","61,500,000","65,300,000","58,900,000","59,400,000","57,800,000","61,500,000","53,700,000","40,100,000","40,700,000","51,500,000","47,300,000","44,800,000","45,200,000","51,700,000","43,300,000","48,600,000","48,100,000","48,100,000","38,700,000","42,600,000","42,000,000"
BasicEPS,,"3.94","-3.99","1.67","4.02","2.29","1.18","1.71","3.31","1.59","0.94","1.15","2.72","1.42","0.6","0.2","2.39","-0.08","0.72","2.93","1.1","1.89","1.15","1.01","1.16","2.12","1.05","0.63","1.15","1.6","1.06","1.02","1.07","1.16","0.83","0.77","0.82","0.95","0.62","0.74","0.72",,"0.59","0.76","0.72",,"0.52","0.55","0.65",,"0.42","0.53","0.99",,"0.43","3.91","0.72",,"0.69","0.81","0.71",,"0.34","0.6","0.61",,"0.37","0.59","0.62",,"0.38","0.54","0.53",,"0.36","0.46","0.48",,"0.46","0","0.38",,"0.26","0.11","0.07",,"0.53","0.5","0.47",,"0.53","0.58","0.13",,"0.48","0.55","0.55",,"0.38","0.32","-0.01",,"0.32","0.33","0.47",,"0.39","0.38","0.43",,"0.34","0.34","0.26",,"0.3","0.31","0.35",,"0.27","0.29","0.33",,"0.29","0.28","0.27",,"0.27","0.29","0.26",,"0.26","0.28","0.25",,"0.19","0.24","0.22",,"0.21","0.23","0.19",,"0.21","0.21","0.17",,"0.19"
DilutedEPS,,"3.9","-3.99","1.66","4","2.27","1.18","1.7","3.29","1.58","0.93","1.14","2.7","1.41","0.6","0.19","2.37","-0.08","0.72","2.93","1.09","1.87","1.14","1.01","1.15","2.09","1.04","0.62","1.14","1.56","1.04","1.01","1.06","1.14","0.82","0.76","0.82","0.93","0.62","0.73","0.71",,"0.59","0.75","0.71",,"0.51","0.54","0.63",,"0.41","0.52","0.97",,"0.4","3.71","0.68",,"0.64","0.75","0.66",,"0.32","0.57","0.57",,"0.36","0.57","0.59",,"0.36","0.52","0.53",,"0.36","0.46","0.48",,"0.46","0","0.37",,"0.26","0.11","0.07",,"0.53","0.49","0.47",,"0.52","0.57","0.13",,"0.47","0.54","0.53",,"0.38","0.32","-0.01",,"0.32","0.33","0.46",,"0.39","0.38","0.43",,"0.34","0.34","0.26",,"0.3","0.31","0.35",,"0.27","0.29","0.33",,"0.29","0.28","0.27",,"0.27","0.29","0.26",,"0.26","0.28","0.25",,"0.19","0.24","0.22",,"0.21","0.23","0.19",,"0.21","0.21","0.17",,"0.19"
BasicAverageShares,,"219,300,000","225,400,000","227,000,000","227,100,000","229,200,000","232,600,000","232,700,000","233,200,000","234,700,000","236,900,000","240,600,000","242,200,000","242,400,000","244,000,000","246,000,000","248,500,000","251,300,000","255,600,000","262,400,000","264,800,000","265,608,466","267,500,000","269,306,931","271,700,000","275,471,698","280,900,000","284,500,000","284,200,000","286,875,000","292,300,000","298,500,000","303,738,318","306,034,483","308,433,735","313,700,000","318,292,683","321,052,632","329,032,258","332,432,432","330,555,556",,"335,593,220","339,473,684","341,666,667",,"276,923,077","278,181,818","275,900,000",,"285,714,286","281,132,075","284,300,000",,"272,093,023","289,000,000","304,000,000",,"321,500,000","296,000,000","300,000,000",,"311,764,706","321,666,667","324,590,164",,"327,027,027","323,728,814","320,967,742",,"318,421,053","320,370,370","318,867,925",,"316,666,667","317,391,304","314,583,333",,"276,086,957","271,052,632","271,052,632",,"273,076,923","263,636,364","257,142,857",,"260,377,358","258,000,000","259,574,468",,"264,200,000","263,700,000","261,800,000",,"260,720,000","258,171,000","256,972,000",,"256,072,000","253,823,000","253,673,000",,"245,904,000","246,803,000","246,579,000",,"242,982,000","243,656,000","244,331,000",,"255,000,000","259,411,765","227,237,000",,"259,333,333","255,161,290","254,285,714",,"240,370,370","234,482,759","230,303,030",,"215,862,069","218,928,571","219,629,630",,"227,777,778","225,172,414","226,538,462",,"222,307,692","219,642,857","214,800,000",,"214,210,526","214,583,333","215,000,000",,"215,238,095","224,782,609","227,894,737",,"229,047,619","229,047,619","227,647,059",,"221,052,632"
DilutedAverageShares,,"221,200,000","225,400,000","228,000,000","228,100,000","230,900,000","233,500,000","233,600,000","234,500,000","237,000,000","239,100,000","242,800,000","243,700,000","245,000,000","245,600,000","247,400,000","250,200,000","254,500,000","257,300,000","262,400,000","267,000,000","268,300,000","269,600,000","269,800,000","273,700,000","279,300,000","283,800,000","286,700,000","287,100,000","293,400,000","296,100,000","301,600,000","307,200,000","311,400,000","312,900,000","317,100,000","320,000,000","327,500,000","331,000,000","335,600,000","336,600,000",,"336,900,000","342,700,000","345,400,000",,"282,200,000","282,600,000","283,400,000",,"292,100,000","289,100,000","288,800,000",,"290,300,000","305,300,000","319,800,000",,"321,500,000","321,900,000","324,400,000",,"340,100,000","344,800,000","350,200,000",,"342,700,000","338,500,000","337,100,000",,"337,400,000","337,100,000","321,300,000",,"318,600,000","318,200,000","315,200,000",,"277,100,000","278,000,000","276,600,000",,"275,400,000","270,200,000","267,900,000",,"262,800,000","261,700,000","260,500,000",,"264,200,000","263,700,000","261,800,000",,"260,720,000","258,171,000","256,972,000",,"256,072,000","253,823,000","253,673,000",,"245,904,000","246,803,000","246,579,000",,"242,982,000","243,656,000","244,331,000",,"255,000,000","259,411,765","227,237,000",,"259,333,333","255,161,290","254,285,714",,"240,370,370","234,482,759","230,303,030",,"215,862,069","218,928,571","219,629,630",,"227,777,778","225,172,414","226,538,462",,"222,307,692","219,642,857","214,800,000",,"214,210,526","214,583,333","215,000,000",,"215,238,095","224,782,609","227,894,737",,"229,047,619","229,047,619","227,647,059",,"221,052,632"
TotalOperatingIncomeAsReported,"2,090,000,000","974,000,000","-801,000,000","672,000,000","1,245,000,000","713,000,000","441,000,000","594,000,000","1,033,000,000","524,000,000","360,000,000","413,000,000","872,000,000","499,000,000","262,000,000","-16,000,000","799,000,000","489,000,000","265,000,000","-118,000,000","343,000,000","629,000,000","422,000,000","405,000,000","450,000,000","717,000,000","413,000,000","277,000,000","441,000,000","635,000,000","417,000,000","445,000,000","469,000,000","515,000,000","364,000,000","382,000,000","410,000,000","461,000,000","339,000,000","394,000,000","402,000,000","435,000,000","341,000,000","434,000,000","396,000,000","422,000,000","263,000,000","268,000,000","273,000,000","202,000,000","209,000,000","227,000,000","383,000,000",,"241,000,000","255,000,000","285,000,000","73,000,000","345,000,000","399,000,000","311,000,000","278,000,000","173,000,000","310,000,000","335,000,000","236,000,000","210,000,000","323,000,000","347,000,000","145,000,000","220,000,000","316,000,000","334,000,000","378,000,000","261,000,000","272,000,000","284,000,000","322,000,000","249,000,000","46,000,000","210,000,000","183,000,000","164,000,000","95,000,000","84,000,000","202,000,000","282,000,000","261,000,000","249,000,000",,,,,,,,,,,,,,,,,,,,,,,,,,,,,,,,,,,,,,,,,,,,,,,,,,,,,,,,,,
RentExpenseSupplemental,"327,000,000","76,000,000","98,000,000","76,000,000","77,000,000","74,000,000","70,000,000","74,000,000","73,000,000","91,000,000","76,000,000","85,000,000","87,000,000","87,000,000","94,000,000","96,000,000","93,000,000","89,000,000","89,000,000","86,000,000","84,000,000",,,,,,,,,,,,,,,,,,,,,,,,,,,,,,,,,,,,,,,,,,,,,,,,,,,,,,,,,,,,,,,,,,,,,,,,,,,,,,,,,,,,,,,,,,,,,,,,,,,,,,,,,,,,,,,,,,,,,,,,,,,,,,
TotalExpenses,"10,103,000,000","2,106,000,000","3,503,000,000","2,214,000,000","2,280,000,000","2,252,000,000","1,944,000,000","1,903,000,000","2,186,000,000","2,361,000,000","2,019,000,000","2,193,000,000","2,271,000,000","2,271,000,000","2,087,000,000","2,577,000,000","2,291,000,000","2,420,000,000","2,075,000,000","2,486,000,000","2,038,000,000","2,694,000,000","2,324,000,000","2,361,000,000","2,342,000,000","2,571,000,000","2,329,000,000","2,528,000,000","2,406,000,000","2,664,000,000","2,463,000,000","2,474,000,000","2,478,000,000","2,694,000,000","2,430,000,000","2,515,000,000","2,505,000,000","2,654,000,000","2,398,000,000","2,427,000,000","2,439,000,000","2,559,000,000","2,382,000,000","2,377,000,000","2,363,000,000","2,487,000,000","1,538,000,000","1,630,000,000","1,631,000,000","1,846,000,000","1,599,000,000","1,658,000,000","1,471,000,000","1,664,000,000","1,606,000,000","1,725,000,000","1,647,000,000","123,000,000","2,062,000,000","2,089,000,000","2,070,000,000","2,134,000,000","1,995,000,000","1,955,000,000","2,188,000,000","2,286,000,000","2,180,000,000","2,195,000,000","2,163,000,000","2,337,000,000","2,182,000,000","2,229,000,000","2,239,000,000","2,237,000,000","2,130,000,000","2,166,000,000","2,104,000,000","2,026,000,000","2,015,000,000","2,076,000,000","1,878,000,000","1,906,000,000","1,695,000,000","1,822,000,000","1,727,000,000","1,759,000,000","1,503,000,000","1,558,000,000","1,561,000,000","10,853,000,000","-1,502,000,000","-1,439,000,000","-1,582,000,000","9,510,400,000","-1,369,600,000","-1,362,200,000","-1,303,600,000","8,766,900,000","-1,254,500,000","-1,256,700,000","-1,324,500,000","5,610,100,000","-807,200,000","-821,000,000","-787,300,000","5,674,900,000","-976,500,000","-977,600,000","-957,900,000","5,930,600,000","-889,700,000","-883,700,000","-860,500,000","-851,200,000","-819,500,000","-840,400,000","-812,300,000","-885,100,000","-717,700,000","-400,400,000","-406,900,000","-649,400,000","-655,600,000","-633,700,000","-620,000,000","-632,000,000","-558,700,000","-537,500,000","-529,200,000",,,,,,,,,,,,,,,,,,
NetIncomeFromContinuingAndDiscontinuedOperation,"1,255,000,000","863,000,000","-900,000,000","379,000,000","913,000,000","524,000,000","275,000,000","398,000,000","772,000,000","374,000,000","222,000,000","277,000,000","659,000,000","345,000,000","147,000,000","48,000,000","594,000,000","-19,000,000","185,000,000","769,000,000","291,000,000","502,000,000","307,000,000","272,000,000","315,000,000","584,000,000","295,000,000","178,000,000","328,000,000","459,000,000","309,000,000","304,000,000","325,000,000","355,000,000","256,000,000","241,000,000","261,000,000","305,000,000","204,000,000","246,000,000","238,000,000","277,000,000","198,000,000","258,000,000","246,000,000","231,000,000","144,000,000","153,000,000","178,000,000","198,000,000","120,000,000","149,000,000","280,000,000","-6,000,000","117,000,000","1,133,000,000","218,000,000","207,000,000","204,000,000","240,000,000","213,000,000","223,000,000","106,000,000","193,000,000","197,000,000","224,000,000","122,000,000","191,000,000","200,000,000","81,000,000","122,000,000","173,000,000","170,000,000","215,000,000","115,000,000","146,000,000","152,000,000","178,000,000","128,000,000","0","104,000,000","83,000,000","72,000,000","29,000,000","19,000,000","90,000,000","139,000,000","129,000,000","123,000,000","13,000,000","138,000,000","151,000,000","50,000,000","139,100,000","124,100,000","139,500,000","138,300,000","112,900,000","101,000,000","84,200,000","700,000","46,200,000","83,800,000","86,300,000","118,900,000","92,900,000","100,000,000","98,700,000","111,200,000","86,000,000","86,700,000","88,200,000","99,100,000","77,900,000","77,800,000","79,100,000","89,000,000","-2,600,000","64,900,000","68,000,000","76,000,000","58,800,000","62,600,000","61,300,000","59,300,000","53,300,000","61,500,000","65,300,000","58,900,000","59,400,000","57,800,000","61,500,000","53,700,000","40,100,000","40,700,000","51,500,000","47,300,000","44,900,000","45,200,000","51,700,000","43,300,000","49,300,000","48,100,000","48,100,000","38,700,000","43,300,000","42,000,000"
NormalizedIncome,"1,171,729,000","743,341,698.842","-901,460,000","386,908,000","920,227,000","532,530,351.438","278,644,000","407,764,000","754,439,000","378,331,065.76","224,608,000","277,000,000","659,000,000","276,000,000","149,000,000","47,000,000","588,000,000","10,000,000","189,000,000","-52,000,000","251,000,000","502,000,000","307,000,000","272,000,000","315,000,000","584,000,000","295,000,000","178,000,000","328,000,000","459,000,000","309,000,000","304,000,000","325,000,000","355,000,000","256,000,000","241,000,000","261,000,000","305,000,000","210,897,810.219","238,282,051.282","238,000,000","274,083,333.333","193,013,698.63","273,315,340.909","231,918,539.326","234,016,666.667","150,360,576.923","175,229,508.197","172,728,744.939","126,394,495.413","116,264,044.944","140,442,857.143","237,536,443.149","161,247,191.011","150,834,905.66","166,513,274.336","181,796,875","34,000,000","188,000,000","238,000,000","212,000,000","188,758,064.516","90,000,000","181,000,000","198,000,000","179,702,439.024","118,000,000","197,000,000","200,638,977.636","171,454,545.455","124,000,000","180,000,000","192,000,000","206,191,011.236","140,000,000","146,000,000","152,000,000","189,335,640.138","116,552,995.392","0","104,000,000","50,993,506.494","104,676,691.729","29,000,000","19,000,000","90,000,000","139,000,000","129,000,000","123,000,000","13,000,000","138,000,000","151,000,000","50,000,000","139,100,000","124,100,000","139,500,000","138,300,000","-1,615,915,106.007","681,810,262.53","637,580,000","532,960,000","-875,447,524.752","433,468,593.75","422,935,143.139","447,372,939.56","-827,420,000","450,461,741.425","449,757,954.545","449,617,566.766","-658,596,573.209","402,100,540.541","403,831,435.08","397,404,391.892","378,245,517.842","331,449,315.068","382,678,653.676","368,524,371.069","278,800,000","287,880,446.927","67,274,279.616","74,477,099.237","242,130,521.092","248,354,725.788","237,820,619.785","228,228,413.284","226,433,103.448","222,928,315.412","224,546,794.151","221,408,114.856","59,400,000","57,800,000","61,500,000","53,700,000","40,100,000","40,700,000","51,500,000","47,300,000","44,900,000","45,200,000","51,700,000","43,300,000","49,300,000","48,100,000","48,100,000","38,700,000","43,300,000","42,000,000"
InterestIncome,"11,000,000","2,000,000","3,000,000","3,000,000","3,000,000","1,000,000","3,000,000","0","2,000,000","4,000,000","1,000,000","1,000,000","2,000,000","0","0","1,000,000","4,000,000","7,000,000","10,000,000","8,000,000","2,000,000","3,000,000","1,000,000","3,000,000","2,000,000","4,000,000","3,000,000","4,000,000","3,000,000","3,000,000","3,000,000","2,000,000","2,000,000","3,000,000","3,000,000","2,000,000","1,000,000","4,000,000","1,000,000","2,000,000","3,000,000","4,000,000","4,000,000","4,000,000","6,000,000","6,000,000","4,000,000","4,000,000","1,000,000",,,,,,,,,,,,,,,,,,,,,,,,,,,,,,,,,,,,,,,,,,,,,,,,,,,,,,,,,,,,,,,,,,,,,,,,,,,,,,,,,,,,,,,,,,,,,,,,,,
InterestExpense,"322,000,000","85,000,000","80,000,000","78,000,000","79,000,000","82,000,000","80,000,000","89,000,000","83,000,000","80,000,000","78,000,000","77,000,000","72,000,000","70,000,000","69,000,000","69,000,000","70,000,000","71,000,000","70,000,000","71,000,000","70,000,000","70,000,000","70,000,000","73,000,000","69,000,000","68,000,000","72,000,000","68,000,000","65,000,000","67,000,000","65,000,000","65,000,000","58,000,000","57,000,000","53,000,000","48,000,000","52,000,000","55,000,000","57,000,000","57,000,000","59,000,000","59,000,000","60,000,000","63,000,000","63,000,000","65,000,000","50,000,000","33,000,000","34,000,000","35,000,000","32,000,000","26,000,000","29,000,000","30,000,000","32,000,000","31,000,000",,,,,,,,,,,,,,,,,,,,,,,,,,,,,,,,,,,,,,,,,,,,,,,,,,,,,,,,,,,,,,,,,,,,,,,,,,,,,,,,,,,,,,,,,,,
NetInterestIncome,"-311,000,000","-83,000,000","-77,000,000","-75,000,000","-76,000,000","-81,000,000","-77,000,000","-89,000,000","-81,000,000","-76,000,000","-77,000,000","-76,000,000","-70,000,000","-70,000,000","-69,000,000","-68,000,000","-66,000,000","-64,000,000","-60,000,000","-63,000,000","-68,000,000","-67,000,000","-69,000,000","-70,000,000","-67,000,000","-64,000,000","-69,000,000","-64,000,000","-62,000,000","-64,000,000","-62,000,000","-63,000,000","-56,000,000","-54,000,000","-50,000,000","-46,000,000","-51,000,000","-51,000,000","-56,000,000","-55,000,000","-56,000,000","-55,000,000","-56,000,000","-59,000,000","-57,000,000","-59,000,000","-46,000,000","-29,000,000","-33,000,000","-5,000,000","-32,000,000","-26,000,000","-29,000,000","-30,000,000","-32,000,000","-31,000,000",,,,,,,,,,,,,,,,,,,,,,,,,,,,,,,,,,,,,,,,,,,,,,,,,,,,,,,,,,,,,,,,,,,,,,,,,,,,,,,,,,,,,,,,,,,
EBIT,"2,253,000,000","1,121,000,000","-788,000,000","674,000,000","1,246,000,000","708,000,000","443,000,000","584,000,000","1,064,000,000","521,000,000","363,000,000","420,000,000","874,000,000","491,000,000","263,000,000","-18,000,000","788,000,000","477,000,000","270,000,000","-115,000,000","335,000,000","641,000,000","432,000,000","408,000,000","470,000,000","770,000,000","424,000,000","282,000,000","486,000,000","648,000,000","455,000,000","445,000,000","472,000,000","532,000,000","406,000,000","390,000,000","420,000,000","465,000,000","331,000,000","408,000,000","405,000,000","443,000,000","352,000,000","415,000,000","419,000,000","425,000,000","258,000,000","277,000,000","281,000,000","253,000,000","210,000,000","236,000,000","372,000,000","208,000,000","244,000,000","257,000,000","285,000,000","71,000,000","345,000,000","399,000,000","311,000,000","279,000,000","173,000,000","310,000,000","335,000,000","237,000,000","210,000,000","323,000,000","348,000,000","325,000,000","220,000,000","316,000,000","334,000,000","364,000,000","261,000,000","272,000,000","284,000,000","340,000,000","231,000,000","46,000,000","210,000,000","130,000,000","217,000,000","95,000,000","84,000,000","202,000,000","282,000,000","261,000,000","249,000,000","-8,975,000,000","3,272,000,000","3,162,000,000","3,281,000,000","-7,808,600,000","2,976,300,000","2,985,200,000","2,865,100,000","-7,246,100,000","2,705,500,000","2,681,200,000","2,678,800,000","-4,540,700,000","1,751,500,000","1,753,400,000","1,729,400,000","-5,632,100,000","2,118,800,000","2,118,800,000","2,097,300,000","-4,850,200,000","1,920,200,000","1,910,100,000","1,880,100,000","1,828,500,000","1,773,700,000","1,803,400,000","1,762,600,000","1,784,400,000","1,535,400,000","1,204,900,000","1,221,900,000","1,390,100,000","1,406,800,000","1,361,400,000","1,331,300,000","1,347,800,000","1,211,900,000","1,174,200,000","1,149,900,000","2,460,600,000","592,300,000","571,300,000","574,500,000","3,122,500,000","656,800,000","654,900,000","680,200,000","2,950,700,000","616,100,000","563,300,000","548,100,000","2,050,500,000","493,600,000","449,900,000","354,500,000","1,490,100,000","337,000,000"
EBITDA,"2,579,000,000"
ReconciledCostOfRevenue,"6,738,000,000","1,556,000,000","1,835,000,000","1,628,000,000","1,719,000,000","1,635,000,000","1,387,000,000","1,361,000,000","1,522,000,000","1,601,000,000","1,368,000,000","1,501,000,000","1,584,000,000","1,601,000,000","1,392,000,000","1,494,000,000","1,616,000,000","1,752,000,000","1,419,000,000","1,457,000,000","1,461,000,000","1,966,000,000","1,611,000,000","1,688,000,000","1,649,000,000","1,857,000,000","1,644,000,000","1,653,000,000","1,683,000,000","1,848,000,000","1,707,000,000","1,708,000,000","1,751,000,000","1,842,000,000","1,666,000,000","1,712,000,000","1,725,000,000","6,709,000,000","0","0","0","0","0","0","0","0","0","0","0","0","0","0","0","0","0","0",,,,,,,,,,,,,,,,,,,,,,,,,,,,,,,,,,,,,,,,,,,,,,,,,,,,,,,,,,,,,,,,,,,,,,,,,,,,,,,,,,,,,,,,,,,
ReconciledDepreciation,"326,000,000","76,000,000","92,000,000","77,000,000","81,000,000","84,000,000","92,000,000","99,000,000","138,000,000","145,000,000","145,000,000","137,000,000","137,000,000","151,000,000","140,000,000","329,000,000","149,000,000","139,000,000","141,000,000","514,000,000","97,000,000","131,000,000","129,000,000","126,000,000","123,000,000","137,000,000","134,000,000","136,000,000","136,000,000","148,000,000","151,000,000","149,000,000","146,000,000","162,000,000","157,000,000","158,000,000","158,000,000","174,000,000","161,000,000","161,000,000","159,000,000","145,000,000","144,000,000","149,000,000","144,000,000","126,000,000","61,000,000","60,000,000","58,000,000","68,000,000","56,000,000","58,000,000","60,000,000","65,000,000","49,000,000","58,000,000","50,000,000","87,000,000","38,000,000","40,000,000","40,000,000","-83,000,000","90,000,000","137,000,000","57,000,000","137,000,000","79,000,000","62,000,000","68,000,000","76,000,000","78,000,000","84,000,000","71,000,000","85,000,000","82,000,000","79,000,000","68,000,000","75,000,000","62,000,000","68,000,000","58,000,000","87,000,000","84,000,000","85,000,000","83,000,000","87,000,000","81,000,000","83,000,000","82,000,000",,,,,,,,,,,,,,,,,,,,,,,,,,,,,,,,,,,,,,,,,,,,,,,,,,,,,,,,,,
NetIncomeFromContinuingOperationNetMinorityInterest,"1,255,000,000","863,000,000","-900,000,000","379,000,000","913,000,000","524,000,000","274,000,000","397,000,000","773,000,000","374,000,000","223,000,000","277,000,000","659,000,000","276,000,000","149,000,000","47,000,000","588,000,000","10,000,000","189,000,000","-52,000,000","251,000,000","502,000,000","307,000,000","272,000,000","315,000,000","584,000,000","295,000,000","178,000,000","328,000,000","459,000,000","309,000,000","304,000,000","325,000,000","355,000,000","256,000,000","241,000,000","261,000,000","305,000,000","204,000,000","247,000,000","238,000,000","277,000,000","198,000,000","256,000,000","244,000,000","232,000,000","144,000,000","179,000,000","178,000,000","142,000,000","117,000,000","147,000,000","230,000,000","127,000,000","153,000,000","168,000,000","179,000,000","34,000,000","188,000,000","238,000,000","212,000,000","188,000,000","90,000,000","181,000,000","198,000,000","179,000,000","118,000,000","197,000,000","200,000,000","34,000,000","124,000,000","180,000,000","192,000,000","215,000,000","140,000,000","146,000,000","152,000,000","178,000,000","128,000,000","0","104,000,000","83,000,000","72,000,000","29,000,000","19,000,000","90,000,000","139,000,000","129,000,000","123,000,000","13,000,000","138,000,000","151,000,000","50,000,000","139,100,000","124,100,000","139,500,000","138,300,000","112,900,000","101,000,000","84,200,000","700,000","46,200,000","83,800,000","65,300,000","96,500,000","-6,200,000","100,000,000","98,700,000","111,200,000","86,000,000","86,700,000","88,200,000","99,100,000","77,900,000","77,800,000","79,100,000","89,000,000","-2,600,000","64,900,000","68,000,000","76,000,000","58,800,000","62,600,000","61,300,000","59,300,000","53,300,000","61,500,000","65,300,000","58,900,000","59,400,000","57,800,000","61,500,000","53,700,000","40,100,000","40,700,000","51,500,000","47,300,000","44,900,000","45,200,000","51,700,000","43,300,000","49,300,000","48,100,000","48,100,000","38,700,000","43,300,000","42,000,000"
TotalUnusualItemsExcludingGoodwill,"123,000,000","142,000,000","2,000,000","-12,000,000","-9,000,000","-10,000,000","-6,000,000","-13,000,000","23,000,000","-5,000,000","-2,000,000","0",,,,,,,,,,,,,,,,,,,,,,,,,,,"-9,000,000","12,000,000","0","4,000,000","7,000,000","-23,000,000","17,000,000","-3,000,000","-9,000,000","5,000,000","7,000,000","21,000,000","1,000,000","9,000,000","-11,000,000","-48,000,000","3,000,000","2,000,000","-4,000,000","0","0","0",,"-1,000,000","0","0","0","-1,000,000","0","0","-1,000,000","-180,000,000","0","0","0","14,000,000","0","0","0","-18,000,000","18,000,000","0","0","53,000,000","-53,000,000","0","0","0","0","0","0",,,,,,,,,"2,564,900,000","-963,800,000","-922,300,000","-887,100,000","1,410,400,000","-534,100,000","-554,800,000","-529,400,000","1,368,700,000","-531,300,000","-532,100,000","-512,800,000","1,111,700,000","-471,100,000","-471,300,000","-445,500,000","-443,000,000","-404,600,000","-433,300,000","-399,500,000","-469,000,000","-307,500,000","1,000,000","2,100,000","-251,300,000","-254,300,000","-241,600,000","-231,600,000","-235,500,000","-219,700,000","-216,800,000","-221,000,000",,,,,,,,,,,,,,,,,,
TotalUnusualItems,"123,000,000","142,000,000","2,000,000","-12,000,000","-9,000,000","-10,000,000","-6,000,000","-13,000,000","23,000,000","-5,000,000","-2,000,000","0",,,,,,,,,,,,,,,,,,,,,,,,,,,"-9,000,000","12,000,000","0","4,000,000","7,000,000","-23,000,000","17,000,000","-3,000,000","-9,000,000","5,000,000","7,000,000","21,000,000","1,000,000","9,000,000","-11,000,000","-48,000,000","3,000,000","2,000,000","-4,000,000","0","0","0",,"-1,000,000","0","0","0","-1,000,000","0","0","-1,000,000","-180,000,000","0","0","0","14,000,000","0","0","0","-18,000,000","18,000,000","0","0","53,000,000","-53,000,000","0","0","0","0","0","0",,,,,,,,,"2,564,900,000","-963,800,000","-922,300,000","-887,100,000","1,410,400,000","-534,100,000","-554,800,000","-529,400,000","1,368,700,000","-531,300,000","-532,100,000","-512,800,000","1,111,700,000","-471,100,000","-471,300,000","-445,500,000","-443,000,000","-404,600,000","-433,300,000","-399,500,000","-469,000,000","-307,500,000","1,000,000","2,100,000","-251,300,000","-254,300,000","-241,600,000","-231,600,000","-235,500,000","-219,700,000","-216,800,000","-221,000,000",,,,,,,,,,,,,,,,,,
NormalizedEBITDA,"2,456,000,000","1,055,000,000","-698,000,000","763,000,000","1,336,000,000","802,000,000","541,000,000","696,000,000","1,179,000,000","671,000,000","510,000,000","557,000,000","1,011,000,000","642,000,000","403,000,000","311,000,000","937,000,000","616,000,000","411,000,000","399,000,000","432,000,000","772,000,000","561,000,000","534,000,000","593,000,000","907,000,000","558,000,000","418,000,000","622,000,000","796,000,000","606,000,000","594,000,000","618,000,000","694,000,000","563,000,000","548,000,000","578,000,000","639,000,000","501,000,000","557,000,000","564,000,000","584,000,000","489,000,000","587,000,000","546,000,000","554,000,000","328,000,000","332,000,000","332,000,000","300,000,000","265,000,000","285,000,000","443,000,000","321,000,000","290,000,000","313,000,000","339,000,000","158,000,000","395,000,000","448,000,000","361,000,000","351,000,000","263,000,000","447,000,000","392,000,000","375,000,000","290,000,000","385,000,000","417,000,000","581,000,000","298,000,000","400,000,000","405,000,000","435,000,000","343,000,000","351,000,000","352,000,000","433,000,000","275,000,000","114,000,000","268,000,000","164,000,000","354,000,000","180,000,000","167,000,000","289,000,000","363,000,000","344,000,000","331,000,000","-8,975,000,000","3,272,000,000","3,162,000,000","3,281,000,000","-7,808,600,000","2,976,300,000","2,985,200,000","2,865,100,000","-9,811,000,000","3,669,300,000","3,603,500,000","3,565,900,000","-5,951,100,000","2,285,600,000","2,308,200,000","2,258,800,000","-7,000,800,000","2,650,100,000","2,650,900,000","2,610,100,000","-5,961,900,000","2,391,300,000","2,381,400,000","2,325,600,000","2,271,500,000","2,178,300,000","2,236,700,000","2,162,100,000","2,253,400,000","1,842,900,000","1,203,900,000","1,219,800,000","1,641,400,000","1,661,100,000","1,603,000,000","1,562,900,000","1,583,300,000","1,431,600,000","1,391,000,000","1,370,900,000","2,460,600,000","592,300,000","571,300,000","574,500,000","3,122,500,000","656,800,000","654,900,000","680,200,000","2,950,700,000","616,100,000","563,300,000","548,100,000","2,050,500,000","493,600,000","449,900,000","354,500,000","1,490,100,000","337,000,000"
TaxRateForCalcs,"0.323","0.157","0.27","0.341","0.197","0.147","0.226","0.172","0.193","0.134","0.196","0.163","0.157","0.325","0.201","0.27","0.159","0.4","0.02","0.4","0.001","0.109","0.132","0.164","0.184","0.16","0.14","0.122","0.191","0.196","0.191","0.175","0.189","0.242","0.251","0.264","0.261","0.251","0.234","0.274","0.28","0.271","0.288","0.247","0.289","0.328","0.293","0.246","0.247","0.257","0.264","0.271","0.315","0.287","0.278","0.257","0.301","0.056","0.397","0.348","0.318","0.242","0.353","0.373","0.349","0.298","0.331","0.339","0.361","0.236","0.356","0.359","0.36","0.371","0.371","0.367","0.371","0.37","0.364","0.375","0.37","0.396","0.383","0.391","0.396","0.39","0.389","0.39","0.39","0.243","0.397","0.396","0.4","0.332","0.394","0.392","0.392","0.326","0.397","0.4","0.4","0.347","0.345","0.355","0.337","0.4","0.34","0.34","0.34","0.33","0.331","0.33","0.33","0.322","0.373","0.299","0.3","0.4","0.275","0.274","0.275","0.27","0.27","0.269","0.271","0.265","0.265","0.265","0.265","0.4","0.4","0.4","0.4","0.4","0.4","0.4","0.4","0.4","0.4","0.4","0.4","0.4","0.4","0.4","0.4","0.4","0.4"
TaxEffectOfUnusualItems,"39,729,000","22,341,698.842","540,000","-4,092,000","-1,773,000","-1,469,648.562","-1,356,000","-2,236,000","4,439,000","-668,934.24","-392,000","0","0","0","0","0","0","0","0","0","0","0","0","0","0","0","0","0","0","0","0","0","0","0","0","0","0","0","-2,102,189.781","3,282,051.282","0","1,083,333.333","2,013,698.63","-5,684,659.091","4,918,539.326","-983,333.333","-2,639,423.077","1,229,508.197","1,728,744.939","5,394,495.413","264,044.944","2,442,857.143","-3,463,556.851","-13,752,808.989","834,905.66","513,274.336","-1,203,125","0","0","0","0","-241,935.484","0","0","0","-297,560.976","0","0","-361,022.364","-42,545,454.545","0","0","0","5,191,011.236","0","0","0","-6,664,359.862","6,552,995.392","0","0","20,993,506.494","-20,323,308.271","0","0","0","0","0","0","0","0","0","0","0","0","0","0","836,084,893.993","-382,989,737.47","-368,920,000","-354,840,000","488,752,475.248","-184,431,406.25","-197,164,856.861","-178,527,060.44","547,480,000","-180,838,258.575","-181,042,045.455","-174,382,433.234","367,103,426.791","-155,699,459.459","-155,668,564.92","-147,195,608.108","-142,654,482.158","-150,950,684.932","-129,721,346.324","-119,975,628.931","-187,600,000","-84,519,553.073","274,279.616","577,099.237","-67,969,478.908","-68,545,274.212","-65,079,380.215","-62,671,586.716","-62,366,896.552","-58,271,684.588","-57,553,205.849","-58,491,885.144","0","0","0","0","0","0","0","0","0","0","0","0","0","0","0","0","0","0"