name,ttm,12/31/2021,09/30/2021,06/30/2021,03/31/2021,12/31/2020,09/30/2020,06/30/2020,03/31/2020,12/31/2019,09/30/2019,06/30/2019,03/31/2019,12/31/2018,09/30/2018,06/30/2018,03/31/2018,12/31/2017,09/30/2017,06/30/2017,03/31/2017,12/31/2016,09/30/2016,06/30/2016,03/31/2016,12/31/2015,09/30/2015,06/30/2015,03/31/2015,12/31/2014,09/30/2014,06/30/2014,03/31/2014,12/31/2013,09/30/2013,06/30/2013,03/31/2013,12/31/2012,09/30/2012,06/30/2012,03/31/2012,12/31/2011,09/30/2011,06/30/2011,03/31/2011,12/31/2010,09/30/2010,06/30/2010,03/31/2010,12/31/2009,09/30/2009,06/30/2009,03/31/2009,12/31/2008,09/30/2008,06/30/2008,03/31/2008,12/31/2007,09/30/2007,06/30/2007,03/31/2007,12/31/2006,09/30/2006,06/30/2006,03/31/2006,12/31/2005,09/30/2005,06/30/2005,03/31/2005,12/31/2004,09/30/2004,06/30/2004,03/31/2004,12/31/2003,09/30/2003,06/30/2003,03/31/2003,12/31/2002,09/30/2002,06/30/2002,03/31/2002,12/31/2001,09/30/2001,06/30/2001,03/31/2001,12/31/2000,09/30/2000,06/30/2000,03/31/2000,12/31/1999,09/30/1999,06/30/1999,03/31/1999,12/31/1998,09/30/1998,06/30/1998,03/31/1998,12/31/1997,09/30/1997,06/30/1997,03/31/1997,12/31/1996,09/30/1996,06/30/1996,03/31/1996,12/31/1995,09/30/1995,06/30/1995,03/31/1995,12/31/1994,09/30/1994,06/30/1994,03/31/1994,12/31/1993,09/30/1993,06/30/1993,03/31/1993,12/31/1992,09/30/1992,06/30/1992,03/31/1992,12/31/1991,09/30/1991,06/30/1991,03/31/1991,12/31/1990,09/30/1990,06/30/1990,03/31/1990,12/31/1989,09/30/1989,06/30/1989,03/31/1989,12/31/1988,09/30/1988,06/30/1988,03/31/1988,12/31/1987,09/30/1987,06/30/1987,03/31/1987,12/31/1986,09/30/1986,06/30/1986,03/31/1986,12/31/1985,09/30/1985
TotalRevenue,"3,538,900,000","995,500,000","914,600,000","859,800,000","769,000,000","834,500,000","760,000,000","663,900,000","636,900,000","750,900,000","728,200,000","765,400,000","748,200,000","812,500,000","754,100,000","833,300,000","788,000,000","768,600,000","749,900,000","738,200,000","740,000,000","698,100,000","683,900,000","667,000,000","636,900,000","639,400,000","625,100,000","653,500,000","618,500,000","626,800,000","581,600,000","595,400,000","552,200,000","558,900,000","536,200,000","549,100,000","509,600,000","524,300,000","462,200,000","484,200,000","468,600,000","475,800,000","412,000,000","405,300,000","417,400,000","-166,000,000","559,400,000","572,500,000","523,400,000","509,600,000","501,500,000","498,700,000","481,600,000","508,600,000","602,700,000","622,200,000","571,400,000","569,900,000","553,500,000","611,500,000","577,200,000","543,600,000","564,000,000","594,500,000","459,200,000","434,000,000","408,400,000","437,700,000","409,200,000","409,400,000","389,900,000","437,300,000","416,500,000","368,800,000","356,400,000","417,600,000","387,912,000","358,490,000","352,399,000","386,284,000","371,927,000","255,541,000","269,132,000","308,248,000","318,235,000","300,036,000","281,585,000","331,281,000","335,043,000","200,868,000","318,307,000","262,770,000","257,336,000","224,680,000","243,254,000","226,680,000","222,955,000","205,787,000","205,964,000","224,938,000","196,248,000","-457,101,000","383,427,000","428,708,000","426,990,000","397,576,000","354,363,000","399,843,000","392,988,000","350,821,000","332,730,000","350,192,000","339,803,000","309,170,000","272,800,000","315,800,000","296,100,000","265,300,000","241,000,000","277,400,000","247,900,000","223,300,000","213,800,000","242,600,000","200,000,000","207,200,000","224,800,000","266,000,000","237,200,000","216,000,000","217,700,000","268,200,000","274,400,000","262,300,000","236,600,000","266,100,000","250,400,000","236,200,000","222,300,000","250,800,000","261,100,000","212,200,000","220,600,000","250,400,000","227,700,000","215,400,000","205,000,000"
	OperatingRevenue,"3,538,900,000","995,500,000","914,600,000","859,800,000","769,000,000","834,500,000","760,000,000","663,900,000","636,900,000","750,900,000","728,200,000","765,400,000","748,200,000","812,500,000","754,100,000","833,300,000","788,000,000","768,600,000","749,900,000","738,200,000","740,000,000","698,100,000","683,900,000","667,000,000","636,900,000","639,400,000","625,100,000","653,500,000","618,500,000","626,800,000","581,600,000","595,400,000","552,200,000","558,900,000","536,200,000","549,100,000","509,600,000","524,300,000","462,200,000","484,200,000","468,600,000","475,800,000","412,000,000","405,300,000","417,400,000","-166,000,000","559,400,000","572,500,000","523,400,000","509,600,000","501,500,000","498,700,000","481,600,000","508,600,000","602,700,000","622,200,000","571,400,000","569,900,000","553,500,000","611,500,000","577,200,000","543,600,000","564,000,000","594,500,000","459,200,000","434,000,000","408,400,000","437,700,000","409,200,000","409,400,000","389,900,000","437,300,000","416,500,000","368,800,000","356,400,000","417,600,000","387,912,000","358,490,000","352,399,000","386,284,000","371,927,000","255,541,000","269,132,000","308,248,000","318,235,000","300,036,000","281,585,000","331,281,000","335,043,000","200,868,000","318,307,000","262,770,000","257,336,000","224,680,000","243,254,000","226,680,000","222,955,000","205,787,000","205,964,000","224,938,000","196,248,000","-457,101,000","383,427,000","428,708,000","426,990,000","397,576,000","354,363,000","399,843,000","392,988,000","350,821,000","332,730,000","350,192,000","339,803,000","309,170,000","272,800,000","315,800,000","296,100,000","265,300,000","241,000,000","277,400,000","247,900,000","223,300,000","213,800,000","242,600,000","200,000,000","207,200,000","224,800,000","266,000,000","237,200,000","216,000,000","217,700,000","268,200,000","274,400,000","262,300,000","236,600,000","266,100,000","250,400,000","236,200,000","222,300,000","250,800,000","261,100,000","212,200,000","220,600,000","250,400,000","227,700,000","215,400,000","205,000,000"
CostOfRevenue,"2,228,000,000","634,900,000","574,300,000","538,400,000","480,400,000","510,400,000","462,900,000","416,400,000","397,400,000","455,900,000","444,000,000","456,700,000","455,400,000","475,500,000","448,100,000","492,300,000","466,500,000","444,800,000","443,200,000","432,300,000","437,700,000","408,500,000","400,600,000","383,300,000","374,200,000","378,800,000","368,400,000","390,200,000","389,300,000","394,900,000","366,300,000","379,200,000","356,300,000","359,000,000","339,600,000","351,100,000","330,300,000","338,700,000","305,400,000","323,700,000","319,500,000","320,800,000","293,300,000","293,400,000","290,400,000","-160,000,000","410,300,000","414,200,000","378,800,000","371,300,000","363,000,000","376,300,000","380,200,000","408,900,000","479,100,000","480,600,000","438,800,000","434,200,000","433,400,000","476,700,000","454,400,000","420,600,000","448,600,000","467,900,000","360,300,000","335,200,000","327,400,000","353,500,000","321,100,000","340,000,000","327,900,000","348,900,000","338,300,000","293,600,000","294,900,000","333,800,000","309,719,000","283,404,000","286,054,000","304,856,000","295,026,000","213,216,000","226,496,000","249,663,000","259,440,000","234,654,000","233,196,000","264,323,000","267,648,000","158,077,000","258,445,000","208,844,000","207,003,000","178,298,000","196,232,000","178,827,000","177,186,000","165,421,000","167,060,000","176,296,000","153,450,000","-438,951,000","329,060,000","361,844,000","363,121,000","343,289,000","313,922,000","335,535,000","328,845,000","297,584,000","286,439,000","291,653,000","286,420,000","297,097,000","227,200,000","253,200,000","238,000,000","219,800,000","203,200,000","224,700,000","207,800,000","193,400,000","183,800,000","204,100,000","173,600,000","172,600,000","190,400,000","216,100,000","200,800,000","191,400,000","196,300,000",,,,,,,,,,,,,,,,
GrossProfit,"1,310,900,000","360,600,000","340,300,000","321,400,000","288,600,000","324,100,000","297,100,000","247,500,000","239,500,000","295,000,000","284,200,000","308,700,000","292,800,000","337,000,000","306,000,000","341,000,000","321,500,000","323,800,000","306,700,000","305,900,000","302,300,000","289,600,000","283,300,000","283,700,000","262,700,000","260,600,000","256,700,000","263,300,000","229,200,000","231,900,000","215,300,000","216,200,000","195,900,000","199,900,000","196,600,000","198,000,000","179,300,000","185,600,000","156,800,000","160,500,000","149,100,000","155,000,000","118,700,000","111,900,000","127,000,000","-6,000,000","149,100,000","158,300,000","144,600,000","138,300,000","138,500,000","122,400,000","101,400,000","99,700,000","123,600,000","141,600,000","132,600,000","135,700,000","120,100,000","134,800,000","122,800,000","123,000,000","115,400,000","126,600,000","98,900,000","98,800,000","81,000,000","84,200,000","88,100,000","69,400,000","62,000,000","88,400,000","78,200,000","75,200,000","61,500,000","83,800,000","78,193,000","75,086,000","66,345,000","81,428,000","76,901,000","42,325,000","42,636,000","58,585,000","58,795,000","65,382,000","48,389,000","66,958,000","67,395,000","42,791,000","59,862,000","53,926,000","50,333,000","46,382,000","47,022,000","47,853,000","45,769,000","40,366,000","38,904,000","48,642,000","42,798,000","-18,150,000","54,367,000","66,864,000","63,869,000","54,287,000","40,441,000","64,308,000","64,143,000","53,237,000","46,291,000","58,539,000","53,383,000","12,073,000","45,600,000","62,600,000","58,100,000","45,500,000","37,800,000","52,700,000","40,100,000","29,900,000","30,000,000","38,500,000","26,400,000","34,600,000","34,400,000","49,900,000","36,400,000","24,600,000","21,400,000",,,,,,,,,,,,,,,,
OperatingExpense,"701,400,000","184,200,000","177,600,000","173,100,000","166,500,000","171,200,000","159,400,000","155,900,000","173,800,000","179,900,000","172,300,000","178,700,000","184,700,000","186,100,000","177,600,000","197,200,000","192,900,000","183,000,000","175,800,000","177,300,000","182,100,000","174,800,000","164,700,000","160,000,000","159,400,000","153,100,000","150,100,000","160,300,000","147,200,000","158,300,000","145,500,000","137,400,000","130,900,000","139,200,000","133,700,000","131,600,000","120,000,000","124,800,000","111,500,000","108,900,000","105,300,000","124,900,000","76,400,000","85,100,000","89,300,000","26,700,000","101,700,000","138,200,000","97,500,000","101,000,000","92,300,000","88,600,000","84,500,000","82,800,000","86,600,000","94,200,000","93,800,000","99,700,000","84,600,000","90,400,000","88,300,000","86,800,000","82,800,000","85,900,000","68,500,000","69,300,000","59,700,000","60,400,000","62,400,000","60,800,000","57,400,000","58,900,000","58,600,000","51,900,000","48,800,000","51,700,000","54,023,000","54,510,000","48,398,000","50,258,000","53,285,000","37,661,000","37,109,000","38,072,000","39,856,000","62,912,000","29,281,000","32,782,000","35,652,000","18,069,000","35,578,000","28,456,000","28,510,000","26,017,000","26,324,000","26,381,000","27,900,000","24,748,000","25,013,000","29,845,000","27,393,000","10,687,000","31,393,000","32,737,000","32,944,000","28,635,000","26,106,000","29,315,000","28,962,000","30,031,000","27,278,000","26,013,000","25,540,000","-5,355,000","32,300,000","36,000,000","33,200,000","33,300,000","29,700,000","29,100,000","28,400,000","19,400,000","25,000,000","33,600,000","26,100,000","26,200,000","23,900,000","27,000,000","24,600,000","20,600,000","24,800,000",,,,,,,,,,,,,,,,
	SellingGeneralAndAdministration,"701,400,000","184,200,000","177,600,000","173,100,000","166,500,000","171,200,000","159,400,000","155,900,000","173,800,000","179,900,000","172,300,000","178,700,000","184,700,000","186,100,000","177,600,000","197,200,000","192,900,000","183,000,000","175,800,000","177,300,000","182,100,000","174,800,000","164,700,000","160,000,000","159,400,000","153,100,000","150,100,000","160,300,000","147,200,000","158,300,000","145,500,000","137,400,000","130,900,000","139,200,000","133,700,000","131,600,000","120,000,000","124,800,000","111,500,000","108,900,000","105,300,000","106,200,000","92,200,000","85,100,000","89,300,000","-8,700,000","101,700,000","138,200,000","97,500,000","101,000,000","92,300,000","88,600,000","84,500,000","82,800,000","86,600,000","94,200,000","93,800,000","99,700,000","84,600,000","90,400,000","88,300,000","86,800,000","82,800,000","85,900,000","68,500,000","69,300,000","59,700,000","60,400,000","62,400,000","60,800,000","57,400,000","58,900,000","58,600,000","51,700,000","48,800,000","51,700,000","54,023,000","54,440,000","48,327,000","50,198,000","53,204,000","35,905,000","35,376,000","36,338,000","38,123,000","55,980,000","29,281,000","32,782,000","35,652,000","18,069,000","35,578,000","28,456,000","28,510,000","26,017,000","26,324,000","26,381,000","27,900,000","24,748,000","25,013,000","29,845,000","27,393,000","10,687,000","31,393,000","32,737,000","32,944,000","28,635,000","26,106,000","29,315,000","28,962,000","30,031,000","27,278,000","26,013,000","25,540,000","25,945,000","21,900,000","25,300,000","23,200,000","23,400,000","19,300,000","19,500,000","18,900,000","9,400,000","16,200,000","24,800,000","17,500,000","16,900,000","15,800,000","18,900,000","16,600,000","13,900,000","16,500,000",,,,,,,,,,,,,,,,
	DepreciationAmortizationDepletionIncomeStatement,,,,,,,,,,,,,,,,,,,,,,,,,,,,,,,,,,,,,,,,,,,,,,,,,,,,,,,,,,,,,,,,,,,,,,,,,,,,,,"70,000","71,000","60,000","81,000","1,756,000","1,733,000","1,734,000","1,733,000",,,,,,,,,,,,,,,,,,,,,,,,,,,,,,"10,400,000","10,700,000","10,000,000","9,900,000","10,400,000","9,600,000","9,500,000","10,000,000","8,800,000","8,800,000","8,600,000","9,300,000","8,100,000","8,100,000","8,000,000","6,700,000","8,300,000",,,,,,,,,,,,,,,,
		DepreciationAndAmortizationInIncomeStatement,,,,,,,,,,,,,,,,,,,,,,,,,,,,,,,,,,,,,,,,,,,,,,,,,,,,,,,,,,,,,,,,,,,,,,,,,,,,,,"70,000","71,000","60,000","81,000","1,756,000","1,733,000","1,734,000","1,733,000",,,,,,,,,,,,,,,,,,,,,,,,,,,,,,"10,400,000","10,700,000","10,000,000","9,900,000","10,400,000","9,600,000","9,500,000","10,000,000","8,800,000","8,800,000","8,600,000","9,300,000","8,100,000","8,100,000","8,000,000","6,700,000","8,300,000",,,,,,,,,,,,,,,,
			DepreciationIncomeStatement,,,,,,,,,,,,,,,,,,,,,,,,,,,,,,,,,,,,,,,,,,,,,,,,,,,,,,,,,,,,,,,,,,,,,,,,,,,,,,,,,,,,,,,,,,,,,,,,,,,,,,,,,,,,,,,,,,,,,,"9,900,000","10,400,000","9,600,000","9,500,000","10,000,000","8,800,000","8,800,000","8,600,000","9,300,000","8,100,000","8,100,000","8,000,000","6,700,000","8,300,000",,,,,,,,,,,,,,,,
			Amortization,,,,,,,,,,,,,,,,,,,,,,,,,,,,,,,,,,,,,,,,,,,,,,,,,,,,,,,,,,,,,,,,,,,,,,,,,,,,,,"70,000","71,000","60,000","81,000","1,756,000","1,733,000","1,734,000","1,733,000",,,,,,,,,,,,,,,,,,,,,,,,,,,,,,,,,,,,,,,,,,,,,,,,,,,,,,,,,,,,,,
				AmortizationOfIntangiblesIncomeStatement,,,,,,,,,,,,,,,,,,,,,,,,,,,,,,,,,,,,,,,,,,,,,,,,,,,,,,,,,,,,,,,,,,,,,,,,,,,,,,"70,000","71,000","60,000","81,000","1,756,000","1,733,000","1,734,000","1,733,000",,,,,,,,,,,,,,,,,,,,,,,,,,,,,,,,,,,,,,,,,,,,,,,,,,,,,,,,,,,,,,
	OtherOperatingExpenses,,,,,,,,,,,,,,,,,,,,,,,,,,,,,,,,,,,,,,,"-6,400,000",,,,"-15,800,000",,,,,,,,"600,000",,,,,,,,,,,,,,,,,,,,,,,,,,,,,,,,,,,,,,,,,,,,,,,,,,,,,,,,,,,,,,,,,,,,,,,,,,,,,,,,,,,,,,,,,,,,,,,,
OperatingIncome,"609,500,000","176,400,000","162,700,000","148,300,000","122,100,000","152,900,000","137,700,000","91,600,000","65,700,000","115,100,000","111,900,000","130,000,000","108,100,000","150,900,000","128,400,000","143,800,000","128,600,000","140,800,000","130,900,000","128,600,000","120,200,000","114,800,000","118,600,000","123,700,000","103,300,000","107,500,000","106,600,000","103,000,000","82,000,000","73,600,000","69,800,000","78,800,000","65,000,000","60,700,000","62,900,000","66,400,000","59,300,000","60,800,000","45,300,000","51,600,000","43,800,000","30,100,000","42,300,000","26,800,000","37,700,000","-32,700,000","47,400,000","20,100,000","47,100,000","37,300,000","46,200,000","33,800,000","16,900,000","16,900,000","37,000,000","47,400,000","38,800,000","36,000,000","35,500,000","44,400,000","34,500,000","36,200,000","32,600,000","40,700,000","30,400,000","29,500,000","21,300,000","23,800,000","25,700,000","8,600,000","4,600,000","29,500,000","19,600,000","23,300,000","12,700,000","32,100,000","24,170,000","20,576,000","17,947,000","31,170,000","23,616,000","4,664,000","5,527,000","20,513,000","18,939,000","2,470,000","19,108,000","34,176,000","31,743,000","24,722,000","24,284,000","25,470,000","21,823,000","20,365,000","20,698,000","21,472,000","17,869,000","15,618,000","13,891,000","18,797,000","15,405,000","-28,837,000","22,974,000","34,127,000","30,925,000","25,652,000","14,335,000","34,993,000","35,181,000","23,206,000","19,013,000","32,526,000","27,843,000","17,428,000","13,300,000","26,600,000","24,900,000","12,200,000","8,100,000","23,600,000","11,700,000","10,500,000","5,000,000","4,900,000","300,000","8,400,000","10,500,000","22,900,000","11,800,000","4,000,000","-3,400,000","268,200,000","274,400,000","-710,400,000","236,600,000","266,100,000","250,400,000","-702,500,000","222,300,000","250,800,000","261,100,000","-647,600,000","220,600,000","250,400,000","227,700,000","-629,500,000","205,000,000"
NetNonOperatingInterestIncomeExpense,"-4,300,000","-1,400,000","-1,000,000","-900,000","-1,000,000","-1,000,000","-1,600,000","-2,500,000","-2,200,000","-2,500,000","-3,100,000","-3,400,000","-2,000,000","-1,800,000","-2,000,000","-2,300,000","-2,300,000","-2,900,000","-2,500,000","-2,500,000","-2,200,000","-1,600,000","-2,100,000","-1,900,000","-1,700,000","-1,400,000","-1,600,000","-2,500,000","-1,900,000","-1,400,000","-1,500,000","-1,400,000","-1,400,000","-1,200,000","-1,400,000","-1,600,000","-1,500,000","-2,100,000","-1,900,000","-2,200,000","-3,000,000","-2,900,000","-2,500,000","-2,100,000","-1,800,000","900,000","-2,500,000","-2,700,000","-2,600,000","-3,000,000","-2,500,000","-3,100,000","-3,200,000",,,,,,,,,,,,,,,,,,,,,,,,,,,,,,,,,,,,,,,,,,,,,,,,,,,,,,,,,,,,,,,,,,,,,,,,,,,,,,,,,,,,,,,,,,,,,,
	InterestIncomeNonOperating,,,,,,,,,,,,,,,,,,,,,,,,,,,,,,,,,,,,,,,"2,200,000",,,,,,,,,,,,,,,,,,,,,,,,,,,,,,,,,,,,,,,,,,,,,,,,,,,,,,,,,,,,,,,,,,,,,,,,,,,,,,,,,,,,,,,,,,,,,,,,,,,,,,,,,,,,
	InterestExpenseNonOperating,"4,300,000","1,400,000","1,000,000","900,000","1,000,000","1,000,000","1,600,000","2,500,000","2,200,000","2,500,000","3,100,000","3,400,000","2,000,000","1,800,000","2,000,000","2,300,000","2,300,000","2,900,000","2,500,000","2,500,000","2,200,000","1,600,000","2,100,000","1,900,000","1,700,000","1,400,000","1,600,000","2,500,000","1,900,000","1,400,000","1,500,000","1,400,000","1,400,000","1,200,000","1,400,000","1,600,000","1,500,000","2,100,000","1,900,000","2,200,000","3,000,000","2,900,000","2,500,000","2,100,000","1,800,000","-900,000","2,500,000","2,700,000","2,600,000","3,000,000","2,500,000","3,100,000","3,200,000",,,,,,,,,,,,,,,,,,,,,,,,,,,,,,,,,,,,,,,,,,,,,,,,,,,,,,,,,,,,,,,,,,,,,,,,,,,,,,,,,,,,,,,,,,,,,,
OtherIncomeExpense,"20,400,000","6,800,000","4,700,000","3,900,000","5,000,000","0","1,200,000","-2,100,000","4,200,000","2,900,000","4,000,000","5,600,000","5,500,000","5,700,000","5,100,000","4,600,000","-900,000","2,900,000","3,200,000","1,900,000","2,400,000","3,200,000","1,900,000","2,300,000","2,000,000","3,200,000","2,200,000","2,700,000","2,700,000","1,700,000","1,000,000","1,200,000","1,300,000","-2,800,000","-200,000","-3,500,000","-700,000","2,600,000","8,600,000","1,200,000","29,100,000","19,800,000","15,800,000","16,300,000","-2,200,000","1,200,000","-600,000","1,000,000","-2,200,000","-6,300,000","3,600,000","700,000","-2,200,000","300,000","-3,700,000","-400,000","-3,900,000","-21,700,000","400,000","-1,100,000","-1,400,000","-4,100,000","-3,200,000","3,000,000","-5,900,000","-4,500,000","-3,700,000","-9,300,000","-1,000,000","-300,000","-400,000","-300,000","-200,000","-500,000","-300,000","100,000","-336,000","-580,000","183,000","193,000","-789,000","-9,028,000","-763,000","-349,000","-599,000","7,373,000","-2,127,000","-1,523,000","-4,030,000","-2,166,000","-2,073,000","-1,584,000","-1,955,000","-2,812,000","-1,652,000","-1,366,000","-1,741,000","-2,022,000","-1,061,000","-1,340,000","-1,649,000","-8,754,000","226,000","-676,000","417,000","1,167,000","724,000","125,000","-2,198,000","1,700,000","388,000","-675,000","138,000","-95,000","700,000","1,400,000","200,000","700,000","2,800,000",,"500,000","-2,700,000","500,000","800,000","1,100,000","2,800,000","1,200,000","300,000","-300,000","-15,900,000","-200,000",,,,,,,,,,,,,,,,
	EarningsFromEquityInterest,,,,,,,,,,,,,,,,,,,,,,,,,,,,,,,,,,,,,,,,,,,,,,,,,,,,,,,"-100,000","-100,000","-100,000",,,,,,,,,,,,,,,,,,,,,,,,,,,,,,,,,,,,,"-771,000","-725,000","-674,000","-1,019,000","-779,000","-667,000","-581,000","-717,000","-7,635,000","1,001,000","1,346,000","1,800,000","1,562,000","744,000","1,272,000","-214,000","475,000","475,000","247,000","354,000",,,,,,,,,,,,,,,,,,,,,,,,,,,,,,,,,,
	SpecialIncomeCharges,"0","0","0","0",,"0","-1,600,000","-6,100,000",,"0","0","0","0","0","0","0","-6,700,000",,,,,"0",,,,,,,,"0","0","0","0","-3,800,000","-1,300,000","-4,200,000","-1,700,000","-31,700,000","8,600,000","1,200,000","29,100,000","19,800,000","0","16,300,000","-2,200,000","1,200,000","-600,000","1,000,000","-2,200,000","-6,300,000","3,600,000","700,000","-2,200,000","0","-3,600,000","-300,000","-3,800,000","-21,700,000","400,000","-1,100,000","-1,400,000","-4,100,000","-3,200,000","3,000,000","-5,900,000","-4,500,000","-3,700,000","-9,300,000","-1,000,000","-300,000","-400,000","-300,000","-200,000","-500,000","-300,000","100,000","-336,000","-580,000","183,000","193,000","-789,000","-9,028,000","-763,000","-349,000","-599,000","7,373,000","-2,127,000","-1,523,000","-4,030,000","-2,166,000","-2,073,000","-1,584,000","-1,955,000","-2,041,000","-927,000","-692,000","-722,000","-1,243,000","-394,000","-759,000","-932,000","-1,119,000","-775,000","-2,022,000","-1,383,000","-395,000","-20,000","-1,147,000","-1,984,000",,"-87,000","-922,000","-216,000","-2,379,000","700,000","1,400,000","200,000","700,000","2,800,000",,"500,000","-2,700,000","500,000","800,000","1,100,000","2,800,000","1,200,000","300,000","-300,000","-15,900,000","-200,000",,,,,,,,,,,,,,,,
		RestructuringAndMergernAcquisition,"0","0","0","0",,"0","1,600,000","6,100,000",,"0","0","0","0","0","0","0","6,700,000",,,,,"0",,,,,,,,"0","0","0","0","3,800,000","1,300,000","4,200,000","1,700,000","3,100,000",,"0",,"0","0","-11,200,000",,"0","-400,000","-400,000","900,000","1,200,000","-3,000,000","0","1,400,000","3,000,000","2,100,000","300,000","3,800,000","21,600,000","300,000","1,600,000","1,200,000","3,500,000","2,800,000","1,800,000","1,500,000","4,100,000","3,000,000","8,600,000","900,000",,,,,,,,,,,,,,,,,,,,,,,,,,,,,,,,,,,,,,,,,,,,,,,,,,,,,,,,,,,,,,,,,,,,,,,,,,,,,,
		OtherSpecialCharges,,,,,,,,,,,,,,,,,,,,,,,,,,,,,,,,,,,,,,"-3,900,000",,"1,200,000",,"-1,100,000","-15,800,000","-5,100,000",,"-1,200,000","1,000,000","-600,000","1,300,000","5,100,000","-600,000","-700,000","800,000","-3,000,000","1,500,000",,,"100,000","-700,000","-500,000","200,000",,"400,000","-4,800,000","4,400,000","400,000","700,000","700,000","100,000",,,,,,,,,,,,,,,,,,,,,,,,,,,,,,,,,,,,,,,,,,,,,,,,,,,,,,,,,,,,,,,,,,,,,,,,,,,,,,
	OtherNonOperatingIncomeExpenses,"20,400,000","6,800,000","4,700,000","3,900,000","5,000,000","0","2,800,000","4,000,000","4,200,000","2,900,000","4,000,000","5,600,000","5,500,000","5,700,000","5,100,000","4,600,000","5,800,000","2,900,000","3,200,000","1,900,000","2,400,000","3,200,000","1,900,000","2,300,000","2,000,000","3,200,000","2,200,000","2,700,000","2,700,000","1,700,000","1,000,000","1,200,000","1,300,000","1,000,000","1,100,000","700,000","1,000,000","1,800,000",,,,,,,,,,,,,,,,,,,,,,,,,,,,,,,,,,,,,,,,,,,,,,,,,,,,,,,,,,,,,,,,,,,,,,,,,,,,,,,,,,,,,,,,,,,,,,,,,,,,,,,,,,,,,
PretaxIncome,"625,600,000","181,800,000","166,400,000","151,300,000","126,100,000","151,900,000","137,300,000","87,000,000","67,700,000","115,500,000","112,800,000","132,200,000","111,600,000","154,800,000","131,500,000","146,100,000","125,400,000","140,800,000","131,600,000","128,000,000","120,400,000","116,400,000","118,400,000","124,100,000","103,600,000","109,300,000","107,200,000","103,200,000","82,800,000","73,900,000","69,300,000","78,600,000","64,900,000","56,700,000","61,300,000","61,300,000","57,100,000","61,300,000","52,000,000","50,600,000","69,900,000","47,000,000","39,800,000","41,000,000","33,700,000","-30,600,000","44,300,000","18,400,000","42,300,000","32,200,000","46,100,000","30,000,000","11,500,000","9,500,000","28,900,000","42,000,000","29,700,000","8,200,000","29,100,000","36,300,000","26,300,000","25,000,000","22,100,000","36,200,000","21,500,000","22,000,000","14,400,000","11,000,000","21,300,000","4,400,000","900,000","26,000,000","16,200,000","19,600,000","9,300,000","29,200,000","20,926,000","17,114,000","14,946,000","27,680,000","18,650,000","-7,915,000","599,000","16,263,000","13,539,000","4,008,000","11,474,000","27,227,000","22,379,000","18,940,000","18,343,000","21,932,000","17,877,000","16,406,000","17,330,000","19,822,000","16,216,000","15,101,000","13,927,000","18,372,000","11,512,000","-34,619,000","19,511,000","29,906,000","27,531,000","23,525,000","11,825,000","31,769,000","29,767,000","22,005,000","16,265,000","28,768,000","24,655,000","14,102,000","10,600,000","24,600,000","21,500,000","9,200,000","6,400,000","20,300,000","9,000,000","4,900,000","2,200,000","2,700,000","-1,900,000","7,700,000","8,000,000","19,200,000","7,200,000","-15,800,000","-8,000,000",,,,,,,,,,,,,,,,
TaxProvision,"138,500,000","42,200,000","34,800,000","33,100,000","28,400,000","31,900,000","31,900,000","19,200,000","16,000,000","24,200,000","25,500,000","30,100,000","22,300,000","28,500,000","26,900,000","31,600,000","26,600,000","118,100,000","37,900,000","35,600,000","32,700,000","33,700,000","35,200,000","37,000,000","30,100,000","29,500,000","33,600,000","32,100,000","24,400,000","20,700,000","18,700,000","21,300,000","18,200,000","14,300,000","15,100,000","19,200,000","18,100,000","18,100,000","15,000,000","15,600,000","22,400,000","15,500,000","12,900,000","12,400,000","9,500,000","-8,200,000","12,300,000","1,800,000","11,400,000","9,400,000","11,400,000","6,100,000","2,700,000","2,800,000","7,400,000","10,000,000","7,700,000","-8,800,000","4,400,000","9,300,000","6,800,000","5,800,000","5,500,000","11,300,000","6,000,000","6,000,000","4,700,000","4,500,000","7,000,000","0","-2,100,000","8,700,000","5,400,000","7,000,000","3,300,000","9,400,000","7,220,000","5,905,000","4,924,000","9,688,000","6,528,000","-2,809,000","213,000","5,570,000","5,010,000","1,443,000","4,131,000","9,634,000","8,224,000","6,353,000","5,977,000","8,017,000","6,475,000","5,696,000","6,356,000","7,193,000","6,038,000","5,356,000","4,918,000","6,694,000","4,391,000","-11,260,000","6,977,000","11,174,000","10,189,000","7,953,000","4,370,000","11,744,000","11,406,000","8,452,000","6,135,000","10,810,000","9,303,000","5,024,000","5,100,000","9,500,000","8,500,000","3,000,000","2,200,000","7,500,000","3,100,000","2,100,000","800,000","1,000,000","-1,000,000","700,000","2,000,000","6,700,000","2,300,000","-2,200,000","-3,400,000",,,,,,,,,,,,,,,,
EarningsFromEquityInterestNetOfTax,,,,,,,,,,,,,,,,,,,,,,,,,,,,,,,,,,,,,,,,,,"0","0","0","0","100,000","0","0","-100,000","-100,000","-100,000","-200,000",,,,,,,,,,,,,,,,,,,,,,,,,,,,,,,,,,,,,,,,,,,,,,,,,,,,,,,,,,,,,,,,,,,,,,,,,,,,,,,,,,,,,,,,,,,,,,,
NetIncomeCommonStockholders,"487,100,000","139,600,000","131,600,000","118,200,000","97,700,000","120,000,000","105,400,000","67,800,000","51,700,000","91,300,000","87,300,000","102,100,000","89,300,000","126,300,000","104,600,000","114,500,000","98,800,000","22,700,000","93,700,000","92,400,000","87,700,000","82,700,000","83,200,000","87,100,000","73,500,000","79,800,000","73,600,000","71,100,000","58,400,000","53,200,000","50,600,000","57,300,000","46,700,000","42,400,000","46,200,000","42,100,000","39,000,000","39,300,000","37,000,000","35,000,000","47,500,000","32,100,000","182,300,000","50,300,000","41,000,000","32,200,000","32,000,000","16,600,000","30,900,000","22,700,000","34,600,000","21,300,000","8,700,000","6,700,000","21,400,000","31,900,000","21,900,000","17,000,000","24,700,000","27,000,000","19,500,000","18,900,000","17,000,000","25,100,000","15,500,000","16,000,000","9,700,000","6,500,000","14,300,000","4,400,000","3,000,000","17,300,000","10,800,000","12,600,000","6,000,000","19,800,000","13,706,000","11,209,000","10,022,000","17,992,000","12,122,000","-5,106,000","386,000","10,693,000","8,529,000","-11,255,000","8,836,000","17,561,000","14,611,000","4,739,000","12,366,000","13,915,000","11,402,000","10,710,000","10,974,000","12,629,000","10,178,000","16,175,000","9,989,000","107,755,000","19,911,000","16,809,000","12,534,000","18,732,000","17,342,000","15,572,000","7,455,000","20,025,000","18,361,000","13,553,000","10,130,000","17,958,000","15,706,000","9,078,000","5,500,000","15,100,000","13,000,000","-39,900,000","4,200,000","12,800,000","5,000,000","2,000,000","500,000","800,000","-1,800,000","6,100,000","5,100,000","11,600,000","4,000,000","-14,500,000","-5,500,000","7,500,000","5,700,000","2,700,000","1,000,000","7,300,000","4,200,000","-1,700,000","-700,000","5,900,000","8,200,000","4,500,000","2,200,000","9,900,000","7,700,000","6,300,000","2,900,000"
	NetIncome,"487,100,000","139,600,000","131,600,000","118,200,000","97,700,000","120,000,000","105,400,000","67,800,000","51,700,000","91,300,000","87,300,000","102,100,000","89,300,000","126,300,000","104,600,000","114,500,000","98,800,000","22,700,000","93,700,000","92,400,000","87,700,000","82,700,000","83,200,000","87,100,000","73,500,000","79,800,000","73,600,000","71,100,000","58,400,000","53,200,000","50,600,000","57,300,000","46,700,000","42,400,000","46,200,000","42,100,000","39,000,000","39,300,000","37,000,000","35,000,000","47,500,000","32,100,000","182,300,000","50,300,000","41,000,000","32,200,000","32,000,000","16,600,000","30,900,000","22,700,000","34,600,000","21,300,000","8,700,000","6,700,000","21,400,000","31,900,000","21,900,000","17,000,000","24,700,000","27,000,000","19,500,000","18,900,000","17,000,000","25,100,000","15,500,000","16,000,000","9,700,000","6,500,000","14,300,000","4,400,000","3,000,000","17,300,000","10,800,000","12,600,000","6,000,000","19,800,000","13,706,000","11,209,000","10,022,000","17,992,000","12,122,000","-5,106,000","386,000","10,693,000","8,529,000","-11,255,000","8,836,000","17,561,000","14,611,000","4,739,000","12,366,000","13,915,000","11,402,000","10,710,000","10,974,000","12,629,000","10,178,000","16,175,000","9,989,000","107,755,000","19,911,000","16,809,000","12,534,000","18,732,000","17,342,000","15,572,000","7,455,000","20,025,000","18,361,000","13,553,000","10,130,000","17,958,000","15,706,000","9,078,000","5,500,000","15,100,000","13,000,000","-39,900,000","4,200,000","12,800,000","5,900,000","2,800,000","1,400,000","1,700,000","-900,000","7,000,000","6,000,000","12,500,000","4,900,000","-13,600,000","-4,600,000","7,500,000","5,700,000","6,400,000","1,000,000","7,300,000","4,200,000","2,000,000","-700,000","5,900,000","8,200,000","8,200,000","2,200,000","9,900,000","7,700,000","7,300,000","2,900,000"
		NetIncomeIncludingNoncontrollingInterests,"487,100,000","139,600,000","131,600,000","118,200,000","97,700,000","120,000,000","105,400,000","67,800,000","51,700,000","91,300,000","87,300,000","102,100,000","89,300,000","126,300,000","104,600,000","114,500,000","98,800,000","22,700,000","93,700,000","92,400,000","87,700,000","82,700,000","83,200,000","87,100,000","73,500,000","79,800,000","73,600,000","71,100,000","58,400,000","53,200,000","50,600,000","57,300,000","46,700,000","42,400,000","46,200,000","42,100,000","39,000,000","39,300,000","37,000,000","35,000,000","47,500,000","32,100,000","182,300,000","50,300,000","41,000,000","32,100,000","32,000,000","16,600,000","30,800,000","22,700,000","34,600,000","23,700,000","8,700,000","6,700,000","21,400,000","31,900,000","21,900,000","17,000,000","24,700,000","27,000,000","19,500,000","18,900,000","17,000,000","25,100,000","15,500,000","16,000,000","9,700,000","6,500,000","14,300,000","4,400,000","3,000,000","17,300,000","10,800,000","12,600,000","6,000,000","19,800,000","13,706,000","11,209,000","10,022,000","17,992,000","12,122,000","-5,106,000","386,000","10,693,000","8,529,000","-11,255,000","8,836,000","17,561,000","14,611,000","4,739,000","12,366,000","13,915,000","11,402,000","10,710,000","10,974,000","12,629,000","10,178,000","16,175,000","9,989,000","107,755,000","19,911,000","16,809,000","12,534,000","18,732,000","17,211,000","15,572,000","7,455,000","20,025,000","18,361,000","13,553,000","10,130,000","17,958,000","15,706,000","9,078,000","5,500,000","15,100,000","13,000,000","-39,900,000","4,200,000","12,800,000","5,900,000","2,800,000","1,400,000","1,700,000","-900,000","7,000,000","6,000,000","12,500,000","4,900,000","-13,600,000","-4,600,000","7,500,000","5,700,000","6,400,000","1,000,000","7,300,000","4,200,000","2,000,000","-700,000","5,900,000","8,200,000","8,200,000","2,200,000","9,900,000","7,700,000","7,300,000","2,900,000"
			NetIncomeContinuousOperations,"487,100,000","139,600,000","131,600,000","118,200,000","97,700,000","120,000,000","105,400,000","67,800,000","51,700,000","91,300,000","87,300,000","102,100,000","89,300,000","126,300,000","104,600,000","114,500,000","98,800,000","22,700,000","93,700,000","92,400,000","87,700,000","82,700,000","83,200,000","87,100,000","73,500,000","79,800,000","73,600,000","71,100,000","58,400,000","53,200,000","50,600,000","57,300,000","46,700,000","42,400,000","46,200,000","42,100,000","39,000,000","43,200,000","37,000,000","35,000,000","47,500,000","31,500,000","26,900,000","28,600,000","24,200,000","-22,300,000","32,000,000","16,600,000","30,800,000","22,700,000","34,600,000","23,700,000","8,700,000","6,700,000","21,400,000","31,900,000","21,900,000","17,000,000","24,700,000","27,000,000","19,500,000","19,200,000","16,600,000","24,900,000","15,500,000","16,000,000","9,700,000","6,500,000","14,300,000","4,400,000","3,000,000","17,300,000","10,800,000","12,600,000","6,000,000","19,800,000","13,706,000","11,209,000","10,022,000","17,992,000","12,122,000","-5,106,000","386,000","10,693,000","8,529,000","2,565,000","7,343,000","17,593,000","14,155,000","12,587,000","12,366,000","13,915,000","11,402,000","10,710,000","10,974,000","12,629,000","10,178,000","9,745,000","9,009,000","11,678,000","7,121,000","-23,359,000","12,534,000","18,732,000","17,342,000","15,572,000","7,455,000","20,025,000","18,361,000","13,553,000","10,130,000","17,958,000","15,706,000","9,078,000","5,500,000","15,100,000","13,000,000","6,200,000","4,200,000","12,800,000","5,900,000","2,800,000","1,400,000","1,700,000","-900,000","7,000,000","6,000,000","12,500,000","4,900,000","-13,600,000","-4,600,000","7,500,000","5,700,000","6,400,000","1,000,000","7,300,000","4,200,000","2,000,000","-700,000","5,900,000","8,200,000","5,300,000","2,200,000","9,900,000","7,700,000","7,300,000","2,900,000"
			NetIncomeDiscontinuousOperations,,,,,,,,,,,,,,,,,,,,,,,,,,,,,,,,,,"0",,,,"-3,900,000","0","0","0","600,000","155,400,000","21,700,000","16,800,000",,,,,"0","0","0",,,,,,,,,,"-300,000","400,000","200,000",,,,,,,,,,,,,,,,,,,,,,"-13,820,000","1,493,000","-32,000","456,000",,,,,,,,,"6,430,000","980,000","96,077,000","12,790,000",,,,,,,,,,,,,,,,,,,,,,,,,,,,,,,,,,,,,,,,,,,,,,
			NetIncomeExtraordinary,,,,,,,,,,,,,,,,,,,,,,,,,,,,,,,,,,,,,,,,,,,,,,,,,,,,,,,,,,,,,,,,,,,,,,,,,,,,,,,,,,,,,,,,,,,,,,,,,,,,,,,,,,,,,,,,,,,,,,"-46,100,000",,,,,,,,,,,,,,,,,,,,,,,,,,,,,
		MinorityInterests,,,,,,,,,,,,,,,,,,,,,,,,,,,,,,,,,,,,,,,,,,"0","0","0","0","100,000","0","0","100,000","0","0","-2,400,000",,,,,,,,,,,,,,,,,,,,,,,,,,,,,,,,,,,,,,,,,,,,,,,,,,,,,"131,000",,,,,,,,,,,,,,,,,,,,,,,,,,,,,,,,,,,,,,,,,,
	PreferredStockDividends,,,,,,,,,,,,,,,,,,,,,,,,,,,,,,,,,,,,,,,,,,,,,,,,,,,,,,,,,,,,,,,,,,,,,,,,,,,,,,,,,,,,,,,,,,,,,,,,,,,,,,,,,,,,,,,,,,,,,,"0",,,"900,000","800,000","900,000","900,000","900,000","900,000","900,000","900,000","900,000","900,000","900,000",,,,,,,,,,,,,,,,
	OtherunderPreferredStockDividend,,,,,,,,,,,,,,,,,,,,,,,,,,,,,,,,,,,,,,,,,,,,,,,,,,,,"2,400,000",,,,,,,,,,,,,,,,,,,,,,,,,,,,,,,,,,,,,,,,,,,,,,,,,,,,,,,,,,,,,,,,,,,,,,,,,,,,,,,,,,,,,,,,,,,,,,,
DilutedNIAvailtoComStockholders,"487,100,000","139,600,000","131,600,000","118,200,000","97,700,000","120,000,000","105,400,000","67,800,000","51,700,000","91,300,000","87,300,000","102,100,000","89,300,000","126,300,000","104,600,000","114,500,000","98,800,000","22,700,000","93,700,000","92,400,000","87,700,000","82,700,000","83,200,000","87,100,000","73,500,000","79,800,000","73,600,000","71,100,000","58,400,000","53,200,000","50,600,000","57,300,000","46,700,000","42,400,000","46,200,000","42,100,000","39,000,000","39,300,000","37,000,000","35,000,000","47,500,000","32,100,000","182,300,000","50,300,000","41,000,000","32,200,000","32,000,000","16,600,000","30,900,000","22,700,000","34,600,000","21,300,000","8,700,000","6,700,000","21,400,000","31,900,000","21,900,000","17,000,000","24,700,000","27,000,000","19,500,000","18,900,000","17,000,000","25,100,000","15,500,000","16,000,000","9,700,000","6,500,000","14,300,000","4,400,000","3,000,000","17,300,000","10,800,000","12,600,000","6,000,000","19,800,000","13,706,000","11,209,000","10,022,000","17,992,000","12,122,000","-5,106,000","386,000","10,693,000","8,529,000","-11,255,000","8,836,000","17,561,000","14,611,000","4,739,000","12,366,000","13,915,000","11,402,000","10,710,000","10,974,000","12,629,000","10,178,000","16,175,000","9,989,000","107,755,000","19,911,000","16,809,000","12,534,000","18,732,000","17,342,000","15,572,000","7,455,000","20,025,000","18,361,000","13,553,000","10,130,000","17,958,000","15,706,000","9,078,000","5,500,000","15,100,000","13,000,000","-39,900,000","4,200,000","12,800,000","5,000,000","2,000,000","500,000","800,000","-1,800,000","6,100,000","5,100,000","11,600,000","4,000,000","-14,500,000","-5,500,000","7,500,000","5,700,000","2,700,000","1,000,000","7,300,000","4,200,000","-1,700,000","-700,000","5,900,000","8,200,000","4,500,000","2,200,000","9,900,000","7,700,000","6,300,000","2,900,000"
BasicEPS,,"0.885","0.813","0.73","0.603","0.742","0.655","0.421","0.32","0.562","0.535","0.617","0.534","0.751","0.615","0.671","0.577","0.132","0.546","0.537","0.507","0.477","0.48","0.501","0.42","0.454","0.419","0.401","0.328","0.298","0.283","0.318","0.257","0.232","0.25","0.228","0.21","0.213","0.199","0.19","0.255","0.175","0.986","0.272","0.22",,"0.175","0.091","0.169",,"0.189","0.118","0.048",,"0.118","0.177","0.122",,"0.133","0.147","0.107",,"0.093","0.138","0.085",,"0.055","0.037","0.08",,"0.017","0.098","0.062",,"0.035","0.113","0.078",,"0.058","0.113","0.085",,"0.003","0.075","0.06",,"0.063","0.125","0.105",,"0.088","0.1","0.082",,"0.078","0.06","0.047",,"0.042","0.423","0.071",,"0.044","0.067","0.061",,"0.027","0.071","0.066",,"0.036","0.063","0.057",,"0.02","0.027","0.024",,,,,,,,,,,,,,,,,,,,,,,,,,,,,,
DilutedEPS,,"0.87","0.813","0.73","0.6","0.74","0.65","0.42","0.32","0.56","0.53","0.61","0.53","0.74","0.61","0.66","0.57","0.13","0.54","0.53","0.5","0.47","0.47","0.49","0.415","0.45","0.41","0.395","0.325","0.295","0.28","0.315","0.255","0.23","0.25","0.225","0.21","0.213","0.198","0.188","0.255","0.173","0.978","0.27","0.22",,"0.173","0.09","0.168",,"0.189","0.118","0.048",,"0.117","0.177","0.12",,"0.132","0.145","0.105",,"0.092","0.135","0.083",,"0.053","0.037","0.08",,"0.017","0.097","0.06",,"0.033","0.112","0.077",,"0.057","0.11","0.083",,"0.003","0.075","0.06",,"0.062","0.123","0.103",,"0.087","0.098","0.08",,"0.077","0.058","0.046",,"0.04","0.416","0.071",,"0.044","0.067","0.061",,"0.027","0.071","0.066",,"0.036","0.063","0.057",,"0.02","0.027","0.023",,,,,,,,,,,,,,,,,,,,,,,,,,,,,,
BasicAverageShares,,"157,652,567","161,900,139","161,900,139","161,900,139","161,769,759","161,023,017","161,023,017","161,871,788","162,371,408","163,237,608","165,365,148","167,247,348","168,159,148","169,947,632","170,564,532","171,142,730","171,663,130","171,499,234","172,162,734","172,834,734","173,441,584","173,349,912","173,732,470","175,022,270","175,896,866","175,640,612","177,341,492","178,133,000","178,799,066","178,855,430","179,917,996","181,586,812","182,478,396","184,853,376","184,853,376","185,382,308","184,853,376","186,276,000","184,655,744","185,952,000","183,306,000","184,864,388","184,781,580","186,160,000",,"183,364,032","182,363,124","183,034,824",,"104,130,684","181,039,314","181,039,314",,"180,425,532","180,255,132","180,123,510",,"184,247,814","183,790,734","183,423,552",,"182,696,232","182,394,660","181,653,180",,"178,778,316","177,194,664","176,451,624",,"175,787,262","175,657,344","175,190,058",,"174,444,498","174,015,840","173,654,142",,"172,513,314","158,918,442","143,142,006",,"142,247,844","141,869,334","141,067,524",,"140,229,744","140,183,838","140,168,358",,"140,365,626","139,326,462","139,347,480",,"139,749,516","212,384,781","212,219,865",,"229,474,305","237,171,537","257,013,360",,"282,292,641","282,292,641","282,260,250",,"282,190,086","282,190,086","282,190,086",,"282,084,840","282,030,867","281,522,169",,"195,204,000","185,004,000","184,284,000",,,,,,,,,,,,,,,,,,,,,,,,,,,,,,
DilutedAverageShares,,"160,171,000","161,900,139","161,900,139","162,785,000","162,866,000","162,480,000","162,174,000","162,897,605","164,185,000","165,543,000","168,086,000","169,096,000","170,640,000","172,085,000","172,730,000","173,351,000","173,775,000","174,356,000","174,889,000","175,420,000","175,956,000","176,548,000","176,998,000","177,810,000","177,348,000","178,740,000","179,650,000","180,334,000","180,418,000","181,212,000","182,312,000","183,932,000","184,040,000","185,456,000","186,464,000","186,368,000","186,340,000","187,341,772","186,296,000","186,274,510","185,868,000","186,572,000","186,584,000","186,160,000",,"185,016,000","184,446,000","183,882,000",,"182,400,000","181,039,314","181,639,350",,"182,199,120","181,500,846","181,328,706",,"187,020,102","185,995,908","186,029,358",,"186,206,382","186,360,918","185,544,042",,"181,770,354","180,785,634","180,029,058",,"179,137,092","179,480,094","179,474,526",,"178,680,666","177,934,260","177,134,112",,"176,705,748","163,392,510","143,142,006",,"143,552,142","143,473,068","142,969,314",,"141,755,400","142,406,910","142,190,184",,"140,365,626","139,326,462","142,454,076",,"139,749,516","212,384,781","212,219,865",,"229,474,305","237,171,537","257,013,360",,"282,292,641","282,292,641","282,260,250",,"282,190,086","282,190,086","282,190,086",,"282,084,840","282,030,867","281,522,169",,"195,204,000","185,004,000","184,284,000",,,,,,,,,,,,,,,,,,,,,,,,,,,,,,
TotalExpenses,"2,929,400,000","819,100,000","751,900,000","711,500,000","646,900,000","681,600,000","622,300,000","572,300,000","571,200,000","635,800,000","616,300,000","635,400,000","640,100,000","661,600,000","625,700,000","689,500,000","659,400,000","627,800,000","619,000,000","609,600,000","619,800,000","583,300,000","565,300,000","543,300,000","533,600,000","531,900,000","518,500,000","550,500,000","536,500,000","553,200,000","511,800,000","516,600,000","487,200,000","498,200,000","473,300,000","482,700,000","450,300,000","463,500,000","416,900,000","432,600,000","424,800,000","445,700,000","369,700,000","378,500,000","379,700,000","-133,300,000","512,000,000","552,400,000","476,300,000","472,300,000","455,300,000","464,900,000","464,700,000","491,700,000","565,700,000","574,800,000","532,600,000","533,900,000","518,000,000","567,100,000","542,700,000","507,400,000","531,400,000","553,800,000","428,800,000","404,500,000","387,100,000","413,900,000","383,500,000","400,800,000","385,300,000","407,800,000","396,900,000","345,500,000","343,700,000","385,500,000","363,742,000","337,914,000","334,452,000","355,114,000","348,311,000","250,877,000","263,605,000","287,735,000","299,296,000","297,566,000","262,477,000","297,105,000","303,300,000","176,146,000","294,023,000","237,300,000","235,513,000","204,315,000","222,556,000","205,208,000","205,086,000","190,169,000","192,073,000","206,141,000","180,843,000","-428,264,000","360,453,000","394,581,000","396,065,000","371,924,000","340,028,000","364,850,000","357,807,000","327,615,000","313,717,000","317,666,000","311,960,000","291,742,000","259,500,000","289,200,000","271,200,000","253,100,000","232,900,000","253,800,000","236,200,000","212,800,000","208,800,000","237,700,000","199,700,000","198,800,000","214,300,000","243,100,000","225,400,000","212,000,000","221,100,000",,,,,,,,,,,,,,,,
NetIncomeFromContinuingAndDiscontinuedOperation,"487,100,000","139,600,000","131,600,000","118,200,000","97,700,000","120,000,000","105,400,000","67,800,000","51,700,000","91,300,000","87,300,000","102,100,000","89,300,000","126,300,000","104,600,000","114,500,000","98,800,000","22,700,000","93,700,000","92,400,000","87,700,000","82,700,000","83,200,000","87,100,000","73,500,000","79,800,000","73,600,000","71,100,000","58,400,000","53,200,000","50,600,000","57,300,000","46,700,000","42,400,000","46,200,000","42,100,000","39,000,000","39,300,000","37,000,000","35,000,000","47,500,000","32,100,000","182,300,000","50,300,000","41,000,000","32,200,000","32,000,000","16,600,000","30,900,000","22,700,000","34,600,000","21,300,000","8,700,000","6,700,000","21,400,000","31,900,000","21,900,000","17,000,000","24,700,000","27,000,000","19,500,000","18,900,000","17,000,000","25,100,000","15,500,000","16,000,000","9,700,000","6,500,000","14,300,000","4,400,000","3,000,000","17,300,000","10,800,000","12,600,000","6,000,000","19,800,000","13,706,000","11,209,000","10,022,000","17,992,000","12,122,000","-5,106,000","386,000","10,693,000","8,529,000","-11,255,000","8,836,000","17,561,000","14,611,000","4,739,000","12,366,000","13,915,000","11,402,000","10,710,000","10,974,000","12,629,000","10,178,000","16,175,000","9,989,000","107,755,000","19,911,000","16,809,000","12,534,000","18,732,000","17,342,000","15,572,000","7,455,000","20,025,000","18,361,000","13,553,000","10,130,000","17,958,000","15,706,000","9,078,000","5,500,000","15,100,000","13,000,000","6,200,000","4,200,000","12,800,000","5,900,000","2,800,000","1,400,000","1,700,000","-900,000","7,000,000","6,000,000","12,500,000","4,900,000","-13,600,000","-4,600,000","7,500,000","5,700,000","6,400,000","1,000,000","7,300,000","4,200,000","2,000,000","-700,000","5,900,000","8,200,000","8,200,000","2,200,000","9,900,000","7,700,000","7,300,000","2,900,000"
NormalizedIncome,"487,100,000","139,600,000","131,600,000","118,200,000","97,700,000","120,000,000","106,628,800","72,551,900","51,700,000","91,300,000","87,300,000","102,100,000","89,300,000","126,300,000","104,600,000","114,500,000","104,079,600","22,700,000","93,700,000","92,400,000","87,700,000","82,700,000","83,200,000","87,100,000","73,500,000","79,800,000","73,600,000","71,100,000","58,400,000","53,200,000","50,600,000","57,300,000","46,700,000","45,241,622.575","47,180,200","44,985,400","40,161,100","65,539,967.374","30,880,769.231","34,169,960.474","27,725,321.888","18,229,787.234","26,900,000","17,229,756.098","25,779,821.958","-23,078,431.373","32,433,408.578","15,697,826.087","32,507,092.199","27,160,869.565","31,890,238.612","20,742,333.333","10,383,478.261","6,700,000","24,078,200.692","32,128,571.429","24,714,814.815","31,105,000","24,360,481.1","27,818,181.818","20,538,022.814","22,348,800","19,003,619.91","22,836,464.088","19,753,488.372","19,272,727.273","12,192,361.111","12,080,000","14,971,361.502","4,700,000","3,240,000","17,499,615.385","10,933,333.333","12,921,428.571","6,193,548.387","19,732,191.781","13,926,071.49","11,588,877.293","9,899,289.843","17,866,550","12,634,828.847","718,001.011","877,682.805","10,922,469.163","8,906,344.782","-2,153,499.251","8,704,213.265","18,577,101.774","16,704,025.872","14,026,463.675","13,763,520.471","14,919,986.321","12,648,904.402","12,042,385.103","11,561,010.848","13,069,887.297","10,631,164.529","10,547,134.627","9,263,867.954","12,160,451.666","7,697,509.034","-22,603,960.253","13,031,865.307","19,998,505.183","18,213,162.907","15,833,463.974","7,467,608.879","20,747,990.179","19,584,778.815","13,553,000","10,184,184.445","18,533,544.911","15,840,497.343","10,609,453.836","5,080,000","14,240,650.407","12,879,069.767","5,728,260.87","2,362,500","12,800,000","5,572,222.222","4,420,000","1,081,818.182","1,196,296.296","-1,560,000","4,454,545.455","5,100,000","12,304,687.5","5,104,166.667","86,075.949","-4,480,000","7,500,000","5,700,000","6,400,000","1,000,000","7,300,000","4,200,000","2,000,000","-700,000","5,900,000","8,200,000","5,300,000","2,200,000","9,900,000","7,700,000","7,300,000","2,900,000"
InterestIncome,,,,,,,,,,,,,,,,,,,,,,,,,,,,,,,,,,,,,,,"2,200,000",,,,,,,,,,,,,,,,,,,,,,,,,,,,,,,,,,,,,,,,,,,,,,,,,,,,,,,,,,,,,,,,,,,,,,,,,,,,,,,,,,,,,,,,,,,,,,,,,,,,,,,,,,,,
InterestExpense,"4,300,000","1,400,000","1,000,000","900,000","1,000,000","1,000,000","1,600,000","2,500,000","2,200,000","2,500,000","3,100,000","3,400,000","2,000,000","1,800,000","2,000,000","2,300,000","2,300,000","2,900,000","2,500,000","2,500,000","2,200,000","1,600,000","2,100,000","1,900,000","1,700,000","1,400,000","1,600,000","2,500,000","1,900,000","1,400,000","1,500,000","1,400,000","1,400,000","1,200,000","1,400,000","1,600,000","1,500,000","2,100,000","1,900,000","2,200,000","3,000,000","2,900,000","2,500,000","2,100,000","1,800,000","-900,000","2,500,000","2,700,000","2,600,000","3,000,000","2,500,000","3,100,000","3,200,000",,,,,,,,,,,,,,,,,,,,,,,,,,,,,,,,,,,,,,,,,,,,,,,,,,,,,,,,,,,,,,,,,,,,,,,,,,,,,,,,,,,,,,,,,,,,,,
NetInterestIncome,"-4,300,000","-1,400,000","-1,000,000","-900,000","-1,000,000","-1,000,000","-1,600,000","-2,500,000","-2,200,000","-2,500,000","-3,100,000","-3,400,000","-2,000,000","-1,800,000","-2,000,000","-2,300,000","-2,300,000","-2,900,000","-2,500,000","-2,500,000","-2,200,000","-1,600,000","-2,100,000","-1,900,000","-1,700,000","-1,400,000","-1,600,000","-2,500,000","-1,900,000","-1,400,000","-1,500,000","-1,400,000","-1,400,000","-1,200,000","-1,400,000","-1,600,000","-1,500,000","-2,100,000","-1,900,000","-2,200,000","-3,000,000","-2,900,000","-2,500,000","-2,100,000","-1,800,000","900,000","-2,500,000","-2,700,000","-2,600,000","-3,000,000","-2,500,000","-3,100,000","-3,200,000",,,,,,,,,,,,,,,,,,,,,,,,,,,,,,,,,,,,,,,,,,,,,,,,,,,,,,,,,,,,,,,,,,,,,,,,,,,,,,,,,,,,,,,,,,,,,,
EBIT,"629,900,000","183,200,000","167,400,000","152,200,000","127,100,000","152,900,000","138,900,000","89,500,000","69,900,000","118,000,000","115,900,000","135,600,000","113,600,000","156,600,000","133,500,000","148,400,000","127,700,000","143,700,000","134,100,000","130,500,000","122,600,000","118,000,000","120,500,000","126,000,000","105,300,000","110,700,000","108,800,000","105,700,000","84,700,000","75,300,000","70,800,000","80,000,000","66,300,000","57,900,000","62,700,000","62,900,000","58,600,000","63,400,000","53,900,000","52,800,000","72,900,000","49,900,000","42,300,000","43,100,000","35,500,000","-31,500,000","46,800,000","21,100,000","44,900,000","35,200,000","48,600,000","33,100,000","14,700,000","6,100,000","37,000,000","47,400,000","38,800,000","36,000,000","35,500,000","44,400,000","34,500,000","36,200,000","32,600,000","40,700,000","30,400,000","29,500,000","21,300,000","23,800,000","25,700,000","8,600,000","4,600,000","29,500,000","19,600,000","23,300,000","12,700,000","32,100,000","24,170,000","20,576,000","17,947,000","31,170,000","23,616,000","4,664,000","5,527,000","20,513,000","18,939,000","2,470,000","19,108,000","34,176,000","31,743,000","24,722,000","24,284,000","25,470,000","21,823,000","20,365,000","20,698,000","21,472,000","17,869,000","15,618,000","13,891,000","18,797,000","15,405,000","-28,837,000","22,974,000","34,127,000","30,925,000","25,652,000","14,335,000","34,993,000","35,181,000","23,206,000","19,013,000","32,526,000","27,843,000","17,428,000","13,300,000","26,600,000","24,900,000","12,200,000","8,100,000","23,600,000","11,700,000","10,500,000","5,000,000","4,900,000","300,000","8,400,000","10,500,000","22,900,000","11,800,000","4,000,000","-3,400,000","268,200,000","274,400,000","-710,400,000","236,600,000","266,100,000","250,400,000","-702,500,000","222,300,000","250,800,000","261,100,000","-647,600,000","220,600,000","250,400,000","227,700,000","-629,500,000","205,000,000"
EBITDA,"707,800,000"
ReconciledCostOfRevenue,"2,228,000,000","634,900,000","574,300,000","538,400,000","480,400,000","510,400,000","462,900,000","416,400,000","397,400,000","455,900,000","444,000,000","456,700,000","455,400,000","475,500,000","448,100,000","492,300,000","466,500,000","444,800,000","443,200,000","432,300,000","437,700,000","408,500,000","400,600,000","383,300,000","374,200,000","378,800,000","368,400,000","390,200,000","389,300,000","394,900,000","366,300,000","379,200,000","356,300,000","359,000,000","339,600,000","351,100,000","330,300,000","338,700,000","305,400,000","323,700,000","319,500,000","320,800,000","293,300,000","293,400,000","290,400,000","-160,000,000","410,300,000","414,200,000","378,800,000","371,300,000","363,000,000","376,300,000","380,200,000","408,900,000","479,100,000","480,600,000","438,800,000","434,200,000","433,400,000","476,700,000","454,400,000","420,600,000","448,600,000","467,900,000","360,300,000","335,200,000","327,400,000","353,500,000","321,100,000","340,000,000","327,900,000","348,900,000","338,300,000","293,600,000","294,900,000","333,800,000","309,719,000","270,509,000","273,527,000","292,083,000","282,810,000","202,730,000","216,375,000","239,828,000","249,762,000","234,654,000","233,196,000","264,323,000","267,648,000","158,077,000","258,445,000","208,844,000","207,003,000","178,298,000","196,232,000","178,827,000","177,186,000","165,421,000","167,060,000","176,296,000","153,450,000","-438,951,000","329,060,000","361,844,000","363,121,000","343,289,000","313,922,000","335,535,000","328,845,000","297,584,000","286,439,000","291,653,000","286,420,000","297,097,000","227,000,000","253,200,000","238,000,000","239,600,000","224,000,000","244,000,000","226,800,000","213,400,000","201,400,000","221,700,000","190,800,000","191,200,000","206,600,000","232,300,000","216,800,000","204,800,000","196,300,000",,,,,,,,,,,,,,,,
ReconciledDepreciation,"77,900,000","19,900,000","19,000,000","19,500,000","19,500,000","19,300,000","20,700,000","19,900,000","20,100,000","20,200,000","19,700,000","18,200,000","20,200,000","18,700,000","17,800,000","17,500,000","17,900,000","18,200,000","17,600,000","17,400,000","16,900,000","16,400,000","16,600,000","15,900,000","16,200,000","15,700,000","15,700,000","16,000,000","15,600,000","15,400,000","14,800,000","14,800,000","14,800,000","17,500,000","14,200,000","13,900,000","14,100,000","14,200,000","13,900,000","13,100,000","13,400,000","13,800,000","11,400,000","11,000,000","10,800,000","-8,200,000","16,400,000","15,800,000","16,800,000","16,800,000","17,200,000","17,100,000","16,400,000","16,000,000","16,700,000","16,700,000","16,900,000","17,100,000","16,200,000","18,100,000","16,100,000","16,600,000","13,400,000","18,500,000","12,400,000","13,900,000","12,900,000","12,900,000","13,100,000","13,900,000","13,200,000","13,500,000","13,300,000","13,400,000","12,900,000","13,011,000","12,789,000","12,965,000","12,598,000","12,833,000","12,297,000","12,242,000","11,854,000","11,569,000","11,411,000","10,911,000","11,379,000","11,449,000","11,320,000","7,301,000","11,772,000","9,239,000","9,003,000","9,422,000","8,308,000","6,524,000","6,919,000","8,582,000","5,996,000","5,934,000","5,774,000","-24,642,000","16,830,000","15,014,000","15,375,000","14,663,000","14,516,000","13,694,000","12,828,000","12,212,000","12,402,000","13,208,000","11,338,000","11,307,000","10,600,000","10,700,000","10,000,000","-9,900,000","-10,400,000","-9,700,000","-9,500,000","-10,000,000","-8,800,000","-8,800,000","-8,600,000","-9,300,000","-8,100,000","-8,100,000","-8,000,000","-6,700,000","8,300,000",,,,,,,,,,,,,,,,
NetIncomeFromContinuingOperationNetMinorityInterest,"487,100,000","139,600,000","131,600,000","118,200,000","97,700,000","120,000,000","105,400,000","67,800,000","51,700,000","91,300,000","87,300,000","102,100,000","89,300,000","126,300,000","104,600,000","114,500,000","98,800,000","22,700,000","93,700,000","92,400,000","87,700,000","82,700,000","83,200,000","87,100,000","73,500,000","79,800,000","73,600,000","71,100,000","58,400,000","53,200,000","50,600,000","57,300,000","46,700,000","42,400,000","46,200,000","42,100,000","39,000,000","43,200,000","37,000,000","35,000,000","47,500,000","31,500,000","26,900,000","28,600,000","24,200,000","-22,200,000","32,000,000","16,600,000","30,900,000","22,700,000","34,600,000","21,300,000","8,700,000","6,700,000","21,400,000","31,900,000","21,900,000","17,000,000","24,700,000","27,000,000","19,500,000","19,200,000","16,600,000","24,900,000","15,500,000","16,000,000","9,700,000","6,500,000","14,300,000","4,400,000","3,000,000","17,300,000","10,800,000","12,600,000","6,000,000","19,800,000","13,706,000","11,209,000","10,022,000","17,992,000","12,122,000","-5,106,000","386,000","10,693,000","8,529,000","2,565,000","7,343,000","17,593,000","14,155,000","12,587,000","12,366,000","13,915,000","11,402,000","10,710,000","10,974,000","12,629,000","10,178,000","9,745,000","9,009,000","11,678,000","7,121,000","-23,359,000","12,534,000","18,732,000","17,342,000","15,572,000","7,455,000","20,025,000","18,361,000","13,553,000","10,130,000","17,958,000","15,706,000","9,078,000","5,500,000","15,100,000","13,000,000","6,200,000","4,200,000","12,800,000","5,900,000","2,800,000","1,400,000","1,700,000","-900,000","7,000,000","6,000,000","12,500,000","4,900,000","-13,600,000","-4,600,000","7,500,000","5,700,000","6,400,000","1,000,000","7,300,000","4,200,000","2,000,000","-700,000","5,900,000","8,200,000","5,300,000","2,200,000","9,900,000","7,700,000","7,300,000","2,900,000"
TotalUnusualItemsExcludingGoodwill,"0","0","0","0",,"0","-1,600,000","-6,100,000",,"0","0","0","0","0","0","0","-6,700,000",,,,,"0",,,,,,,,"0","0","0","0","-3,800,000","-1,300,000","-4,200,000","-1,700,000","-31,700,000","8,600,000","1,200,000","29,100,000","19,800,000","0","16,300,000","-2,200,000","1,200,000","-600,000","1,000,000","-2,200,000","-6,300,000","3,600,000","700,000","-2,200,000","0","-3,600,000","-300,000","-3,800,000","-21,700,000","400,000","-1,100,000","-1,400,000","-4,100,000","-3,200,000","3,000,000","-5,900,000","-4,500,000","-3,700,000","-9,300,000","-1,000,000","-300,000","-400,000","-300,000","-200,000","-500,000","-300,000","100,000","-336,000","-580,000","183,000","193,000","-789,000","-9,028,000","-763,000","-349,000","-599,000","7,373,000","-2,127,000","-1,523,000","-4,030,000","-2,166,000","-2,073,000","-1,584,000","-1,955,000","-2,041,000","-927,000","-692,000","-722,000","-1,243,000","-394,000","-759,000","-932,000","-1,119,000","-775,000","-2,022,000","-1,383,000","-395,000","-20,000","-1,147,000","-1,984,000",,"-87,000","-922,000","-216,000","-2,379,000","700,000","1,400,000","200,000","700,000","2,800,000",,"500,000","-2,700,000","500,000","800,000","1,100,000","2,800,000","1,200,000","300,000","-300,000","-15,900,000","-200,000",,,,,,,,,,,,,,,,
TotalUnusualItems,"0","0","0","0",,"0","-1,600,000","-6,100,000",,"0","0","0","0","0","0","0","-6,700,000",,,,,"0",,,,,,,,"0","0","0","0","-3,800,000","-1,300,000","-4,200,000","-1,700,000","-31,700,000","8,600,000","1,200,000","29,100,000","19,800,000","0","16,300,000","-2,200,000","1,200,000","-600,000","1,000,000","-2,200,000","-6,300,000","3,600,000","700,000","-2,200,000","0","-3,600,000","-300,000","-3,800,000","-21,700,000","400,000","-1,100,000","-1,400,000","-4,100,000","-3,200,000","3,000,000","-5,900,000","-4,500,000","-3,700,000","-9,300,000","-1,000,000","-300,000","-400,000","-300,000","-200,000","-500,000","-300,000","100,000","-336,000","-580,000","183,000","193,000","-789,000","-9,028,000","-763,000","-349,000","-599,000","7,373,000","-2,127,000","-1,523,000","-4,030,000","-2,166,000","-2,073,000","-1,584,000","-1,955,000","-2,041,000","-927,000","-692,000","-722,000","-1,243,000","-394,000","-759,000","-932,000","-1,119,000","-775,000","-2,022,000","-1,383,000","-395,000","-20,000","-1,147,000","-1,984,000",,"-87,000","-922,000","-216,000","-2,379,000","700,000","1,400,000","200,000","700,000","2,800,000",,"500,000","-2,700,000","500,000","800,000","1,100,000","2,800,000","1,200,000","300,000","-300,000","-15,900,000","-200,000",,,,,,,,,,,,,,,,
NormalizedEBITDA,"707,800,000","203,100,000","186,400,000","171,700,000","146,600,000","172,200,000","161,200,000","115,500,000","90,000,000","138,200,000","135,600,000","153,800,000","133,800,000","175,300,000","151,300,000","165,900,000","152,300,000","161,900,000","151,700,000","147,900,000","139,500,000","134,400,000","137,100,000","141,900,000","121,500,000","126,400,000","124,500,000","121,700,000","100,300,000","90,700,000","85,600,000","94,800,000","81,100,000","79,200,000","78,200,000","81,000,000","74,400,000","109,300,000","59,200,000","64,700,000","57,200,000","43,900,000","53,700,000","37,800,000","48,500,000","-32,700,000","63,800,000","35,900,000","63,900,000","58,300,000","62,200,000","49,500,000","33,300,000","22,100,000","57,300,000","64,400,000","59,500,000","74,800,000","51,300,000","63,600,000","52,000,000","56,900,000","49,200,000","56,200,000","48,700,000","47,900,000","37,900,000","46,000,000","39,800,000","22,800,000","18,200,000","43,300,000","33,100,000","37,200,000","25,900,000","45,011,000","37,295,000","34,121,000","30,362,000","43,810,000","36,702,000","25,934,000","18,144,000","32,431,000","30,949,000","6,008,000","32,614,000","47,148,000","47,093,000","34,189,000","38,129,000","36,293,000","32,781,000","31,828,000","29,933,000","28,688,000","25,510,000","25,443,000","20,281,000","25,490,000","22,111,000","-27,718,000","40,579,000","51,163,000","47,683,000","40,710,000","28,871,000","49,834,000","49,993,000","35,418,000","31,502,000","46,656,000","39,397,000","31,114,000","23,200,000","35,900,000","34,700,000","21,400,000","15,700,000","33,200,000","20,700,000","23,200,000","13,300,000","12,900,000","7,800,000","14,900,000","17,400,000","30,700,000","20,100,000","26,600,000","5,100,000","268,200,000","274,400,000","-710,400,000","236,600,000","266,100,000","250,400,000","-702,500,000","222,300,000","250,800,000","261,100,000","-647,600,000","220,600,000","250,400,000","227,700,000","-629,500,000","205,000,000"
TaxRateForCalcs,"0.221","0.232","0.209","0.219","0.225","0.21","0.232","0.221","0.236","0.21","0.226","0.228","0.2","0.184","0.205","0.216","0.212","0.4","0.288","0.278","0.272","0.29","0.297","0.298","0.29","0.27","0.313","0.311","0.295","0.28","0.27","0.271","0.28","0.252","0.246","0.313","0.317","0.295","0.288","0.308","0.32","0.33","0.324","0.302","0.282","0.268","0.278","0.098","0.27","0.292","0.247","0.203","0.235","0.295","0.256","0.238","0.259","0.35","0.151","0.256","0.259","0.232","0.249","0.312","0.279","0.273","0.326","0.4","0.329","0","0.4","0.335","0.333","0.357","0.355","0.322","0.345","0.345","0.329","0.35","0.35","0.355","0.356","0.342","0.37","0.36","0.36","0.354","0.367","0.335","0.326","0.366","0.362","0.347","0.367","0.363","0.372","0.355","0.353","0.364","0.381","0.325","0.358","0.374","0.37","0.338","0.37","0.37","0.383","0.384","0.377","0.376","0.377","0.356","0.4","0.386","0.395","0.326","0.344","0.369","0.344","0.4","0.364","0.37","0.4","0.091","0.25","0.349","0.319","0.139","0.4","0.4","0.4","0.4","0.4","0.4","0.4","0.4","0.4","0.4","0.4","0.4","0.4","0.4","0.4","0.4","0.4"
TaxEffectOfUnusualItems,"0","0","0","0","0","0","-371,200","-1,348,100","0","0","0","0","0","0","0","0","-1,420,400","0","0","0","0","0","0","0","0","0","0","0","0","0","0","0","0","-958,377.425","-319,800","-1,314,600","-538,900","-9,360,032.626","2,480,769.231","369,960.474","9,325,321.888","6,529,787.234","0","4,929,756.098","-620,178.042","321,568.627","-166,591.422","97,826.087","-592,907.801","-1,839,130.435","890,238.612","142,333.333","-516,521.739","0","-921,799.308","-71,428.571","-985,185.185","-7,595,000","60,481.1","-281,818.182","-361,977.186","-951,200","-796,380.09","936,464.088","-1,646,511.628","-1,227,272.727","-1,207,638.889","-3,720,000","-328,638.498","0","-160,000","-100,384.615","-66,666.667","-178,571.429","-106,451.613","32,191.781","-115,928.51","-200,122.707","60,289.843","67,550","-276,171.153","-3,203,998.989","-271,317.195","-119,530.837","-221,655.218","2,654,500.749","-765,786.735","-538,898.226","-1,480,974.128","-726,536.325","-675,479.529","-579,013.679","-708,095.598","-708,614.897","-339,989.152","-251,112.703","-268,835.471","-440,865.373","-139,132.046","-276,548.334","-355,490.966","-363,960.253","-277,134.693","-755,494.817","-511,837.093","-133,536.026","-7,391.121","-424,009.821","-760,221.185","0","-32,815.555","-346,455.089","-81,502.657","-847,546.164","280,000","540,650.407","79,069.767","228,260.87","962,500","0","172,222.222","-1,080,000","181,818.182","296,296.296","440,000","254,545.455","300,000","104,687.5","-95,833.333","-2,213,924.051","-80,000","0","0","0","0","0","0","0","0","0","0","0","0","0","0","0","0"