name,ttm,12/31/2021,09/30/2021,06/30/2021,03/31/2021,12/31/2020,09/30/2020,06/30/2020,03/31/2020,12/31/2019,09/30/2019,06/30/2019,03/31/2019,12/31/2018,09/30/2018,06/30/2018,03/31/2018,12/31/2017,09/30/2017,06/30/2017,03/31/2017,12/31/2016,09/30/2016,06/30/2016,03/31/2016,12/31/2015,09/30/2015,06/30/2015,03/31/2015,12/31/2014,09/30/2014,06/30/2014,03/31/2014,12/31/2013,09/30/2013,06/30/2013,03/31/2013,12/31/2012,09/30/2012,06/30/2012,03/31/2012,12/31/2011,09/30/2011,06/30/2011,03/31/2011,12/31/2010,09/30/2010,06/30/2010,03/31/2010,12/31/2009,09/30/2009,06/30/2009,03/31/2009,12/31/2008,09/30/2008,06/30/2008,03/31/2008,12/31/2007,09/30/2007,06/30/2007,03/31/2007,12/31/2006,09/30/2006,06/30/2006,03/31/2006,12/31/2005,09/30/2005,06/30/2005,03/31/2005,12/31/2004,09/30/2004,06/30/2004,03/31/2004,12/31/2003,09/30/2003,06/30/2003,03/31/2003,12/31/2002,09/30/2002,06/30/2002,03/31/2002,12/31/2001,09/30/2001,06/30/2001,03/31/2001,12/31/2000,09/30/2000,06/30/2000,03/31/2000,12/31/1999,09/30/1999,06/30/1999,03/31/1999,12/31/1998,09/30/1998,06/30/1998,03/31/1998,12/31/1997,09/30/1997,06/30/1997,03/31/1997,12/31/1996,09/30/1996,06/30/1996,03/31/1996,12/31/1995,09/30/1995,06/30/1995,03/31/1995,12/31/1994,09/30/1994,06/30/1994,03/31/1994,12/31/1993,09/30/1993,06/30/1993,03/31/1993,12/31/1992,09/30/1992,06/30/1992,03/31/1992,12/31/1991,09/30/1991,06/30/1991,03/31/1991,12/31/1990,09/30/1990,06/30/1990,03/31/1990,12/31/1989,09/30/1989,06/30/1989,03/31/1989,12/31/1988,09/30/1988,06/30/1988,03/31/1988,12/31/1987,09/30/1987,06/30/1987,03/31/1987,12/31/1986,09/30/1986,06/30/1986,03/31/1986,12/31/1985,09/30/1985
TotalRevenue,"7,985,000,000","2,299,000,000","2,059,000,000","1,756,000,000","1,871,000,000","1,219,000,000","1,120,000,000","752,000,000","1,344,000,000","1,625,000,000","1,438,000,000","1,598,000,000","1,654,000,000","1,703,000,000","1,976,000,000","1,936,000,000","1,728,000,000","1,640,000,000","1,389,000,000","1,346,000,000","1,512,000,000","1,455,000,000","1,439,000,000","1,386,000,000","1,060,000,000","1,221,000,000","1,572,000,000","1,952,000,000","1,806,000,000","2,926,000,000","3,468,000,000","3,708,000,000","3,647,000,000","3,728,000,000","4,409,000,000","4,119,000,000","4,146,000,000","4,393,000,000","4,141,000,000","3,972,000,000","4,536,000,000","4,297,000,000","4,328,000,000","4,338,000,000","3,925,000,000","3,434,180,000","3,012,659,000","2,971,910,000","2,673,251,000","2,555,192,000","2,332,431,000","2,093,378,000","1,633,825,000","1,876,890,000","3,368,882,000","3,904,118,000","3,187,741,000","3,012,166,000","2,498,594,000","2,444,031,000","2,023,067,000","1,966,678,000","2,261,481,000","2,085,127,000","1,999,102,000","2,101,673,000","2,061,052,000","1,759,231,000","1,662,288,000","1,534,903,000","1,407,002,000","1,240,733,000","1,149,939,000","1,064,793,000","1,104,541,000","1,054,356,000","966,609,000","730,248,000","645,189,000","645,773,000","520,336,000","20,529,116,000","652,424,000","800,443,000","795,143,000","725,146,000","625,059,000","488,087,000","446,117,000","445,700,000","385,400,000","281,600,000","187,700,000","198,600,000","211,700,000","220,100,000","246,800,000","323,300,000","276,700,000","258,000,000","322,500,000","305,200,000","242,200,000","222,800,000","205,900,000","203,400,000","178,100,000","202,900,000","157,200,000","143,500,000","140,100,000","133,200,000","121,000,000","124,400,000","119,900,000","111,100,000","107,800,000","119,500,000","111,200,000","102,100,000","90,300,000","116,400,000","111,900,000","60,500,000","68,000,000","80,900,000","65,000,000","58,500,000","69,000,000","65,700,000","60,500,000","58,800,000","60,400,000","54,000,000","28,900,000","28,800,000","29,800,000","22,600,000","25,300,000","27,500,000","25,000,000","73,100,000","44,500,000","21,500,000","32,600,000","34,100,000","28,400,000"
	OperatingRevenue,"7,985,000,000","2,299,000,000","2,059,000,000","1,756,000,000","1,871,000,000","1,219,000,000","1,120,000,000","752,000,000","1,344,000,000","1,625,000,000","1,438,000,000","1,598,000,000","1,654,000,000","1,703,000,000","1,976,000,000","1,936,000,000","1,728,000,000","1,640,000,000","1,389,000,000","1,346,000,000","1,512,000,000","1,455,000,000","1,439,000,000","1,386,000,000","1,060,000,000","1,221,000,000","1,572,000,000","1,952,000,000","1,806,000,000","2,926,000,000","3,468,000,000","3,708,000,000","3,647,000,000","3,728,000,000","4,409,000,000","4,119,000,000","4,146,000,000","4,393,000,000","4,141,000,000","3,972,000,000","4,536,000,000","4,297,000,000","4,328,000,000","4,338,000,000","3,925,000,000","3,434,180,000","3,012,659,000","2,971,910,000","2,673,251,000","2,555,192,000","2,332,431,000","2,093,378,000","1,633,825,000","1,876,890,000","3,368,882,000","3,904,118,000","3,187,741,000","2,996,290,000","2,498,594,000","2,444,031,000","2,023,067,000","1,966,013,000","2,072,815,000","2,085,127,000","1,950,298,000","2,101,673,000","2,061,052,000","1,759,231,000","1,662,288,000","1,510,343,000","1,407,002,000","1,240,733,000","1,149,939,000","1,064,793,000","1,104,541,000","1,054,356,000","966,609,000","730,248,000","645,189,000","645,773,000","520,336,000","529,116,000","652,424,000","800,443,000","795,143,000","725,146,000","625,059,000","488,087,000","446,117,000","445,700,000","385,400,000","281,600,000","187,700,000","198,600,000","211,700,000","220,100,000","246,800,000","323,300,000","276,700,000","258,000,000","322,500,000","305,200,000","242,200,000","222,800,000","205,900,000","203,400,000","178,100,000","202,900,000","157,200,000","143,500,000","140,100,000","133,200,000","121,000,000","124,400,000","119,900,000","111,100,000","107,800,000","119,500,000","111,200,000","102,100,000","90,300,000","116,400,000","111,900,000","60,500,000","68,000,000","80,900,000","65,000,000","58,500,000","69,000,000","65,700,000","60,500,000","58,800,000","60,400,000","54,000,000","28,900,000","28,800,000","29,800,000","22,600,000","25,300,000","27,500,000","25,000,000","73,100,000","44,500,000","21,500,000","32,600,000","34,100,000","28,400,000"
CostOfRevenue,"4,445,000,000","1,187,000,000","1,115,000,000","985,000,000","1,158,000,000","877,000,000","795,000,000","800,000,000","1,058,000,000","1,140,000,000","1,127,000,000","1,067,000,000","1,099,000,000","1,074,000,000","1,084,000,000","1,046,000,000","983,000,000","942,000,000","956,000,000","992,000,000","969,000,000","1,043,000,000","1,081,000,000","1,080,000,000","1,512,000,000","8,123,000,000","7,137,000,000","7,338,000,000","9,001,000,000","5,347,000,000","3,554,000,000","2,136,000,000","1,873,000,000","2,386,000,000","3,074,000,000","2,313,000,000","2,280,000,000","2,266,000,000","2,916,000,000","72,000,000","77,000,000","75,000,000","72,000,000","73,000,000","699,000,000","51,757,000","42,840,000","488,987,000","480,611,000","453,492,000","481,767,000","438,752,000","33,339,000","553,456,000","530,541,000","486,505,000","495,614,000","501,592,000","452,906,000","449,001,000","420,534,000","424,168,000","386,599,000","338,211,000","317,718,000","298,610,000","303,566,000","281,608,000","256,951,000","233,336,000","226,666,000","228,251,000","225,663,000","201,188,000","211,522,000","201,417,000","145,996,000","128,556,000","127,165,000","114,191,000","112,577,000","112,305,000","103,301,000","101,420,000","90,107,000","32,684,000","82,531,000","69,609,000","70,427,000","114,600,000","105,100,000","86,300,000","71,000,000","80,900,000","78,300,000","79,000,000","87,800,000","114,700,000","97,500,000","96,600,000","119,300,000","108,400,000","86,700,000","84,300,000","84,900,000","83,700,000","70,700,000","82,200,000","63,600,000","48,500,000","47,200,000","45,000,000","42,200,000","61,900,000","41,100,000","35,600,000","33,600,000","37,300,000","40,000,000","36,000,000","33,500,000","37,500,000","41,100,000","17,000,000","14,800,000","29,300,000","14,700,000","15,600,000","18,000,000",,,,,,,,,,,,,,,,,,
GrossProfit,"3,540,000,000","1,112,000,000","944,000,000","771,000,000","713,000,000","342,000,000","325,000,000","-48,000,000","286,000,000","485,000,000","311,000,000","531,000,000","555,000,000","629,000,000","892,000,000","890,000,000","745,000,000","698,000,000","433,000,000","354,000,000","543,000,000","412,000,000","358,000,000","306,000,000","-452,000,000","-6,902,000,000","-5,565,000,000","-5,386,000,000","-7,195,000,000","-2,421,000,000","-86,000,000","1,572,000,000","1,774,000,000","1,342,000,000","1,335,000,000","1,806,000,000","1,866,000,000","2,127,000,000","1,225,000,000","3,900,000,000","4,459,000,000","4,222,000,000","4,256,000,000","4,265,000,000","3,226,000,000","3,382,423,000","2,969,819,000","2,482,923,000","2,192,640,000","2,101,700,000","1,850,664,000","1,654,626,000","1,600,486,000","1,323,434,000","2,838,341,000","3,417,613,000","2,692,127,000","2,510,574,000","2,045,688,000","1,995,030,000","1,602,533,000","1,542,510,000","1,874,882,000","1,746,916,000","1,681,384,000","1,803,063,000","1,757,486,000","1,477,623,000","1,405,337,000","1,301,567,000","1,180,336,000","1,012,482,000","924,276,000","863,605,000","893,019,000","852,939,000","820,613,000","601,692,000","518,024,000","531,582,000","407,759,000","20,416,811,000","549,123,000","699,023,000","705,036,000","692,462,000","542,528,000","418,478,000","375,690,000","331,100,000","280,300,000","195,300,000","116,700,000","117,700,000","133,400,000","141,100,000","159,000,000","208,600,000","179,200,000","161,400,000","203,200,000","196,800,000","155,500,000","138,500,000","121,000,000","119,700,000","107,400,000","120,700,000","93,600,000","95,000,000","92,900,000","88,200,000","78,800,000","62,500,000","78,800,000","75,500,000","74,200,000","82,200,000","71,200,000","66,100,000","56,800,000","78,900,000","70,800,000","43,500,000","53,200,000","51,600,000","50,300,000","42,900,000","51,000,000",,,,,,,,,,,,,,,,,,
OperatingExpense,"620,000,000","213,000,000","147,000,000","117,000,000","143,000,000","201,000,000","162,000,000","197,000,000","172,000,000","753,000,000","184,000,000","273,000,000","262,000,000","413,000,000","254,000,000","278,000,000","265,000,000","266,000,000","405,000,000","221,000,000","248,000,000","323,000,000","318,000,000","318,000,000","150,000,000","142,000,000","303,000,000","177,000,000","195,000,000","496,000,000","329,000,000","370,000,000","296,000,000","424,000,000","346,000,000","364,000,000","493,000,000","444,000,000","313,000,000","3,028,000,000","2,853,000,000","2,241,000,000","2,121,000,000","2,087,000,000","1,250,000,000","1,876,933,000","1,573,111,000","1,033,173,000","902,586,000","942,669,000","892,321,000","781,570,000","3,597,901,000","6,208,055,000","963,546,000","1,005,088,000","945,490,000","888,472,000","787,399,000","792,920,000","696,047,000","695,950,000","659,027,000","662,031,000","564,663,000","549,996,000","557,600,000","499,653,000","462,668,000","389,259,000","397,295,000","365,418,000","339,593,000","362,572,000","369,721,000","336,208,000","267,265,000","257,245,000","249,863,000","255,082,000","251,224,000","256,942,000","257,560,000","252,625,000","214,701,000","244,392,000","172,481,000","153,384,000","148,077,000","147,500,000","135,500,000","118,600,000","99,800,000","343,200,000","109,800,000","108,600,000","109,700,000","113,800,000","108,800,000","103,600,000","99,700,000","97,000,000","91,500,000","85,700,000","81,900,000","84,300,000","83,400,000","90,400,000","73,000,000","72,100,000","70,300,000","68,400,000","60,700,000","41,800,000","66,600,000","52,700,000","52,200,000","58,700,000","52,000,000","51,600,000","46,000,000","54,000,000","58,900,000","32,600,000","33,900,000","42,900,000","33,800,000","30,000,000","31,600,000",,,,,,,,,,,,,,,,,,
	SellingGeneralAndAdministration,"376,000,000","137,000,000","70,000,000","86,000,000","83,000,000","76,000,000","52,000,000","94,000,000","68,000,000","83,000,000","98,000,000","102,000,000","123,000,000","101,000,000","99,000,000","117,000,000","114,000,000","88,000,000","98,000,000","106,000,000","103,000,000","112,000,000","102,000,000","103,000,000","93,000,000","98,000,000","86,000,000","111,000,000","79,000,000","125,000,000","112,000,000","94,000,000","119,000,000","127,000,000","127,000,000","133,000,000","116,000,000","147,000,000","124,000,000","132,000,000","128,000,000","132,000,000","112,000,000","103,000,000","112,000,000","104,113,000","96,908,000","91,829,000","87,150,000","85,440,000","82,492,000","90,905,000","85,046,000","69,938,000","57,561,000","78,872,000","82,423,000","75,000,000","61,405,000","70,798,000","67,862,000","59,690,000","53,781,000","52,191,000","45,672,000","45,812,000","50,047,000","52,002,000","50,411,000","45,878,000","35,975,000","47,491,000","43,850,000","45,427,000","34,692,000","30,574,000","27,831,000","25,758,000","25,463,000","28,015,000","25,352,000","22,347,000","22,794,000","23,193,000","20,376,000","26,284,000","18,089,000","16,593,000","14,649,000","16,100,000","15,200,000","12,100,000","10,300,000","6,700,000","13,900,000","10,200,000","10,000,000","11,400,000","8,700,000","8,900,000","9,100,000","9,900,000","8,900,000","8,200,000","8,900,000","8,800,000","7,700,000","10,400,000","9,100,000","8,800,000","8,200,000","9,300,000","8,600,000","8,000,000","8,300,000","8,100,000","8,800,000","9,300,000","8,600,000","8,900,000","8,100,000","11,300,000","19,300,000","6,700,000","5,900,000","6,500,000","5,500,000","5,200,000","4,300,000",,,,,,,,,,,,,,,,,,
		GeneralAndAdministrativeExpense,"376,000,000","137,000,000","70,000,000","86,000,000","83,000,000","76,000,000","52,000,000","94,000,000","68,000,000","83,000,000","98,000,000","102,000,000","123,000,000","101,000,000","99,000,000","117,000,000","114,000,000","88,000,000","98,000,000","106,000,000","103,000,000","112,000,000","102,000,000","103,000,000","93,000,000","98,000,000","86,000,000","111,000,000","79,000,000","125,000,000","112,000,000","94,000,000","119,000,000","127,000,000","127,000,000","133,000,000","116,000,000","147,000,000","124,000,000","132,000,000","128,000,000",,,,,,,,,,"82,492,000",,,,,,,,,,,,,,,,,,,,,,,,,,,,,,,,,,,,,,,,,,,,,,,,,,,,,,,,,,,,,,,,,,,,,,,,,,,,,,,,,,,,,,,,,,,,,,,,
			OtherGandA,"376,000,000","137,000,000","70,000,000","86,000,000","83,000,000","76,000,000","52,000,000","94,000,000","68,000,000","83,000,000","98,000,000","102,000,000","123,000,000","101,000,000","99,000,000","117,000,000","114,000,000","88,000,000","98,000,000","106,000,000","103,000,000","112,000,000","102,000,000","103,000,000","93,000,000","98,000,000","86,000,000","111,000,000","79,000,000","125,000,000","112,000,000","94,000,000","119,000,000","127,000,000","127,000,000","133,000,000","116,000,000","147,000,000","124,000,000","132,000,000","128,000,000",,,,,,,,,,,,,,,,,,,,,,,,,,,,,,,,,,,,,,,,,,,,,,,,,,,,,,,,,,,,,,,,,,,,,,,,,,,,,,,,,,,,,,,,,,,,,,,,,,,,,,,,,,
	DepreciationAmortizationDepletionIncomeStatement,,,,,,,,,,,"44,000,000","40,000,000","39,000,000","35,000,000","35,000,000","35,000,000","35,000,000","35,000,000","35,000,000","36,000,000","38,000,000","38,000,000","38,000,000","40,000,000","42,000,000","79,000,000","79,000,000","83,000,000","98,000,000","114,000,000","100,000,000","99,000,000","97,000,000","113,000,000","99,000,000","93,000,000","105,000,000",,,"1,932,000,000","1,740,000,000","1,174,000,000","1,065,000,000","1,029,000,000","936,000,000","928,514,000","786,237,000","729,751,000","638,498,000","615,189,000","625,898,000","573,359,000","3,398,778,000","5,998,716,000","601,705,000","627,668,000","620,489,000","624,975,000","600,796,000","591,107,000","530,913,000","514,802,000","487,542,000","441,438,000","372,577,000","360,099,000","357,159,000","361,058,000","340,071,000","327,324,000","314,172,000","296,332,000","286,795,000","294,235,000","293,442,000","272,892,000","214,880,000","213,791,000","209,318,000","211,256,000","211,373,000","222,965,000","218,110,000","209,184,000","173,032,000","158,935,000","154,392,000","136,791,000","133,428,000","131,400,000","120,300,000","106,500,000","89,500,000","336,500,000","95,900,000","98,400,000","99,700,000","102,400,000","100,100,000","94,700,000","90,600,000","87,100,000","82,600,000","77,500,000","73,000,000","75,500,000","75,700,000","80,000,000","63,900,000","63,300,000","62,100,000","59,100,000","52,100,000","33,800,000","58,300,000","44,600,000","43,400,000","49,400,000","43,400,000","42,700,000","37,900,000","42,700,000","39,600,000","25,900,000","28,000,000","36,400,000","28,300,000","24,800,000","27,300,000",,,,,,,,,,,,,,,,,,
		DepreciationAndAmortizationInIncomeStatement,,,,,,,,,,,"44,000,000","40,000,000","39,000,000","35,000,000","35,000,000","35,000,000","35,000,000","35,000,000","35,000,000","36,000,000","38,000,000","38,000,000","38,000,000","40,000,000","42,000,000","79,000,000","79,000,000","83,000,000","98,000,000","114,000,000","100,000,000","99,000,000","97,000,000","113,000,000","99,000,000","93,000,000","105,000,000",,,,,,,"1,029,000,000",,"928,514,000","786,237,000","729,751,000","638,498,000","615,189,000","625,898,000","573,359,000",,"5,998,716,000","601,705,000","627,668,000","620,489,000","624,975,000","600,796,000","591,107,000","530,913,000","514,802,000","487,542,000","441,438,000","372,577,000","360,099,000","357,159,000","361,058,000","340,071,000","327,324,000","314,172,000","296,332,000","286,795,000","294,235,000","293,442,000","272,892,000","214,880,000","213,791,000","209,318,000","211,256,000","211,373,000","222,965,000","218,110,000","209,184,000","173,032,000","158,935,000","154,392,000","136,791,000","133,428,000","131,400,000","120,300,000","106,500,000","89,500,000","336,500,000","95,900,000","98,400,000","99,700,000","102,400,000","100,100,000","94,700,000","90,600,000","87,100,000","82,600,000","77,500,000","73,000,000","75,500,000","75,700,000","80,000,000","63,900,000","63,300,000","62,100,000","59,100,000","52,100,000","33,800,000","58,300,000","44,600,000","43,400,000","49,400,000","43,400,000","42,700,000","37,900,000","42,700,000","39,600,000","25,900,000","28,000,000","36,400,000","28,300,000","24,800,000","27,300,000",,,,,,,,,,,,,,,,,,
			DepreciationIncomeStatement,,,,,,,,,,,"44,000,000","40,000,000","39,000,000","35,000,000","35,000,000","35,000,000","35,000,000","35,000,000","35,000,000","36,000,000","38,000,000","38,000,000","38,000,000","40,000,000","42,000,000","79,000,000","79,000,000","83,000,000","98,000,000","114,000,000","100,000,000","99,000,000","97,000,000","113,000,000","99,000,000","93,000,000","105,000,000",,,,,,,,,,,,,,,,,,,,,,,,,,,,,,,,,,,,,,,,,,,,,,,,,,,,,,,,,,,,,,,,,,,,,,,,,,,,,,,,,,,,,,,,,,,,,,,,,,,,,,,,,,,,,,
	OtherTaxes,"204,000,000","55,000,000","54,000,000","51,000,000","44,000,000","33,000,000","34,000,000","23,000,000","33,000,000","66,000,000","44,000,000","46,000,000","51,000,000","53,000,000","58,000,000","49,000,000","55,000,000","34,000,000","46,000,000","29,000,000","42,000,000","41,000,000","9,000,000","65,000,000","11,000,000","50,000,000","104,000,000","55,000,000","84,000,000","146,000,000","170,000,000","181,000,000","181,000,000","222,000,000","185,000,000","183,000,000","242,000,000","235,000,000","167,000,000","203,000,000","257,000,000","236,000,000","244,000,000","255,000,000","164,000,000","167,602,000","158,627,000","186,833,000","176,938,000","192,225,000","183,931,000","115,941,000","87,339,000","139,401,000","304,280,000","298,548,000","242,578,000","188,497,000","125,198,000","131,015,000","97,272,000","121,458,000","117,704,000","168,402,000","146,414,000","144,085,000","150,394,000","86,593,000","72,186,000","16,057,000","47,148,000","21,595,000","8,948,000","22,910,000","41,587,000","32,742,000","24,554,000","17,696,000","15,082,000","15,811,000","14,499,000","11,630,000","16,656,000","20,248,000","21,293,000",,,,,,,,,,,,,,,,,,,,,,,,,,,,,,,,,,,,,,,,,,,,,,,,,,,,,,,,,,,,,,
	OtherOperatingExpenses,"40,000,000","21,000,000","23,000,000","-20,000,000","16,000,000","92,000,000","76,000,000","80,000,000","71,000,000","604,000,000","42,000,000","125,000,000","88,000,000","259,000,000","97,000,000","112,000,000","96,000,000","144,000,000","261,000,000","86,000,000","103,000,000","170,000,000","207,000,000","150,000,000","46,000,000","-6,000,000","113,000,000","11,000,000","32,000,000","225,000,000","47,000,000","95,000,000","-4,000,000","75,000,000","34,000,000","48,000,000","135,000,000","62,000,000","22,000,000","761,000,000","728,000,000","699,000,000","700,000,000","700,000,000","38,000,000","676,704,000","531,339,000","24,760,000",,,,"1,365,000","26,738,000",,,,,,,,,,,,,,,,,,,,,,,,,,,,,,,,,,,,,,,,,,,,,,,,,,,,,,,,,,,,,,,,,,,,,,,,,,,,,,,,,,,,,,,,,,,,,,
OperatingIncome,"2,920,000,000","899,000,000","797,000,000","654,000,000","570,000,000","141,000,000","163,000,000","-245,000,000","114,000,000","-268,000,000","127,000,000","258,000,000","293,000,000","216,000,000","638,000,000","612,000,000","480,000,000","432,000,000","28,000,000","133,000,000","295,000,000","89,000,000","40,000,000","-12,000,000","-602,000,000","-7,044,000,000","-5,868,000,000","-5,563,000,000","-7,390,000,000","-2,917,000,000","-415,000,000","1,202,000,000","1,478,000,000","918,000,000","989,000,000","1,442,000,000","1,373,000,000","1,683,000,000","912,000,000","872,000,000","1,606,000,000","1,981,000,000","2,135,000,000","2,178,000,000","1,976,000,000","1,505,490,000","1,396,708,000","1,449,750,000","1,290,054,000","1,159,031,000","958,343,000","873,056,000","-1,997,415,000","-4,884,621,000","1,874,795,000","2,412,525,000","1,746,637,000","1,622,102,000","1,258,289,000","1,202,110,000","906,486,000","846,560,000","1,215,855,000","1,084,885,000","1,116,721,000","1,253,067,000","1,199,886,000","977,970,000","942,669,000","912,308,000","783,041,000","647,064,000","584,683,000","501,033,000","523,298,000","516,731,000","553,348,000","344,447,000","268,161,000","276,500,000","156,535,000","20,159,869,000","291,563,000","446,398,000","490,335,000","448,070,000","370,047,000","265,094,000","227,613,000","183,600,000","144,800,000","76,700,000","16,900,000","-225,500,000","23,600,000","32,500,000","49,300,000","94,800,000","70,400,000","57,800,000","103,500,000","99,800,000","64,000,000","52,800,000","39,100,000","35,400,000","24,000,000","30,300,000","20,600,000","22,900,000","22,600,000","19,800,000","18,100,000","20,700,000","12,200,000","22,800,000","22,000,000","23,500,000","19,200,000","14,500,000","10,800,000","24,900,000","11,900,000","10,900,000","19,300,000","8,700,000","16,500,000","12,900,000","19,400,000","-149,200,000","60,500,000","58,800,000","60,400,000","-66,100,000","28,900,000","28,800,000","29,800,000","-206,400,000","25,300,000","27,500,000","25,000,000","-103,700,000","44,500,000","21,500,000","32,600,000","-79,300,000","28,400,000"
NetNonOperatingInterestIncomeExpense,"-410,000,000","-92,000,000","-100,000,000","-108,000,000","-110,000,000","-107,000,000","-111,000,000","-106,000,000","-103,000,000","-97,000,000","-95,000,000","-98,000,000","-97,000,000","-93,000,000","-98,000,000","-94,000,000","-99,000,000","-97,000,000","-101,000,000","-99,000,000","-99,000,000","-105,000,000","-102,000,000","-104,000,000","-90,000,000","-59,000,000","-68,000,000","-63,000,000","-46,000,000","-27,000,000","-41,000,000","-35,000,000","-27,000,000","-35,000,000","-51,000,000","-51,000,000","-53,000,000","-40,000,000","-40,000,000","-45,000,000","-40,000,000","-35,000,000","-37,000,000","-41,000,000","-44,000,000","-54,626,000","-59,350,000","-55,757,000","-59,267,000","-115,812,000","-61,684,000","-59,790,000","-57,179,000",,,,,,,,,,,,,,,,,,,,,,,,,,,,,,,,,,,,,,,,,,,,,,,,,,,,,,,,,,,,,,,,,,,,,,,,,,,,,,,,,,,,,,,,,,,,,,
	InterestIncomeNonOperating,"8,000,000","2,000,000","1,000,000","3,000,000","2,000,000","3,000,000","1,000,000","1,000,000","2,000,000","1,000,000","5,000,000","3,000,000","4,000,000","6,000,000","6,000,000","4,000,000","6,000,000","6,000,000","3,000,000","5,000,000","5,000,000","2,000,000","3,000,000","2,000,000","1,000,000","3,000,000","2,000,000","3,000,000","4,000,000","6,000,000","2,000,000","0","4,000,000","3,000,000","4,000,000","4,000,000","4,000,000","7,000,000","4,000,000","3,000,000","3,000,000","3,000,000","4,000,000","6,000,000","4,000,000",,,"2,000,000","1,526,000","1,822,000","2,231,000","2,601,000","5,726,000",,,,,,,,,,,,,,,,,,,,,,,,,,,,,,,,,,,,,,,,,,,,,,,,,,,,,,,,,,,,,,,,,,,,,,,,,,,,,,,,,,,,,,,,,,,,,,
	InterestExpenseNonOperating,"410,000,000","92,000,000","100,000,000","108,000,000","110,000,000","108,000,000","110,000,000","105,000,000","103,000,000","96,000,000","98,000,000","100,000,000","99,000,000","98,000,000","102,000,000","97,000,000","100,000,000","101,000,000","101,000,000","102,000,000","102,000,000","104,000,000","103,000,000","104,000,000","90,000,000","61,000,000","64,000,000","64,000,000","48,000,000","32,000,000","41,000,000","34,000,000","29,000,000","36,000,000","53,000,000","53,000,000","55,000,000","45,000,000","42,000,000","46,000,000","42,000,000","37,000,000","40,000,000","46,000,000","48,000,000","50,626,000","59,350,000","57,757,000","60,793,000","117,634,000","63,915,000","62,391,000","62,905,000",,,,,,,,,,,,,,,,,,,,,,,,,,,,,,,,,,,,,,,,,,,,,,,,,,,,,,,,,,,,,,,,,,,,,,,,,,,,,,,,,,,,,,,,,,,,,,
	TotalOtherFinanceCost,"8,000,000","2,000,000","1,000,000","3,000,000","2,000,000","2,000,000","2,000,000","2,000,000","2,000,000","2,000,000","2,000,000","1,000,000","2,000,000","1,000,000","2,000,000","1,000,000","5,000,000","2,000,000","3,000,000","2,000,000","2,000,000","3,000,000","2,000,000","2,000,000","1,000,000","1,000,000","6,000,000","2,000,000","2,000,000","1,000,000","2,000,000","1,000,000","2,000,000","2,000,000","2,000,000","2,000,000","2,000,000","2,000,000","2,000,000","2,000,000","1,000,000","1,000,000","1,000,000","1,000,000","45,000,000",,,,,,,,,,,,,,,,,,,,,,,,,,,,,,,,,,,,,,,,,,,,,,,,,,,,,,,,,,,,,,,,,,,,,,,,,,,,,,,,,,,,,,,,,,,,,,,,,,,,,,
OtherIncomeExpense,"-619,000,000","-153,000,000","-575,000,000","-51,000,000","160,000,000","36,000,000","20,000,000","-65,000,000","-4,577,000,000","-2,670,000,000","-18,000,000","-312,000,000","-31,000,000","-467,000,000","-134,000,000","-10,000,000","7,000,000","-57,000,000","166,000,000","-25,000,000","342,000,000","-98,000,000","-843,000,000","-165,000,000","-15,000,000","-1,565,000,000","-406,000,000","-66,000,000","-54,000,000","-2,153,000,000","239,000,000","-188,000,000","-22,000,000","-141,000,000","-422,000,000","247,000,000",,"-2,000,000","-7,000,000","-16,000,000","-6,000,000","-5,000,000","-4,000,000","-6,000,000","-5,000,000",,,,"-24,002,000",,"-26,053,000","-26,483,000","-398,897,000","11,640,000","-53,938,000","-55,285,000","-52,994,000","-30,234,000","-48,280,000","-24,632,000","-73,854,000","-112,929,000","165,904,000","-65,331,000","7,514,000","-13,704,000","-13,527,000","-13,330,000","-13,159,000","-106,511,000","-9,549,000","-164,214,000","-21,522,000","-46,952,000","-22,684,000","-20,890,000","-10,626,000","-60,368,000","10,029,000","10,442,000","822,000","-44,388,000","15,520,000","-130,000,000","15,085,000","43,112,000","-446,000",,"1,025,000",,,"400,000","400,000","100,000","1,100,000","1,600,000","-100,000","-3,200,000","400,000","1,600,000","-300,000","500,000","300,000","1,600,000","1,300,000","-7,200,000","3,900,000","-15,800,000","2,100,000","4,900,000","700,000","1,900,000","700,000","400,000","2,300,000","200,000","900,000","500,000","100,000","29,200,000","2,000,000","3,200,000","1,600,000","1,300,000","1,700,000",,"800,000","900,000","900,000",,,,,,,,,,,,,,,,,,
	GainOnSaleOfSecurity,"94,000,000","49,000,000",,"-113,000,000","158,000,000","39,000,000","16,000,000","-175,000,000","-103,000,000",,"-2,000,000","-8,000,000","-30,000,000","29,000,000","-23,000,000",,,"-66,000,000","-110,000,000",,,,,,,,,,,"205,000,000","273,000,000","-174,000,000","-20,000,000","-124,000,000","-422,000,000","247,000,000",,,,,,,,,,,,,,,,,,,,,,,,,,,,,,,,,,,,,,,,,,,,,,,,,,,,,,,,,,,,,,,,,,,,,,,,,,,,,,,,,,,,,,,,,,,,,,,,,,,,,,,,,,,,,,,
	SecuritiesAmortization,,,,,,,,,,,,,,,,,,,,,,,,,,,,,,,,,,,,,,,,,,,,,,,,,,,,,,,"818,000",,,,,,,,,,,,,"2,047,000",,,,,"567,000","539,000","557,000",,,,,"466,000",,,,,,,,,,,,,,,,,,,,,,,,,,,,,,,,,,,,,,,,,,,,,,,,,,,,,,,,,,,,,,,,,,,
	SpecialIncomeCharges,"-713,000,000","-202,000,000","-575,000,000","62,000,000","2,000,000","-3,000,000","4,000,000","110,000,000","-4,474,000,000","-2,710,000,000","-16,000,000","-304,000,000","-1,000,000","-496,000,000","-111,000,000","-10,000,000","7,000,000","9,000,000","276,000,000","-25,000,000","342,000,000","-98,000,000","-843,000,000","-165,000,000","-15,000,000","-1,565,000,000","-406,000,000","-66,000,000","-54,000,000","-2,358,000,000","-34,000,000","-14,000,000","-2,000,000","-17,000,000","0","0","0","-2,000,000","-7,000,000","-16,000,000","-6,000,000","-5,000,000","-4,000,000","-6,000,000","-5,000,000","-183,000,000","0","0","-24,002,000",,"-26,053,000","-26,483,000","-398,897,000","11,640,000","-53,938,000","-55,285,000","-52,994,000","-30,234,000","-48,280,000","-24,632,000","-73,854,000","-112,929,000","165,904,000","-65,331,000","7,514,000","-13,704,000","-13,527,000","-13,330,000","-13,159,000","-106,511,000","-9,549,000","-164,214,000","-21,522,000","-46,952,000","-22,684,000","-20,890,000","-10,626,000","-60,368,000","10,029,000","10,442,000","822,000","-44,388,000","15,520,000","-130,000,000","15,085,000","43,112,000","-446,000",,"1,025,000",,,"400,000","400,000","100,000","1,100,000","1,600,000","-100,000","-3,200,000","400,000","1,600,000","-300,000","500,000","300,000","1,600,000","1,300,000","-7,200,000","3,900,000","-15,800,000","2,100,000","4,900,000","700,000","1,900,000","700,000","400,000","2,300,000","200,000","900,000","500,000","100,000","29,200,000","2,000,000","3,200,000","1,600,000","1,300,000","1,700,000",,"800,000","900,000","900,000",,,,,,,,,,,,,,,,,,
		RestructuringAndMergernAcquisition,"22,000,000","14,000,000","4,000,000","4,000,000","0","10,000,000","7,000,000","10,000,000","27,000,000","33,000,000","7,000,000","6,000,000","4,000,000","8,000,000","8,000,000","12,000,000","0","2,000,000","20,000,000","4,000,000","-10,000,000","3,000,000","12,000,000","9,000,000","15,000,000","12,000,000","0","66,000,000","54,000,000","1,000,000","34,000,000","14,000,000","2,000,000","33,000,000","0","0","0","2,000,000","7,000,000","16,000,000","6,000,000","5,000,000","4,000,000","6,000,000","5,000,000",,,,,,,,,,,,,,,,,"0","-173,545,000",,,,,,,,,,,,,,,,,,,,,,,,,,,,,,,,,,,,,,,,,,,,,,,,,,,,,,,,,,,,,,,,,,,,,,,,,,,,,,,,,,,,
		ImpairmentOfCapitalAssets,"0","0","0","0","0","0","0","20,000,000","4,454,000,000","2,700,000,000","9,000,000","240,000,000",,"501,000,000","10,000,000",,"0","0","0","0","8,000,000","94,000,000","836,000,000","173,000,000",,"1,553,000,000","367,000,000",,,"2,357,000,000",,,,,,,,,,,,,,,,,,,,,,,,,,,,,,,,,,,,,,,,,,,,,,,,,,,,,,,,,,,,,,,,,,,,,,,,,,,,,,,,,,,,,,,,,,,,,,,,,,,,,,,,,,,,,,,,,,,,,
		WriteOff,"208,000,000","190,000,000","18,000,000","0","0","9,000,000","0","0","18,000,000",,,,,,,,,,,,,,,,,,,,,,,,,,,,,,,,,,,,,,,,,,,,,,,,,,,,,,,,,,,,,,,,,,,,,,,,,,,,,,,,,,,,,,,,,,,,,,,,,,,,,,,,,,,,,,,,,,,,,,,,,,,,,,,,,,,,,,,,,,
		OtherSpecialCharges,"104,000,000","0","105,000,000","-1,000,000",,"-8,000,000","-12,000,000","-140,000,000",,"0",,"75,000,000",,"0","94,000,000",,,"0","0",,"1,000,000",,,,,"0","39,000,000",,,,,,,,,,,,,,,,,,,,,,,,,,"398,897,000",,,,,,,,,"112,929,000","7,641,000",,,,,,,,,,,,,,,,,,,,,,,,,,,,,,,,,,,,,,,,,,,,,,,,,,,,,,,,,,,,,,,,,,,,,,,,,,,,,,,,,,,,
		GainOnSaleOfBusiness,"67,000,000","2,000,000","-2,000,000","65,000,000","2,000,000","8,000,000","-1,000,000","0","25,000,000",,,,,,,,,,"296,000,000",,,,,,,,,,,,,,,,,,,,,,,,,,,,,,,,,,,,,,,,,,,,,,,,,,,,,,,,,,,,,,,,,,,,,,,,,,,,,,,,,,,,,,,,,,,,,,,,,,,,,,,,,,,,,,,,,,,,,,,,,,,,,,,,
		GainOnSaleOfPPE,"-446,000,000","0","-446,000,000",,,,,,"25,000,000","23,000,000","0","17,000,000","3,000,000","13,000,000","1,000,000","2,000,000","7,000,000","11,000,000","296,000,000","-21,000,000","341,000,000","0","5,000,000","17,000,000",,,,,,,,,,,,,,,,,,,,,,,,,,,,,,,,,,,,,,,,,,,,,,,,,,,,,,,,,,,,,,,,,,,,,,,,,,,,,,,,,,,,,,,,,,,,,,,,,,,,,,,,,,,,,,,,,,,,,,,,,,,
	OtherNonOperatingIncomeExpenses,,,,,,,,,,,,,,,,,,,,,,,,,,,,,,,,,,"-28,000,000",,,,,,,,"-40,000,000","-39,000,000","-38,000,000",,,,,,,,,,,,,,,,,,,,,,,,,,,,,,,,,,,,,,,,,,,,,,,,,,,,,,,,,,,,,,,,,,,,,,,,,,,,,,,,,,,,,,,,,,,,,,,,,,,,,,,
PretaxIncome,"1,891,000,000","654,000,000","122,000,000","495,000,000","620,000,000","70,000,000","72,000,000","-416,000,000","-4,566,000,000","-3,035,000,000","14,000,000","-152,000,000","165,000,000","-344,000,000","406,000,000","508,000,000","388,000,000","278,000,000","93,000,000","9,000,000","538,000,000","-114,000,000","-905,000,000","-281,000,000","-707,000,000","-8,668,000,000","-6,342,000,000","-5,692,000,000","-7,490,000,000","-5,097,000,000","-217,000,000","979,000,000","1,429,000,000","742,000,000","516,000,000","1,638,000,000","1,320,000,000","1,641,000,000","865,000,000","811,000,000","1,560,000,000","1,941,000,000","2,094,000,000","2,131,000,000","1,927,000,000","1,267,864,000","1,337,358,000","1,393,993,000","1,206,785,000","1,122,493,000","870,606,000","786,783,000","-2,453,491,000","-4,900,718,000","1,813,354,000","2,343,869,000","1,675,887,000","1,545,647,000","1,174,078,000","1,138,254,000","814,633,000","776,319,000","1,151,107,000","1,008,907,000","1,073,262,000","1,213,200,000","1,159,512,000","934,962,000","898,580,000","833,983,000","743,772,000","537,985,000","547,343,000","451,735,000","476,665,000","474,574,000","519,283,000","298,158,000","236,696,000","241,405,000","122,711,000","128,625,000","261,742,000","347,302,000","461,585,000","413,260,000","342,388,000","238,867,000","201,627,000","162,800,000","125,600,000","57,500,000","-1,300,000","-241,600,000","7,400,000","16,400,000","30,200,000","75,400,000","51,500,000","43,600,000","88,100,000","84,200,000","50,700,000","39,800,000","25,500,000","13,300,000","8,900,000","4,300,000","9,000,000","19,500,000","16,300,000","15,300,000","13,300,000","16,500,000","7,300,000","17,800,000","16,400,000","16,900,000","12,800,000","36,000,000","4,700,000","18,400,000","600,000","8,400,000","16,700,000","16,500,000","13,700,000","10,500,000","16,900,000",,,,,,,,,,,,,,,,,,
TaxProvision,"578,000,000","169,000,000","152,000,000","87,000,000","170,000,000","15,000,000","31,000,000","-38,000,000","56,000,000","212,000,000","131,000,000","164,000,000","167,000,000","6,000,000","245,000,000","239,000,000","182,000,000","-240,000,000","-12,000,000","-604,000,000","271,000,000","29,000,000","-379,000,000","-81,000,000","-146,000,000","-798,000,000","-791,000,000","-860,000,000","-2,854,000,000","-331,000,000","1,024,000,000","366,000,000","578,000,000","512,000,000","210,000,000","603,000,000","603,000,000","973,000,000","685,000,000","455,000,000","763,000,000","752,000,000","1,092,000,000","872,000,000","793,000,000","579,333,000","559,093,000","533,770,000","501,804,000","536,687,000","428,590,000","342,063,000","-696,551,000","-1,955,105,000","622,529,000","898,640,000","654,374,000","473,124,000","560,730,000","504,716,000","321,684,000","255,478,000","504,043,000","285,282,000","412,341,000","424,978,000","472,517,000","346,932,000","338,097,000","319,869,000","310,037,000","164,847,000","198,259,000","190,121,000","199,704,000","230,193,000","206,986,000","117,339,000","90,168,000","95,095,000","42,039,000","50,005,000","104,909,000","141,557,000","179,384,000","168,023,000","136,210,000","93,530,000","85,323,000","65,300,000","52,800,000","24,700,000","900,000","-82,400,000","4,200,000","7,200,000","12,800,000","29,900,000","20,700,000","17,900,000","35,200,000","33,000,000","20,600,000","15,400,000","9,800,000","4,800,000","1,900,000","3,800,000","3,000,000","6,900,000","5,700,000","5,100,000","3,900,000","3,400,000","6,200,000","6,300,000","4,800,000","5,700,000","4,300,000","12,000,000","700,000","3,600,000","-500,000","1,800,000","4,600,000","4,800,000","4,200,000","2,800,000","5,400,000",,,,,,,,,,,,,,,,,,
NetIncomeCommonStockholders,"973,000,000","382,000,000","-113,000,000","316,000,000","388,000,000","10,000,000","-4,000,000","-386,000,000","-4,480,000,000","-2,976,000,000","-170,000,000","-360,000,000","-47,000,000","-381,000,000","81,000,000","195,000,000","145,000,000","456,000,000","63,000,000","572,000,000","213,000,000","-182,000,000","-607,000,000","-244,000,000","-489,000,000","-7,213,000,000","-5,655,000,000","-5,600,000,000","-4,651,000,000","-4,814,000,000","-1,330,000,000","505,000,000","236,000,000","174,000,000","300,000,000","1,016,000,000","698,000,000","649,000,000","161,000,000","337,000,000","778,000,000","1,170,000,000","983,000,000","1,240,000,000","1,115,000,000","669,807,000","764,989,000","860,223,000","704,981,000","582,772,000","440,596,000","443,300,000","-1,758,360,000","-2,947,033,000","1,189,405,000","1,443,809,000","1,020,093,000","1,071,103,000","611,928,000","632,118,000","491,529,000","519,421,000","645,644,000","722,205,000","659,501,000","786,802,000","685,575,000","586,610,000","559,063,000","511,377,000","432,315,000","371,718,000","347,664,000","260,194,000","275,541,000","242,961,000","337,509,000","179,399,000","145,122,000","143,229,000","75,764,000","73,712,000","151,925,000","200,868,000","277,293,000","240,329,000","201,270,000","140,429,000","111,040,000","92,600,000","67,900,000","29,700,000","-3,600,000","-160,600,000","2,600,000","9,200,000","17,400,000","45,500,000","30,800,000","25,700,000","52,900,000","51,200,000","30,100,000","24,400,000","15,700,000","8,500,000","7,000,000","500,000","6,000,000","12,600,000","10,600,000","10,200,000","9,400,000","13,100,000","1,100,000","11,500,000","11,600,000","11,200,000","8,500,000","24,000,000","4,000,000","14,800,000","1,100,000","6,600,000","12,100,000","11,700,000","9,500,000","7,700,000","11,500,000",,,,,,,,,,,,,,,,,,
	NetIncome,"1,135,000,000","471,000,000","-83,000,000","340,000,000","407,000,000","30,000,000","15,000,000","-367,000,000","-4,462,000,000","-2,960,000,000","-152,000,000","-356,000,000","-47,000,000","-381,000,000","81,000,000","195,000,000","145,000,000","456,000,000","63,000,000","572,000,000","213,000,000","-182,000,000","-607,000,000","-244,000,000","-489,000,000","-7,213,000,000","-5,655,000,000","-5,600,000,000","-4,651,000,000","-4,814,000,000","-1,330,000,000","505,000,000","236,000,000","174,000,000","306,000,000","1,035,000,000","717,000,000","668,000,000","180,000,000","356,000,000","797,000,000","1,189,000,000","1,002,000,000","1,259,000,000","1,134,000,000","688,531,000","778,265,000","860,223,000","704,981,000","585,806,000","442,016,000","444,720,000","-1,756,940,000","-2,945,613,000","1,190,825,000","1,445,229,000","1,021,513,000","1,072,523,000","613,348,000","633,538,000","492,949,000","520,841,000","647,064,000","723,625,000","660,921,000","788,222,000","686,995,000","588,030,000","560,483,000","512,797,000","433,735,000","373,138,000","349,084,000","261,614,000","276,961,000","244,381,000","338,929,000","180,819,000","146,528,000","146,310,000","80,672,000","78,620,000","156,833,000","205,745,000","282,201,000","245,237,000","206,178,000","145,337,000","116,304,000","97,500,000","72,800,000","32,800,000","-2,200,000","-159,200,000","3,200,000","9,200,000","17,400,000","45,500,000","30,800,000","25,700,000","52,900,000","51,200,000","30,100,000","24,400,000","15,700,000","8,500,000","7,000,000","500,000","6,000,000","12,600,000","10,600,000","10,200,000","9,400,000","13,100,000","1,100,000","11,500,000","11,600,000","11,200,000","8,500,000","24,000,000","4,000,000","14,800,000","1,100,000","6,600,000","12,100,000","11,700,000","9,500,000","7,700,000","11,500,000",,,,,,,,,,,,,,,,,,
		NetIncomeIncludingNoncontrollingInterests,"1,313,000,000","485,000,000","-30,000,000","408,000,000","450,000,000","55,000,000","41,000,000","-378,000,000","-4,622,000,000","-3,247,000,000","-117,000,000","-316,000,000","-2,000,000","-350,000,000","161,000,000","269,000,000","206,000,000","518,000,000","105,000,000","613,000,000","267,000,000","-143,000,000","-559,000,000","-200,000,000","-561,000,000","-7,682,000,000","-5,646,000,000","-5,564,000,000","-4,636,000,000","-4,766,000,000","-1,241,000,000","613,000,000","334,000,000","230,000,000","306,000,000","1,035,000,000","717,000,000","668,000,000","180,000,000","356,000,000","797,000,000","1,189,000,000","1,002,000,000","1,259,000,000","1,134,000,000","688,531,000","778,265,000","860,223,000","704,981,000","585,806,000","442,016,000","444,720,000","-1,756,940,000","-2,945,613,000","1,190,825,000","1,445,229,000","1,021,513,000","1,072,523,000","613,348,000","633,538,000","492,949,000","520,841,000","647,064,000","723,625,000","660,921,000","788,222,000","686,995,000","588,030,000","560,483,000","512,797,000","433,735,000","373,138,000","349,084,000","261,614,000","276,961,000","244,381,000","338,929,000","180,819,000","146,528,000","146,310,000","80,672,000","83,040,000","160,022,000","205,745,000","282,201,000","245,237,000","206,178,000","145,337,000","116,304,000","97,500,000","72,800,000","32,800,000","-2,200,000","-159,200,000","3,200,000","9,200,000","17,400,000","45,500,000","30,800,000","25,700,000","52,900,000","51,200,000","30,100,000","24,400,000","15,700,000","8,500,000","7,000,000","500,000","6,000,000","12,600,000","10,600,000","10,200,000","9,400,000","12,800,000","1,400,000","11,500,000","11,600,000","11,200,000","8,500,000","24,000,000","4,000,000","14,800,000","1,100,000","6,600,000","12,100,000","11,700,000","9,500,000","7,700,000","11,500,000","7,100,000","5,100,000","4,500,000","5,400,000","2,100,000","4,100,000","400,000","1,400,000","-81,500,000","100,000","700,000","-200,000","-16,700,000","1,700,000","1,400,000","2,800,000","-8,200,000","4,500,000"
			NetIncomeContinuousOperations,"1,313,000,000","485,000,000","-30,000,000","408,000,000","450,000,000","55,000,000","41,000,000","-378,000,000","-4,622,000,000","-3,247,000,000","-117,000,000","-316,000,000","-2,000,000","-350,000,000","161,000,000","269,000,000","206,000,000","518,000,000","105,000,000","613,000,000","267,000,000","-143,000,000","-526,000,000","-200,000,000","-561,000,000","-7,870,000,000","-5,551,000,000","-4,832,000,000","-4,636,000,000","-4,766,000,000","-1,241,000,000","613,000,000","851,000,000","230,000,000","306,000,000","1,035,000,000","717,000,000","668,000,000","180,000,000","356,000,000","797,000,000","1,189,000,000","1,002,000,000","1,259,000,000","1,134,000,000","688,531,000","778,265,000","860,223,000","704,981,000","585,806,000","442,016,000","444,720,000","-1,756,940,000","-2,945,613,000","1,190,825,000","1,445,229,000","1,021,513,000","1,072,523,000","613,348,000","633,538,000","492,949,000","520,841,000","647,064,000","723,625,000","660,921,000","788,222,000","686,995,000","588,030,000","560,483,000","514,114,000","433,735,000","373,138,000","349,084,000","261,614,000","276,961,000","244,381,000","312,297,000","180,819,000","146,528,000","146,310,000","80,672,000","78,620,000","156,833,000","205,745,000","282,201,000","245,237,000","206,178,000","145,337,000","116,304,000","97,500,000","72,800,000","32,800,000","-2,200,000","-159,200,000","3,200,000","9,200,000","17,400,000","45,500,000","30,800,000","25,700,000","52,900,000","51,200,000","30,100,000","24,400,000","15,700,000","8,500,000","7,000,000","500,000","6,000,000","12,600,000","10,600,000","10,200,000","9,400,000","13,100,000","1,100,000","11,500,000","11,600,000","11,200,000","8,500,000","24,000,000","4,000,000","14,800,000","1,100,000","6,600,000","12,100,000","11,700,000","9,500,000","7,700,000","11,500,000","7,100,000","5,100,000","4,500,000","5,400,000","2,100,000","1,200,000","600,000","1,500,000","-80,500,000","-600,000","500,000","-900,000","-16,000,000","1,800,000","1,400,000","2,800,000","-7,000,000","4,800,000"
			NetIncomeDiscontinuousOperations,,,,,,,,,,,,,,,,,,"0","0",,,"0","-33,000,000","0","0","188,000,000","-95,000,000","-732,000,000","0","0","0","0","-517,000,000",,,,,,,,,,,,,,,,,,,,,,,,,,,,,,,,,,,,,,,,,,,,,,,,,,,,,,,,,,,,,,,,,,,,,,,,,,,,,,,,,,,,,,,,,,,,,,,,,,,,,"0","2,900,000","-200,000","-100,000","-1,000,000","700,000","200,000","700,000","-700,000","-100,000",,,"-1,200,000","-300,000"
			NetIncomeExtraordinary,,,,,,,,,,,,,,,,,,,,,,,,,,,,,,,,,,,,,,,,,,,,,,,,,,,,,,,,,,,,,,,,,,,,,,,,,,"0",,,"26,632,000",,,,,,,,,,,,,,,,,,,,,,,,,,,,,,,,,,,,,,,,,,,,,,,,,,,,,,,,,,,,,,,,,,,,,,
		MinorityInterests,"-178,000,000","-14,000,000","-53,000,000","-68,000,000","-43,000,000","-25,000,000","-26,000,000","11,000,000","160,000,000","287,000,000","-35,000,000","-40,000,000","-45,000,000","-31,000,000","-80,000,000","-74,000,000","-61,000,000","-62,000,000","-42,000,000","-41,000,000","-54,000,000","-39,000,000","-48,000,000","-44,000,000","72,000,000","469,000,000","-9,000,000","-36,000,000","-15,000,000","-48,000,000","-89,000,000","-108,000,000","-98,000,000","-56,000,000",,,,,,,,,,,,,,,,,,,,,,,,,,,,,,,,,,,,,,,,,,,,,,,,"-4,420,000","-3,189,000",,,,,,,,,,,,,,,,,,,,,,,,,,,,,,,,"-300,000",,,,,,,,,,,,,,,,,,,,,,,,,,,,,,,,
	PreferredStockDividends,,,"30,000,000","24,000,000","19,000,000","20,000,000","19,000,000","19,000,000","18,000,000","16,000,000","18,000,000","4,000,000",,,,,,,,,,,,,,,,,,,,,,"0","6,000,000","19,000,000","19,000,000","19,000,000","19,000,000","19,000,000","19,000,000","19,000,000","19,000,000","19,000,000","19,000,000","18,724,000","13,276,000",,,"3,034,000","1,420,000","1,420,000","1,420,000","1,420,000","1,420,000","1,420,000","1,420,000","1,420,000","1,420,000","1,420,000","1,420,000","1,420,000","1,420,000","1,420,000","1,420,000","1,420,000","1,420,000","1,420,000","1,420,000","1,420,000","1,420,000","1,420,000","1,420,000","1,420,000","1,420,000","1,420,000","1,420,000","1,420,000","1,406,000","3,081,000","4,908,000","4,908,000","4,908,000","4,877,000","4,908,000","4,908,000","4,908,000","4,908,000","5,264,000","4,900,000","4,900,000","3,100,000","1,400,000","1,400,000","600,000",,,,,,,,,,,,,,,,,,,,,,,,,,,,,,,,,,,,,,,,,,,,,,,,,,,,
	OtherunderPreferredStockDividend,"162,000,000","89,000,000","30,000,000","24,000,000","19,000,000","20,000,000","19,000,000","19,000,000","18,000,000","16,000,000","18,000,000","4,000,000",,,,,,,,,,,,,,,,,,,,,,,,,,,,,,,,,,,,,,,,,,,,,,,,,,,,,,,,,,,,,,,,,,,,,,,,,,,,,,,,,,,,,,,,,,,,,,,,,,,,,,,,,,,,,,,,,,,,,,,,,,,,,,,,,,,,,,,
AverageDilutionEarnings,"0","10,000,000","0",,,"-26,000,000",,,,,,,,,,,,,,,,,,,,,,,,,,,,,,,,,,,,,,,,,,,,,,,,,,,,,,,,,,,,,,,,,,,,,,,,,,,,,,,,,,,,,,,,,,,,,,,,,,,,,,,,,,,,,,,,,,,,,,,,,,,,,,,,,,,,,,,,,,,,,
DilutedNIAvailtoComStockholders,"973,000,000","392,000,000","-113,000,000","316,000,000","388,000,000","10,000,000","-4,000,000","-386,000,000","-4,480,000,000","-2,976,000,000","-170,000,000","-360,000,000","-47,000,000","-381,000,000","81,000,000","195,000,000","145,000,000","456,000,000","63,000,000","572,000,000","213,000,000","-182,000,000","-607,000,000","-244,000,000","-489,000,000","-7,213,000,000","-5,655,000,000","-5,600,000,000","-4,651,000,000","-4,814,000,000","-1,330,000,000","505,000,000","236,000,000","174,000,000","300,000,000","1,016,000,000","698,000,000","649,000,000","161,000,000","337,000,000","778,000,000","1,170,000,000","983,000,000","1,240,000,000","1,115,000,000","669,807,000","764,989,000","860,223,000","704,981,000","582,772,000","440,596,000","443,300,000","-1,758,360,000","-2,947,033,000","1,189,405,000","1,443,809,000","1,020,093,000","1,071,103,000","611,928,000","632,118,000","491,529,000","519,421,000","645,644,000","722,205,000","659,501,000","786,802,000","685,575,000","586,610,000","559,063,000","511,377,000","432,315,000","371,718,000","347,664,000","260,194,000","275,541,000","242,961,000","337,509,000","179,399,000","145,122,000","143,229,000","75,764,000","73,712,000","151,925,000","200,868,000","277,293,000","240,329,000","201,270,000","140,429,000","111,040,000","92,600,000","67,900,000","29,700,000","-3,600,000","-160,600,000","2,600,000","9,200,000","17,400,000","45,500,000","30,800,000","25,700,000","52,900,000","51,200,000","30,100,000","24,400,000","15,700,000","8,500,000","7,000,000","500,000","6,000,000","12,600,000","10,600,000","10,200,000","9,400,000","13,100,000","1,100,000","11,500,000","11,600,000","11,200,000","8,500,000","24,000,000","4,000,000","14,800,000","1,100,000","6,600,000","12,100,000","11,700,000","9,500,000","7,700,000","11,500,000",,,,,,,,,,,,,,,,,,
BasicEPS,,"1.06","-0.3","0.83","1.02","0.03","-0.01","-1.02","-11.86","-7.89","-0.45","-0.96","-0.12","-1","0.21","0.51","0.38","1.2","0.16","1.5","0.56","-0.48","-1.6","-0.65","-1.29","-19.07","-14.95","-14.83","-12.34","-12.78","-3.5","1.31","0.6","0.44","0.75","2.59","1.78","1.66","0.41","0.87","2.02","3.05","2.56","3.23","2.91",,"2.14","2.55","2.09",,"1.31","1.32","-5.25",,"3.55","4.32","3.06",,"1.84","1.91","1.48",,"1.96","2.19","2",,"2.08","1.79","1.7",,"1.32","1.14","1.07",,"0.85","0.75","1.06",,"0.481","0.486","0.262",,"0.528","0.693","0.97",,"0.723","0.532","0.424",,"0.232","0.11","-0.016",,"0.012","0.035","0.071",,"0.134","0.114","0.232",,"0.134","0.114","0.079",,"0.039","0.004","0.039",,"0.067","0.067","0.059",,"0.008","0.087","0.094",,"0.071","0.201","0.035",,"0.008","0.059","0.106",,"0.083","0.067","0.102",,"0.059","0.055","0.063",,"0.079","0.008","0.028",,"0","0.016","-0.004",,"0.031","0.028","0.051",,"0.087"
DilutedEPS,,"1.05","-0.3","0.82","1.02","-0.04","-0.02","-1.02","-11.86","-7.89","-0.45","-0.96","-0.12","-1","0.21","0.51","0.38","1.19","0.16","1.5","0.56","-0.48","-1.6","-0.65","-1.29","-19.07","-14.95","-14.83","-12.34","-12.78","-3.5","1.31","0.6","0.43","0.75","2.54","1.76","1.64","0.41","0.86","2","2.98","2.5","3.17","2.86",,"2.12","2.53","2.08",,"1.3","1.31","-5.25",,"3.52","4.28","3.03",,"1.83","1.89","1.47",,"1.94","2.17","1.97",,"2.05","1.76","1.67",,"1.31","1.13","1.06",,"0.845","0.745","1.05",,"0.476","0.476","0.262",,"0.515","0.671","0.931",,"0.697","0.515","0.416",,"0.232","0.11","-0.016",,"0.012","0.035","0.071",,"0.13","0.11","0.22",,"0.13","0.11","0.079",,"0.039","0.004","0.039",,"0.067","0.067","0.059",,"0.008","0.087","0.094",,"0.071","0.201","0.035",,"0.008","0.059","0.106",,"0.083","0.067","0.102",,"0.059","0.055","0.063",,"0.079","0.008","0.028",,"0","0.016","-0.004",,"0.031","0.028","0.051",,"0.087"
BasicAverageShares,,"361,000,000","379,000,000","378,000,000","378,000,000","378,000,000","378,000,000","378,000,000","378,000,000","377,000,000","377,000,000","377,000,000","376,000,000","379,000,000","383,000,000","382,000,000","382,000,000","381,000,000","381,000,000","381,000,000","380,000,000","380,000,000","380,000,000","379,000,000","378,000,000","378,000,000","378,000,000","378,000,000","377,000,000","377,000,000","381,000,000","385,000,000","394,000,000","399,000,000","399,000,000","392,000,000","392,000,000","391,000,000","391,000,000","389,000,000","385,000,000","384,000,000","384,000,000","384,000,000","383,000,000",,"356,718,000","338,000,000","336,924,000",,"336,159,000","335,637,000","335,104,000",,"334,825,000","334,215,046","333,363,725",,"332,569,565","330,951,832","332,114,189",,"329,410,204","329,773,973","329,750,500",,"329,603,365","327,715,084","328,860,588",,"327,511,364","326,068,421","324,919,626",,"324,165,882","323,948,000","318,404,717",,"301,738,812","294,883,235","289,280,727",,"287,661,270","290,003,175","285,958,406",,"278,403,413","263,732,512","261,737,143",,"292,605,569","269,691,081","228,818,407",,"220,357,657","259,901,689","245,780,069",,"230,321,703","225,320,007","227,965,163",,"225,087,118","213,922,497","199,588,111",,"177,976,660","127,129,418","152,551,423",,"158,533,120","152,550,738","159,332,836",,"139,842,360","132,904,956","122,887,865",,"120,064,976","119,648,234","113,000,735",,"139,842,360","111,871,991","113,942,407",,"115,017,676","115,160,851","112,457,340",,"99,626,311","83,842,313","83,844,857",,"53,403,201","53,497,274","53,265,904",,"51,725,134","51,692,081","51,692,081",,"51,961,589","51,961,589","52,584,507",,"52,584,507"
DilutedAverageShares,,"362,000,000","379,000,000","379,000,000","379,000,000","378,000,000","378,000,000","378,000,000","378,000,000","377,000,000","377,000,000","377,000,000","376,000,000","379,000,000","385,000,000","385,000,000","384,000,000","383,000,000","383,000,000","383,000,000","383,000,000","380,000,000","380,000,000","379,000,000","378,000,000","378,000,000","378,000,000","378,000,000","377,000,000","377,000,000","381,000,000","387,000,000","396,000,000","401,000,000","401,000,000","408,000,000","408,000,000","407,000,000","393,000,000","390,000,000","399,000,000","400,000,000","400,000,000","397,000,000","397,000,000",,"367,439,000","339,000,000","339,135,000",,"337,872,000","337,365,000","335,104,000",,"337,894,000","337,338,551","336,664,356",,"334,386,885","334,453,968","334,373,469",,"332,806,186","332,813,364","334,772,081",,"334,426,829","333,301,136","334,768,263",,"330,011,450","328,953,982","327,984,906",,"326,084,024","326,122,148","321,437,143",,"304,756,200","300,780,900","289,280,727",,"294,913,235","299,358,116","297,928,758",,"288,778,696","272,597,471","267,190,000",,"292,605,569","269,691,081","228,818,407",,"220,357,657","259,901,689","245,780,069",,"237,302,761","233,369,050","240,177,250",,"231,909,517","221,564,390","199,588,111",,"177,976,660","127,129,418","152,551,423",,"158,533,120","152,550,738","159,332,836",,"139,842,360","132,904,956","122,887,865",,"120,064,976","119,648,234","113,000,735",,"139,842,360","111,871,991","113,942,407",,"115,017,676","115,160,851","112,457,340",,"99,626,311","83,842,313","83,844,857",,"53,403,201","53,497,274","53,265,904",,"51,725,134","51,692,081","51,692,081",,"51,961,589","51,961,589","52,584,507",,"52,584,507"
TotalExpenses,"5,065,000,000","1,400,000,000","1,262,000,000","1,102,000,000","1,301,000,000","1,078,000,000","957,000,000","997,000,000","1,230,000,000","1,893,000,000","1,311,000,000","1,340,000,000","1,361,000,000","1,487,000,000","1,338,000,000","1,324,000,000","1,248,000,000","1,208,000,000","1,361,000,000","1,213,000,000","1,217,000,000","1,366,000,000","1,399,000,000","1,398,000,000","1,662,000,000","8,265,000,000","7,440,000,000","7,515,000,000","9,196,000,000","5,843,000,000","3,883,000,000","2,506,000,000","2,169,000,000","2,810,000,000","3,420,000,000","2,677,000,000","2,773,000,000","2,710,000,000","3,229,000,000","3,100,000,000","2,930,000,000","2,316,000,000","2,193,000,000","2,160,000,000","1,949,000,000","1,928,690,000","1,615,951,000","1,522,160,000","1,383,197,000","1,396,161,000","1,374,088,000","1,220,322,000","3,631,240,000","6,761,511,000","1,494,087,000","1,491,593,000","1,441,104,000","1,390,064,000","1,240,305,000","1,241,921,000","1,116,581,000","1,120,118,000","1,045,626,000","1,000,242,000","882,381,000","848,606,000","861,166,000","781,261,000","719,619,000","622,595,000","623,961,000","593,669,000","565,256,000","563,760,000","581,243,000","537,625,000","413,261,000","385,801,000","377,028,000","369,273,000","363,801,000","369,247,000","360,861,000","354,045,000","304,808,000","277,076,000","255,012,000","222,993,000","218,504,000","262,100,000","240,600,000","204,900,000","170,800,000","424,100,000","188,100,000","187,600,000","197,500,000","228,500,000","206,300,000","200,200,000","219,000,000","205,400,000","178,200,000","170,000,000","166,800,000","168,000,000","154,100,000","172,600,000","136,600,000","120,600,000","117,500,000","113,400,000","102,900,000","103,700,000","107,700,000","88,300,000","85,800,000","96,000,000","92,000,000","87,600,000","79,500,000","91,500,000","100,000,000","49,600,000","48,700,000","72,200,000","48,500,000","45,600,000","49,600,000",,,,,,,,,,,,,,,,,,
NetIncomeFromContinuingAndDiscontinuedOperation,"1,135,000,000","471,000,000","-83,000,000","340,000,000","407,000,000","30,000,000","15,000,000","-367,000,000","-4,462,000,000","-2,960,000,000","-152,000,000","-356,000,000","-47,000,000","-381,000,000","81,000,000","195,000,000","145,000,000","456,000,000","63,000,000","572,000,000","213,000,000","-182,000,000","-607,000,000","-244,000,000","-489,000,000","-7,213,000,000","-5,655,000,000","-5,600,000,000","-4,651,000,000","-4,814,000,000","-1,330,000,000","505,000,000","236,000,000","174,000,000","306,000,000","1,035,000,000","717,000,000","668,000,000","180,000,000","356,000,000","797,000,000","1,189,000,000","1,002,000,000","1,259,000,000","1,134,000,000","688,531,000","778,265,000","860,223,000","704,981,000","585,806,000","442,016,000","444,720,000","-1,756,940,000","-2,945,613,000","1,190,825,000","1,445,229,000","1,021,513,000","1,072,523,000","613,348,000","633,538,000","492,949,000","520,841,000","647,064,000","723,625,000","660,921,000","788,222,000","686,995,000","588,030,000","560,483,000","514,114,000","433,735,000","373,138,000","349,084,000","261,614,000","276,961,000","244,381,000","312,297,000","180,819,000","146,528,000","146,310,000","80,672,000","78,620,000","156,833,000","205,745,000","282,201,000","245,237,000","206,178,000","145,337,000","116,304,000","97,500,000","72,800,000","32,800,000","-2,200,000","-159,200,000","3,200,000","9,200,000","17,400,000","45,500,000","30,800,000","25,700,000","52,900,000","51,200,000","30,100,000","24,400,000","15,700,000","8,500,000","7,000,000","500,000","6,000,000","12,600,000","10,600,000","10,200,000","9,400,000","13,100,000","1,100,000","11,500,000","11,600,000","11,200,000","8,500,000","24,000,000","4,000,000","14,800,000","1,100,000","6,600,000","12,100,000","11,700,000","9,500,000","7,700,000","11,500,000",,,,,,,,,,,,,,,,,,
NormalizedIncome,"1,564,797,461.66","584,463,302.752","336,750,000","382,036,363.636","290,870,967.742","1,714,285.714","400,000","-307,937,500","-1,120,790,000","-1,010,900,000","-138,860,000","-128,240,000","-24,370,000","-40,090,000","178,820,000","202,300,000","139,890,000","490,200,000","-36,600,000","587,000,000","7,800,000","-123,200,000","-68,200,000","-126,562,277.58","-477,097,595.474","-5,980,078,218.736","-5,204,637,969.095","-4,811,971,890.372","-4,617,520,000","-2,800,816,166.372","-1,485,350,000","623,440,000","766,200,000","265,650,000","580,300,000","879,390,000","717,000,000","669,300,000","184,550,000","366,400,000","800,900,000","1,192,062,854.199","1,004,600,000","1,262,900,000","1,137,250,000","807,481,000","778,265,000","860,223,000","720,582,300","585,806,000","458,950,450","461,933,950","-1,471,290,655.788","-2,952,609,308.565","1,226,245,948.612","1,479,317,716.249","1,053,814,736.288","1,093,502,344.172","644,730,000","649,548,800","537,639,376.459","596,606,314.631","547,521,600","770,482,782.605","656,293,834.97","797,125,556.123","695,111,200","596,413,698.91","568,690,834.358","579,773,367.462","439,464,400","487,034,267.613","362,810,284.703","289,785,200","290,571,400","256,915,000","318,687,480.57","217,429,392.45","140,319,490.722","139,981,344.753","80,131,605.219","105,751,464.023","147,521,000","283,745,000","272,978,425.425","219,369,800","206,446,570.709","145,337,000","115,689,000","97,500,000","72,800,000","32,560,000","-2,440,000","-159,265,894.04","2,540,000","8,240,000","17,460,000","47,431,034.483","30,560,000","24,740,000","53,080,136.209","50,895,961.995","29,920,000","23,419,095.477","14,899,607.843","13,101,503.759","3,932,584.27","9,980,000","4,600,000","9,433,846.154","10,144,785.276","8,933,333.333","8,905,263.158","12,782,424.242","-280,000","11,370,786.517","10,963,414.634","10,868,639.053","8,433,593.75","4,533,333.333","2,297,872.34","12,226,086.957","140,000","5,578,571.429","10,868,263.473","11,700,000","8,945,255.474","7,040,000","10,887,573.964",,,,,,,,,,,,,,,,,,
InterestIncome,"8,000,000","2,000,000","1,000,000","3,000,000","2,000,000","3,000,000","1,000,000","1,000,000","2,000,000","1,000,000","5,000,000","3,000,000","4,000,000","6,000,000","6,000,000","4,000,000","6,000,000","6,000,000","3,000,000","5,000,000","5,000,000","2,000,000","3,000,000","2,000,000","1,000,000","3,000,000","2,000,000","3,000,000","4,000,000","6,000,000","2,000,000","0","4,000,000","3,000,000","4,000,000","4,000,000","4,000,000","7,000,000","4,000,000","3,000,000","3,000,000","3,000,000","4,000,000","6,000,000","4,000,000",,,"2,000,000","1,526,000","1,822,000","2,231,000","2,601,000","5,726,000",,,,,,,,,,,,,,,,,,,,,,,,,,,,,,,,,,,,,,,,,,,,,,,,,,,,,,,,,,,,,,,,,,,,,,,,,,,,,,,,,,,,,,,,,,,,,,
InterestExpense,"410,000,000","92,000,000","100,000,000","108,000,000","110,000,000","108,000,000","110,000,000","105,000,000","103,000,000","96,000,000","98,000,000","100,000,000","99,000,000","98,000,000","102,000,000","97,000,000","100,000,000","101,000,000","101,000,000","102,000,000","102,000,000","104,000,000","103,000,000","104,000,000","90,000,000","61,000,000","64,000,000","64,000,000","48,000,000","32,000,000","41,000,000","34,000,000","29,000,000","36,000,000","53,000,000","53,000,000","55,000,000","45,000,000","42,000,000","46,000,000","42,000,000","37,000,000","40,000,000","46,000,000","48,000,000","50,626,000","59,350,000","57,757,000","60,793,000","117,634,000","63,915,000","62,391,000","62,905,000",,"42,023,000",,,,,"66,770,000",,"48,781,000",,,,"28,016,000",,"30,553,000",,,,,"26,899,000","26,363,000","34,562,000",,,,,"41,451,000",,,,,,"86,015,000",,,,,,,,,"17,300,000",,,,,,,,"13,600,000",,,,,,,,,,,,,,"6,600,000",,,,,,,,,,,"3,400,000",,,,,,,,,,,,,,,,,,,
NetInterestIncome,"-410,000,000","-92,000,000","-100,000,000","-108,000,000","-110,000,000","-107,000,000","-111,000,000","-106,000,000","-103,000,000","-97,000,000","-95,000,000","-98,000,000","-97,000,000","-93,000,000","-98,000,000","-94,000,000","-99,000,000","-97,000,000","-101,000,000","-99,000,000","-99,000,000","-105,000,000","-102,000,000","-104,000,000","-90,000,000","-59,000,000","-68,000,000","-63,000,000","-46,000,000","-27,000,000","-41,000,000","-35,000,000","-27,000,000","-35,000,000","-51,000,000","-51,000,000","-53,000,000","-40,000,000","-40,000,000","-45,000,000","-40,000,000","-35,000,000","-37,000,000","-41,000,000","-44,000,000","-54,626,000","-59,350,000","-55,757,000","-59,267,000","-115,812,000","-61,684,000","-59,790,000","-57,179,000",,"-32,473,000",,,,,"-63,358,000",,"-45,578,000",,,,"-26,163,000",,"-29,678,000",,,,,"-26,579,000","-25,822,000","-33,315,000",,,,,"-40,408,000",,,,,,"-85,461,000",,,,,,,,,"-17,300,000",,,,,,,,"-13,600,000",,,,,,,,,,,,,,"-6,600,000",,,,,,,,,,,"-3,400,000",,,,,,,,,,,,,,,,,,,
EBIT,"2,301,000,000","746,000,000","222,000,000","603,000,000","730,000,000","178,000,000","182,000,000","-311,000,000","-4,463,000,000","-2,939,000,000","112,000,000","-52,000,000","264,000,000","-246,000,000","508,000,000","605,000,000","488,000,000","379,000,000","194,000,000","111,000,000","640,000,000","-10,000,000","-802,000,000","-177,000,000","-617,000,000","-8,607,000,000","-6,278,000,000","-5,628,000,000","-7,442,000,000","-5,065,000,000","-176,000,000","1,013,000,000","1,458,000,000","778,000,000","569,000,000","1,691,000,000","1,375,000,000","1,686,000,000","907,000,000","857,000,000","1,602,000,000","1,978,000,000","2,134,000,000","2,177,000,000","1,975,000,000","1,318,490,000","1,396,708,000","1,451,750,000","1,267,578,000","1,240,127,000","934,521,000","849,174,000","-2,390,586,000","-4,884,621,000","1,874,795,000","2,412,525,000","1,746,637,000","1,622,102,000","1,258,289,000","1,202,110,000","906,486,000","846,560,000","1,215,855,000","1,084,885,000","1,116,721,000","1,253,067,000","1,199,886,000","977,970,000","942,669,000","912,308,000","783,041,000","647,064,000","584,683,000","501,033,000","523,298,000","516,731,000","553,348,000","344,447,000","268,161,000","276,500,000","156,535,000","20,159,869,000","291,563,000","446,398,000","490,335,000","448,070,000","370,047,000","265,094,000","227,613,000","183,600,000","144,800,000","76,700,000","16,900,000","-225,500,000","23,600,000","32,500,000","49,300,000","94,800,000","70,400,000","57,800,000","103,500,000","99,800,000","64,000,000","52,800,000","39,100,000","35,400,000","24,000,000","30,300,000","20,600,000","22,900,000","22,600,000","19,800,000","18,100,000","20,700,000","12,200,000","22,800,000","22,000,000","23,500,000","19,200,000","14,500,000","10,800,000","24,900,000","11,900,000","10,900,000","19,300,000","8,700,000","16,500,000","12,900,000","19,400,000","-149,200,000","60,500,000","58,800,000","60,400,000","-66,100,000","28,900,000","28,800,000","29,800,000","-206,400,000","25,300,000","27,500,000","25,000,000","-103,700,000","44,500,000","21,500,000","32,600,000","-79,300,000","28,400,000"
EBITDA,"3,661,000,000"
ReconciledCostOfRevenue,"4,445,000,000","1,187,000,000","1,115,000,000","985,000,000","1,158,000,000","877,000,000","795,000,000","800,000,000","1,058,000,000","1,140,000,000","1,127,000,000","1,067,000,000","1,099,000,000","1,074,000,000","1,084,000,000","1,046,000,000","983,000,000","942,000,000","956,000,000","992,000,000","969,000,000","1,043,000,000","1,081,000,000","1,080,000,000","1,512,000,000","8,123,000,000","7,137,000,000","7,338,000,000","9,001,000,000","5,347,000,000","3,554,000,000","2,136,000,000","1,873,000,000","2,386,000,000","3,074,000,000","2,313,000,000","2,280,000,000","2,266,000,000","2,916,000,000","72,000,000","77,000,000","75,000,000","72,000,000","73,000,000","699,000,000","51,757,000","42,840,000","488,987,000","480,611,000","453,492,000","481,767,000","438,752,000","33,339,000","550,958,000","531,359,000","486,505,000","495,614,000","501,592,000","452,906,000","449,001,000","420,534,000","424,168,000","386,599,000","338,211,000","317,718,000","294,862,000","303,566,000","283,655,000","257,609,000","231,522,000","227,318,000","228,846,000","226,230,000","199,564,000","212,079,000","201,953,000","146,527,000","138,983,000","125,485,000","121,714,000","120,000,000","180,210,000","104,390,000","101,952,000","90,609,000","32,684,000","82,531,000","69,609,000","70,427,000","114,600,000","105,100,000","86,300,000","71,000,000","80,900,000","78,300,000","79,000,000","87,800,000","114,700,000","97,500,000","96,500,000","119,300,000","108,400,000","86,700,000","84,300,000","84,900,000","83,700,000","70,700,000","75,100,000","63,600,000","48,500,000","47,200,000","45,100,000","42,200,000","61,900,000","41,000,000","35,600,000","33,600,000","37,300,000","40,000,000","36,000,000","33,500,000","37,500,000","41,500,000","17,000,000","14,800,000","29,300,000","14,700,000","15,600,000","18,000,000",,,,,,,,,,,,,,,,,,
ReconciledDepreciation,"1,360,000,000","332,000,000","335,000,000","351,000,000","342,000,000","390,000,000","398,000,000","418,000,000","566,000,000","721,000,000","711,000,000","602,000,000","646,000,000","634,000,000","610,000,000","608,000,000","553,000,000","573,000,000","559,000,000","572,000,000","576,000,000","623,000,000","648,000,000","265,000,000","1,082,000,000","7,619,000,000","6,629,000,000","6,717,000,000","8,407,000,000","4,660,000,000","2,835,000,000","1,457,000,000","1,206,000,000","1,689,000,000","2,172,000,000","1,404,000,000","1,435,000,000","1,408,000,000","2,029,000,000","1,932,000,000","1,740,000,000","1,174,000,000","1,065,000,000","1,029,000,000","936,000,000","928,514,000","786,237,000","729,751,000","638,498,000","615,189,000","625,898,000","573,359,000","3,398,778,000","6,001,214,000","600,887,000","627,668,000","620,489,000","624,975,000","600,796,000","591,107,000","530,913,000","514,802,000","487,542,000","441,438,000","372,577,000","363,847,000","357,159,000","359,011,000","339,413,000","329,138,000","313,520,000","295,737,000","286,228,000","295,859,000","292,885,000","272,356,000","214,349,000","203,364,000","210,998,000","203,733,000","203,950,000","155,060,000","217,021,000","208,652,000","172,530,000","158,935,000","154,392,000","136,791,000","133,428,000","131,400,000","120,300,000","106,500,000","89,500,000","336,500,000","95,900,000","98,400,000","99,700,000","102,400,000","100,100,000","94,800,000","90,600,000","87,100,000","82,600,000","77,500,000","73,000,000","75,500,000","75,700,000","87,100,000","63,900,000","63,300,000","62,100,000","59,000,000","52,100,000","33,800,000","58,400,000","44,600,000","43,400,000","49,400,000","43,400,000","42,700,000","37,900,000","42,700,000","39,200,000","25,900,000","28,000,000","36,400,000","28,300,000","24,800,000","27,300,000",,,,,,,,,,,,,,,,,,
NetIncomeFromContinuingOperationNetMinorityInterest,"1,135,000,000","471,000,000","-83,000,000","340,000,000","407,000,000","30,000,000","15,000,000","-367,000,000","-4,462,000,000","-2,960,000,000","-152,000,000","-356,000,000","-47,000,000","-381,000,000","81,000,000","195,000,000","145,000,000","456,000,000","63,000,000","572,000,000","213,000,000","-182,000,000","-574,000,000","-244,000,000","-489,000,000","-7,401,000,000","-5,560,000,000","-4,868,000,000","-4,651,000,000","-4,814,000,000","-1,330,000,000","505,000,000","753,000,000","174,000,000","306,000,000","1,035,000,000","717,000,000","668,000,000","180,000,000","356,000,000","797,000,000","1,189,000,000","1,002,000,000","1,259,000,000","1,134,000,000","688,531,000","778,265,000","860,223,000","704,981,000","585,806,000","442,016,000","444,720,000","-1,756,940,000","-2,945,613,000","1,190,825,000","1,445,229,000","1,021,513,000","1,072,523,000","613,348,000","633,538,000","492,949,000","520,841,000","647,064,000","723,625,000","660,921,000","788,222,000","686,995,000","588,030,000","560,483,000","514,114,000","433,735,000","373,138,000","349,084,000","261,614,000","276,961,000","244,381,000","312,297,000","180,819,000","146,528,000","146,310,000","80,672,000","78,620,000","156,833,000","205,745,000","282,201,000","245,237,000","206,178,000","145,337,000","116,304,000","97,500,000","72,800,000","32,800,000","-2,200,000","-159,200,000","3,200,000","9,200,000","17,400,000","45,500,000","30,800,000","25,700,000","52,900,000","51,200,000","30,100,000","24,400,000","15,700,000","8,500,000","7,000,000","500,000","6,000,000","12,600,000","10,600,000","10,200,000","9,400,000","13,100,000","1,100,000","11,500,000","11,600,000","11,200,000","8,500,000","24,000,000","4,000,000","14,800,000","1,100,000","6,600,000","12,100,000","11,700,000","9,500,000","7,700,000","11,500,000",,,,,,,,,,,,,,,,,,
TotalUnusualItemsExcludingGoodwill,"-619,000,000","-153,000,000","-575,000,000","-51,000,000","160,000,000","36,000,000","20,000,000","-65,000,000","-4,577,000,000","-2,670,000,000","-18,000,000","-312,000,000","-31,000,000","-467,000,000","-134,000,000","-10,000,000","7,000,000","-57,000,000","166,000,000","-25,000,000","342,000,000","-98,000,000","-843,000,000","-165,000,000","-15,000,000","-1,565,000,000","-406,000,000","-66,000,000","-54,000,000","-2,153,000,000","239,000,000","-188,000,000","-22,000,000","-141,000,000","-422,000,000","247,000,000","0","-2,000,000","-7,000,000","-16,000,000","-6,000,000","-5,000,000","-4,000,000","-6,000,000","-5,000,000","-183,000,000","0","0","-24,002,000",,"-26,053,000","-26,483,000","-398,897,000","11,640,000","-53,938,000","-55,285,000","-52,994,000","-30,234,000","-48,280,000","-24,632,000","-73,854,000","-112,929,000","165,904,000","-65,331,000","7,514,000","-13,704,000","-13,527,000","-13,330,000","-13,159,000","-106,511,000","-9,549,000","-164,214,000","-21,522,000","-46,952,000","-22,684,000","-20,890,000","-10,626,000","-60,368,000","10,029,000","10,442,000","822,000","-44,388,000","15,520,000","-130,000,000","15,085,000","43,112,000","-446,000",,"1,025,000",,,"400,000","400,000","100,000","1,100,000","1,600,000","-100,000","-3,200,000","400,000","1,600,000","-300,000","500,000","300,000","1,600,000","1,300,000","-7,200,000","3,900,000","-15,800,000","2,100,000","4,900,000","700,000","1,900,000","700,000","400,000","2,300,000","200,000","900,000","500,000","100,000","29,200,000","2,000,000","3,200,000","1,600,000","1,300,000","1,700,000",,"800,000","900,000","900,000",,,,,,,,,,,,,,,,,,
TotalUnusualItems,"-619,000,000","-153,000,000","-575,000,000","-51,000,000","160,000,000","36,000,000","20,000,000","-65,000,000","-4,577,000,000","-2,670,000,000","-18,000,000","-312,000,000","-31,000,000","-467,000,000","-134,000,000","-10,000,000","7,000,000","-57,000,000","166,000,000","-25,000,000","342,000,000","-98,000,000","-843,000,000","-165,000,000","-15,000,000","-1,565,000,000","-406,000,000","-66,000,000","-54,000,000","-2,153,000,000","239,000,000","-188,000,000","-22,000,000","-141,000,000","-422,000,000","247,000,000","0","-2,000,000","-7,000,000","-16,000,000","-6,000,000","-5,000,000","-4,000,000","-6,000,000","-5,000,000","-183,000,000","0","0","-24,002,000",,"-26,053,000","-26,483,000","-398,897,000","11,640,000","-53,938,000","-55,285,000","-52,994,000","-30,234,000","-48,280,000","-24,632,000","-73,854,000","-112,929,000","165,904,000","-65,331,000","7,514,000","-13,704,000","-13,527,000","-13,330,000","-13,159,000","-106,511,000","-9,549,000","-164,214,000","-21,522,000","-46,952,000","-22,684,000","-20,890,000","-10,626,000","-60,368,000","10,029,000","10,442,000","822,000","-44,388,000","15,520,000","-130,000,000","15,085,000","43,112,000","-446,000",,"1,025,000",,,"400,000","400,000","100,000","1,100,000","1,600,000","-100,000","-3,200,000","400,000","1,600,000","-300,000","500,000","300,000","1,600,000","1,300,000","-7,200,000","3,900,000","-15,800,000","2,100,000","4,900,000","700,000","1,900,000","700,000","400,000","2,300,000","200,000","900,000","500,000","100,000","29,200,000","2,000,000","3,200,000","1,600,000","1,300,000","1,700,000",,"800,000","900,000","900,000",,,,,,,,,,,,,,,,,,
NormalizedEBITDA,"4,280,000,000","1,231,000,000","1,132,000,000","1,005,000,000","912,000,000","532,000,000","560,000,000","172,000,000","680,000,000","452,000,000","841,000,000","862,000,000","941,000,000","855,000,000","1,252,000,000","1,223,000,000","1,034,000,000","1,009,000,000","587,000,000","708,000,000","874,000,000","711,000,000","689,000,000","253,000,000","480,000,000","577,000,000","757,000,000","1,155,000,000","1,019,000,000","1,748,000,000","2,420,000,000","2,658,000,000","2,686,000,000","2,608,000,000","3,163,000,000","2,848,000,000","2,810,000,000","3,096,000,000","2,943,000,000","2,805,000,000","3,348,000,000","3,157,000,000","3,203,000,000","3,212,000,000","2,916,000,000","2,430,004,000","2,182,945,000","2,181,501,000","1,930,078,000","1,855,316,000","1,586,472,000","1,449,016,000","1,407,089,000","1,104,953,000","2,530,438,000","3,095,478,000","2,420,120,000","2,277,311,000","1,907,365,000","1,817,849,000","1,511,253,000","1,474,291,000","1,537,493,000","1,591,654,000","1,481,784,000","1,630,618,000","1,570,572,000","1,352,358,000","1,295,899,000","1,347,957,000","1,106,762,000","1,107,610,000","893,000,000","843,844,000","839,424,000","810,513,000","778,854,000","618,606,000","469,130,000","477,314,000","367,086,000","20,427,222,000","494,153,000","785,582,000","648,282,000","563,893,000","524,885,000","401,885,000","360,016,000","315,000,000","265,100,000","182,800,000","106,000,000","110,900,000","118,400,000","129,300,000","149,100,000","200,400,000","170,100,000","151,000,000","194,400,000","186,400,000","146,300,000","128,700,000","110,800,000","118,100,000","95,800,000","133,200,000","82,400,000","81,300,000","84,000,000","77,000,000","69,500,000","54,100,000","68,300,000","67,200,000","64,500,000","72,400,000","62,500,000","28,000,000","46,700,000","64,400,000","49,900,000","35,500,000","45,600,000","45,100,000","44,000,000","36,800,000","45,800,000","-149,200,000","60,500,000","58,800,000","60,400,000","-66,100,000","28,900,000","28,800,000","29,800,000","-206,400,000","25,300,000","27,500,000","25,000,000","-103,700,000","44,500,000","21,500,000","32,600,000","-79,300,000","28,400,000"
TaxRateForCalcs,"0.306","0.258","0.27","0.176","0.274","0.214","0.27","0.091","0.27","0.27","0.27","0.27","0.27","0.27","0.27","0.27","0.27","0.4","0.4","0.4","0.4","0.4","0.4","0.288","0.207","0.092","0.125","0.151","0.38","0.065","0.35","0.37","0.4","0.35","0.35","0.37","0.35","0.35","0.35","0.35","0.35","0.387","0.35","0.35","0.35","0.35","0.35","0.383","0.35","0.35","0.35","0.35","0.284","0.399","0.343","0.383","0.39","0.306","0.35","0.35","0.395","0.329","0.4","0.283","0.384","0.35","0.4","0.371","0.376","0.384","0.4","0.306","0.362","0.4","0.4","0.4","0.399","0.394","0.381","0.394","0.343","0.389","0.4","0.4","0.389","0.4","0.398","0.392","0.4","0.4","0.4","0.4","0.4","0.341","0.4","0.4","0.4","0.397","0.4","0.4","0.4","0.392","0.4","0.387","0.384","0.361","0.213","0.4","0.333","0.354","0.35","0.333","0.293","0.206","0.4","0.354","0.293","0.337","0.336","0.333","0.149","0.196","0.4","0.214","0.275","0.291","0.307","0.267","0.32",,,,,,,,,,,,,,,,,,
TaxEffectOfUnusualItems,"-189,202,538.34","-39,536,697.248","-155,250,000","-8,963,636.364","43,870,967.742","7,714,285.714","5,400,000","-5,937,500","-1,235,790,000","-720,900,000","-4,860,000","-84,240,000","-8,370,000","-126,090,000","-36,180,000","-2,700,000","1,890,000","-22,800,000","66,400,000","-10,000,000","136,800,000","-39,200,000","-337,200,000","-47,562,277.58","-3,097,595.474","-144,078,218.736","-50,637,969.095","-9,971,890.372","-20,520,000","-139,816,166.372","83,650,000","-69,560,000","-8,800,000","-49,350,000","-147,700,000","91,390,000","0","-700,000","-2,450,000","-5,600,000","-2,100,000","-1,937,145.801","-1,400,000","-2,100,000","-1,750,000","-64,050,000","0","0","-8,400,700","0","-9,118,550","-9,269,050","-113,247,655.788","4,643,691.435","-18,517,051.388","-21,196,283.751","-20,692,263.712","-9,254,655.828","-16,898,000","-8,621,200","-29,163,623.541","-37,163,685.369","66,361,600","-18,473,217.395","2,886,834.97","-4,800,443.877","-5,410,800","-4,946,301.09","-4,951,165.642","-40,851,632.538","-3,819,600","-50,317,732.387","-7,795,715.297","-18,780,800","-9,073,600","-8,356,000","-4,235,519.43","-23,757,607.55","3,820,490.722","4,113,344.753","281,605.219","-17,256,535.977","6,208,000","-52,000,000","5,862,425.425","17,244,800","-177,429.291","0","410,000","0","0","160,000","160,000","34,105.96","440,000","640,000","-40,000","-1,268,965.517","160,000","640,000","-119,863.791","195,961.995","120,000","619,095.477","499,607.843","-2,598,496.241","832,584.27","-6,320,000","700,000","1,733,846.154","244,785.276","633,333.333","205,263.158","82,424.242","920,000","70,786.517","263,414.634","168,639.053","33,593.75","9,733,333.333","297,872.34","626,086.957","640,000","278,571.429","468,263.473","0","245,255.474","240,000","287,573.964",,,,,,,,,,,,,,,,,,