name,ttm,12/31/2021,09/30/2021,06/30/2021,03/31/2021,12/31/2020,09/30/2020,06/30/2020,03/31/2020,12/31/2019,09/30/2019,06/30/2019,03/31/2019,12/31/2018,09/30/2018,06/30/2018,03/31/2018,12/31/2017,09/30/2017,06/30/2017,03/31/2017,12/31/2016,09/30/2016,06/30/2016,03/31/2016,12/31/2015,09/30/2015,06/30/2015,03/31/2015,12/31/2014,09/30/2014,06/30/2014,03/31/2014,12/31/2013,09/30/2013,06/30/2013,03/31/2013,12/31/2012,09/30/2012,06/30/2012,03/31/2012,12/31/2011,09/30/2011,06/30/2011,03/31/2011,12/31/2010,09/30/2010,06/30/2010,03/31/2010,12/31/2009,09/30/2009,06/30/2009,03/31/2009,12/31/2008,09/30/2008,06/30/2008,03/31/2008,12/31/2007,09/30/2007,06/30/2007,03/31/2007,12/31/2006,09/30/2006,06/30/2006,03/31/2006,12/31/2005,09/30/2005,06/30/2005,03/31/2005,12/31/2004,09/30/2004,06/30/2004,03/31/2004,12/31/2003,09/30/2003,06/30/2003,03/31/2003,12/31/2002,09/30/2002,06/30/2002,03/31/2002,12/31/2001,09/30/2001,06/30/2001,03/31/2001,12/31/2000,09/30/2000,06/30/2000,03/31/2000,12/31/1999,09/30/1999,06/30/1999,03/31/1999,12/31/1998,09/30/1998,06/30/1998,03/31/1998,12/31/1997,09/30/1997,06/30/1997,03/31/1997,12/31/1996,09/30/1996,06/30/1996,03/31/1996,12/31/1995,09/30/1995,06/30/1995,03/31/1995,12/31/1994,09/30/1994,06/30/1994,03/31/1994,12/31/1993,09/30/1993,06/30/1993,03/31/1993,12/31/1992,09/30/1992,06/30/1992,03/31/1992,12/31/1991,09/30/1991,06/30/1991,03/31/1991,12/31/1990,09/30/1990,06/30/1990,03/31/1990,12/31/1989,09/30/1989,06/30/1989,03/31/1989,12/31/1988,09/30/1988,06/30/1988,03/31/1988,12/31/1987,09/30/1987,06/30/1987,03/31/1987,12/31/1986,09/30/1986,06/30/1986,03/31/1986,12/31/1985,09/30/1985
TotalRevenue,"10,942,000,000","2,994,200,000","2,841,100,000","2,604,700,000","2,502,000,000","2,375,200,000","2,320,100,000","2,065,200,000","2,216,300,000","2,254,700,000","2,283,200,000","2,224,000,000","2,187,700,000","2,224,000,000","2,298,900,000","2,259,000,000","2,155,700,000","2,216,600,000","2,203,100,000","2,121,900,000","1,980,100,000","1,882,500,000","2,463,000,000","2,434,400,000","2,271,200,000","2,355,800,000","2,449,400,000","2,470,200,000","2,414,500,000","2,560,800,000","2,677,000,000","2,634,600,000","2,581,900,000","2,545,500,000","2,586,500,000","2,547,300,000","2,484,200,000","2,562,400,000","2,605,800,000","2,340,100,000","2,344,300,000","2,423,100,000","2,611,200,000","2,577,800,000","2,501,300,000","2,391,700,000","2,351,200,000","2,252,300,000","2,249,000,000","2,173,500,000","2,129,300,000","1,976,200,000","1,955,400,000","2,195,300,000","2,527,600,000","2,808,000,000","2,605,300,000","2,473,600,000","2,537,000,000","2,595,000,000","2,473,300,000","2,432,500,000","2,115,000,000","2,319,600,000","2,317,200,000","2,098,600,000","2,070,800,000","2,078,400,000","2,003,300,000","1,991,000,000","1,977,500,000","1,892,500,000","1,856,500,000","1,684,900,000","1,642,300,000","1,629,900,000","1,578,100,000","1,447,000,000","1,398,000,000","1,374,000,000","1,312,700,000","1,316,500,000","1,361,700,000","1,415,900,000","1,498,300,000","1,441,300,000","1,449,100,000","1,406,400,000","1,347,200,000","1,264,400,000","1,254,400,000","1,237,800,000","1,253,300,000","1,274,600,000","1,250,300,000","1,225,300,000","1,208,600,000","1,234,800,000","1,213,500,000","1,150,300,000","1,153,100,000","1,120,900,000","1,051,000,000","997,000,000","1,013,000,000","947,000,000","978,900,000","982,400,000","982,900,000","920,800,000","931,000,000","868,400,000","858,600,000","827,300,000","855,500,000","824,800,000","833,900,000","813,500,000","838,800,000","824,700,000","793,300,000","760,500,000","738,400,000","713,400,000","754,700,000","724,600,000","816,300,000","712,800,000","713,100,000","652,500,000","668,600,000","663,700,000","668,900,000","640,600,000","622,000,000","605,100,000","618,900,000","585,900,000","543,600,000","527,800,000","527,100,000","533,700,000","502,500,000","494,900,000","508,900,000","475,900,000","476,400,000"
	OperatingRevenue,"10,942,000,000","2,994,200,000","2,841,100,000","2,604,700,000","2,502,000,000","2,375,200,000","2,320,100,000","2,065,200,000","2,216,300,000","2,254,700,000","2,283,200,000","2,224,000,000","2,187,700,000","2,224,000,000","2,298,900,000","2,259,000,000","2,155,700,000","2,216,600,000","2,203,100,000","2,121,900,000","1,980,100,000","1,882,500,000","2,463,000,000","2,434,400,000","2,271,200,000","2,355,800,000","2,449,400,000","2,470,200,000","2,414,500,000","2,560,800,000","2,677,000,000","2,634,600,000","2,581,900,000","2,545,500,000","2,586,500,000","2,547,300,000","2,484,200,000","2,562,400,000","2,605,800,000","2,340,100,000","2,344,300,000","2,423,100,000","2,611,200,000","2,577,800,000","2,501,300,000","2,391,700,000","2,351,200,000","2,252,300,000","2,249,000,000","2,173,500,000","2,129,300,000","1,976,200,000","1,955,400,000","2,195,300,000","2,527,600,000","2,808,000,000","2,605,300,000","2,473,600,000","2,537,000,000","2,595,000,000","2,473,300,000","2,432,500,000","2,115,000,000","2,319,600,000","2,317,200,000","2,098,600,000","2,070,800,000","2,078,400,000","2,003,300,000","1,991,000,000","1,977,500,000","1,892,500,000","1,856,500,000","1,684,900,000","1,642,300,000","1,629,900,000","1,578,100,000","1,447,000,000","1,398,000,000","1,374,000,000","1,312,700,000","1,316,500,000","1,361,700,000","1,415,900,000","1,498,300,000","1,441,300,000","1,449,100,000","1,406,400,000","1,347,200,000","1,264,400,000","1,254,400,000","1,237,800,000","1,253,300,000","1,274,600,000","1,250,300,000","1,225,300,000","1,208,600,000","1,234,800,000","1,213,500,000","1,150,300,000","1,153,100,000","1,120,900,000","1,051,000,000","997,000,000","1,013,000,000","947,000,000","978,900,000","982,400,000","982,900,000","920,800,000","931,000,000","868,400,000","858,600,000","827,300,000","855,500,000","824,800,000","833,900,000","813,500,000","838,800,000","824,700,000","793,300,000","760,500,000","738,400,000","713,400,000","754,700,000","724,600,000","816,300,000","712,800,000","713,100,000","652,500,000","668,600,000","663,700,000","668,900,000","640,600,000","622,000,000","605,100,000","618,900,000","585,900,000","543,600,000","527,800,000","527,100,000","533,700,000","502,500,000","494,900,000","508,900,000","475,900,000","476,400,000"
CostOfRevenue,"7,777,300,000","2,223,600,000","2,006,300,000","1,801,900,000","1,745,500,000","1,632,400,000","1,566,500,000","1,344,900,000","1,460,100,000","1,486,600,000","1,490,800,000","1,466,000,000","1,474,700,000","1,544,000,000","1,565,800,000","1,545,400,000","1,506,500,000","1,571,800,000","1,545,300,000","1,486,200,000","1,403,800,000","1,318,100,000","1,648,700,000","1,639,300,000","1,519,000,000","1,598,000,000","1,697,100,000","1,716,400,000","1,699,600,000","1,831,000,000","1,932,400,000","1,918,700,000","1,917,600,000","1,865,900,000","1,882,900,000","1,875,500,000","1,813,600,000","1,900,100,000","1,923,000,000","1,690,800,000","1,715,800,000","1,774,300,000","1,910,200,000","1,882,100,000","1,802,500,000","1,720,500,000","1,694,700,000","1,611,000,000","1,628,700,000","1,568,600,000","1,545,000,000","1,427,500,000","1,439,900,000","1,629,700,000","1,927,800,000","2,073,000,000","1,903,800,000","1,788,500,000","1,845,100,000","1,903,600,000","1,824,400,000","1,788,500,000","1,533,900,000","1,709,500,000","1,743,600,000","1,571,300,000","1,535,200,000","1,531,700,000","1,468,900,000","1,475,500,000","1,475,500,000","1,388,300,000","1,369,600,000","1,230,200,000","1,178,400,000","1,225,400,000","1,176,300,000","1,033,000,000","971,600,000","976,700,000","942,300,000","937,100,000","968,500,000","1,004,300,000","1,104,800,000","1,025,100,000","1,029,200,000","993,700,000","925,600,000","877,100,000","877,300,000","871,100,000","877,500,000","875,600,000","725,200,000","708,700,000","701,900,000","720,700,000","729,200,000","663,400,000","686,300,000","692,700,000","645,000,000","594,000,000","609,000,000","560,000,000","586,400,000","595,700,000","590,900,000","544,000,000","577,700,000","516,600,000","518,200,000","499,000,000","448,900,000","414,900,000","411,400,000","409,000,000","425,400,000","419,400,000","385,100,000","366,600,000","355,800,000","346,400,000","378,000,000","355,700,000","442,300,000","349,300,000","359,300,000","321,000,000","339,200,000","335,300,000",,,,,,,,,,,,,,,
GrossProfit,"3,164,700,000","770,600,000","834,800,000","802,800,000","756,500,000","742,800,000","753,600,000","720,300,000","756,200,000","768,100,000","792,400,000","758,000,000","713,000,000","680,000,000","733,100,000","713,600,000","649,200,000","644,800,000","657,800,000","635,700,000","576,300,000","564,400,000","814,300,000","795,100,000","752,200,000","757,800,000","752,300,000","753,800,000","714,900,000","729,800,000","744,600,000","715,900,000","664,300,000","679,600,000","703,600,000","671,800,000","670,600,000","662,300,000","682,800,000","649,300,000","628,500,000","648,800,000","701,000,000","695,700,000","698,800,000","671,200,000","656,500,000","641,300,000","620,300,000","604,900,000","584,300,000","548,700,000","515,500,000","565,600,000","599,800,000","735,000,000","701,500,000","685,100,000","691,900,000","691,400,000","648,900,000","644,000,000","581,100,000","610,100,000","573,600,000","527,300,000","535,600,000","546,700,000","534,400,000","515,500,000","502,000,000","504,200,000","486,900,000","454,700,000","463,900,000","404,500,000","401,800,000","414,000,000","426,400,000","397,300,000","370,400,000","379,400,000","393,200,000","411,600,000","393,500,000","416,200,000","419,900,000","412,700,000","421,600,000","387,300,000","377,100,000","366,700,000","375,800,000","399,000,000","525,100,000","516,600,000","506,700,000","514,100,000","484,300,000","486,900,000","466,800,000","428,200,000","406,000,000","403,000,000","404,000,000","387,000,000","392,500,000","386,700,000","392,000,000","376,800,000","353,300,000","351,800,000","340,400,000","328,300,000","406,600,000","409,900,000","422,500,000","404,500,000","413,400,000","405,300,000","408,200,000","393,900,000","382,600,000","367,000,000","376,700,000","368,900,000","374,000,000","363,500,000","353,800,000","331,500,000","329,400,000","328,400,000",,,,,,,,,,,,,,,
OperatingExpense,"913,000,000","247,600,000","218,100,000","225,700,000","221,600,000","203,700,000","193,400,000","181,100,000","179,000,000","207,100,000","189,200,000","191,900,000","196,500,000","196,000,000","202,400,000","197,800,000","193,800,000","184,100,000","183,800,000","178,300,000","174,800,000","156,100,000","243,400,000","236,300,000","222,900,000","252,800,000","230,300,000","273,100,000","285,100,000","285,300,000","289,100,000","302,100,000","279,600,000","294,000,000","316,000,000","288,700,000","280,900,000","289,900,000","79,200,000","348,800,000","353,900,000","289,900,000","304,100,000","285,500,000","279,300,000","280,500,000","254,800,000","267,000,000","277,100,000","282,700,000","228,900,000","416,300,000","265,300,000","451,500,000","-118,200,000","667,400,000","363,300,000","313,100,000","305,800,000","326,800,000","324,200,000","311,700,000","365,100,000","312,000,000","279,000,000","275,100,000","286,400,000","283,900,000","282,200,000","277,200,000","265,000,000","270,500,000","276,800,000","255,900,000","274,900,000","364,500,000","222,800,000","217,500,000","205,600,000","182,200,000","215,600,000","195,200,000","254,900,000","196,200,000","77,000,000","188,700,000","190,600,000","226,300,000","202,700,000","191,100,000","191,800,000","199,000,000","193,100,000","210,000,000","310,100,000","305,300,000","300,600,000","301,500,000","305,200,000","294,000,000","282,800,000","258,800,000","263,000,000","247,000,000","256,000,000","243,000,000","248,900,000","226,000,000","240,200,000","230,900,000","221,900,000","240,300,000","218,000,000","207,500,000","427,100,000","296,600,000","289,200,000","289,100,000","305,200,000","286,400,000","282,500,000","275,000,000","281,400,000","266,900,000","272,500,000","264,900,000","270,400,000","263,100,000","256,200,000","244,000,000","248,100,000","245,300,000",,,,,,,,,,,,,,,
	SellingGeneralAndAdministration,"858,500,000","232,800,000","202,100,000","213,300,000","210,300,000","202,700,000","195,600,000","176,900,000","167,900,000","201,700,000","181,900,000","188,500,000","190,000,000","189,600,000","186,000,000","188,600,000","194,600,000","191,600,000","188,400,000","190,000,000","182,000,000","165,700,000","221,600,000","213,000,000","209,700,000","212,000,000","207,400,000","243,800,000","253,500,000","258,200,000","248,500,000","272,000,000","263,400,000","280,900,000","282,700,000","271,300,000","266,600,000","268,200,000","161,200,000","230,400,000","324,100,000","248,900,000","257,500,000","252,900,000","259,400,000","244,600,000","236,400,000","247,500,000","240,400,000","244,100,000","258,400,000","364,300,000","230,600,000","421,200,000","132,400,000","321,700,000","311,800,000","298,200,000","298,400,000","304,700,000","293,100,000","284,400,000","266,600,000","284,000,000","275,500,000","254,600,000","257,100,000","261,100,000","257,200,000","252,800,000","243,900,000","243,700,000","250,400,000","231,400,000","194,500,000","243,400,000","203,900,000","190,800,000","183,800,000","172,900,000","189,100,000","169,300,000","215,800,000","173,300,000","189,500,000","173,500,000","177,500,000","189,500,000","179,900,000","167,800,000","166,500,000","172,600,000","168,300,000","183,200,000","285,700,000","287,400,000","277,300,000","269,900,000","278,300,000","266,800,000","264,700,000","241,500,000","241,000,000","228,000,000","231,000,000","220,000,000","231,600,000","216,900,000","214,300,000","206,200,000","200,700,000","205,400,000","193,400,000","189,300,000","338,600,000","209,900,000","204,600,000","203,200,000","214,000,000","201,600,000","199,700,000","193,600,000","199,300,000","188,100,000","192,100,000","187,100,000","192,800,000","184,500,000","182,300,000","170,900,000","176,600,000","170,800,000",,,,,,,,,,,,,,,
		GeneralAndAdministrativeExpense,"858,500,000","232,800,000","202,100,000","213,300,000","210,300,000","202,700,000","195,600,000","176,900,000","167,900,000","201,700,000","181,900,000","188,500,000","190,000,000","189,600,000","186,000,000","188,600,000","194,600,000","191,600,000","188,400,000","190,000,000","182,000,000","165,700,000","221,600,000","213,000,000","209,700,000","212,000,000","207,400,000","243,800,000","253,500,000","258,200,000","248,500,000","272,000,000","263,400,000","280,900,000","282,700,000","271,300,000","266,600,000","268,200,000","248,000,000",,,,"257,500,000","252,900,000",,,"236,400,000","247,500,000",,,"258,400,000","364,300,000","230,600,000",,,,,,,,,,,,,,,,,,,,,,,,,,,,,,,,,,,,,,,,,,,,,,,,,,,,,,,,,,,,,,,,,,,,,,,,,,,,,,,,,,,,,,,,,,,,,,
			SalariesAndWages,,,,,,,,,,,,,,,,,,,"900,000","5,500,000","4,100,000",,"2,800,000","1,000,000","2,600,000",,"7,000,000","1,600,000","12,600,000",,"5,500,000",,,,"7,900,000",,,,,,,,"0","0",,,"5,200,000","6,300,000",,,"2,700,000","8,000,000","0",,,,,,,,,,,,,,,,,,,,,,,,,,,,,,,,,,,,,,,,,,,,,,,,,,,,,,,,,,,,,,,,,,,,,,,,,,,,,,,,,,,,,,,,,,,,,,
			OtherGandA,"858,500,000","232,800,000","202,100,000","213,300,000","210,300,000","202,700,000","195,600,000","176,900,000","167,900,000","201,700,000","181,900,000","188,500,000","190,000,000","189,600,000","186,000,000","188,600,000","194,600,000","191,600,000","187,500,000","184,500,000","177,900,000","165,700,000","218,800,000","212,000,000","207,100,000","212,000,000","200,400,000","242,200,000","240,900,000","258,200,000","243,000,000","272,000,000","263,400,000","280,900,000","270,300,000","271,300,000","266,600,000","268,200,000","248,000,000",,,,"257,500,000","252,900,000",,,"231,200,000","241,200,000",,,"255,700,000","356,300,000","230,600,000",,,,,,,,,,,,,,,,,,,,,,,,,,,,,,,,,,,,,,,,,,,,,,,,,,,,,,,,,,,,,,,,,,,,,,,,,,,,,,,,,,,,,,,,,,,,,,
	ResearchAndDevelopment,"93,300,000","23,300,000","25,700,000","23,200,000","21,100,000","23,500,000","27,100,000","19,900,000","19,200,000","17,700,000","22,900,000","18,100,000","16,900,000","15,000,000","20,400,000","15,000,000","14,500,000","14,600,000","13,300,000","14,600,000","14,800,000","15,100,000","33,200,000","34,100,000","32,700,000","32,400,000","33,300,000","33,800,000","36,300,000","35,400,000","40,900,000","33,800,000","33,200,000","33,500,000","34,600,000","33,500,000","32,300,000","33,300,000","36,100,000","32,500,000","29,800,000","28,100,000","32,400,000","29,300,000","27,900,000","29,200,000","31,900,000","29,300,000","26,300,000","27,200,000","29,400,000","24,100,000","29,600,000","33,200,000","33,000,000","33,100,000","34,300,000","30,300,000","34,600,000","35,700,000","35,100,000","34,800,000","36,800,000","39,100,000","37,700,000","37,800,000","33,200,000","33,300,000","33,100,000","33,100,000","33,600,000","31,100,000","32,000,000","30,000,000","27,900,000","32,100,000","31,100,000","30,000,000","30,200,000","31,900,000","28,100,000","30,400,000","32,200,000","31,000,000","30,800,000","28,500,000","32,100,000","32,300,000","29,900,000","30,100,000","32,700,000","29,400,000","29,300,000","31,700,000","30,000,000","28,700,000","27,000,000","26,300,000","30,600,000","27,900,000","28,500,000","26,700,000","30,000,000","28,000,000","29,000,000","27,000,000","27,000,000","25,800,000","26,300,000","23,900,000","26,900,000","24,400,000","23,800,000","22,300,000",,,,,,,,,,,,,,,,,,,,,,,,,,,,,,,,,
	DepreciationAmortizationDepletionIncomeStatement,,,,,,,,,,,,,,,,,,,,,,,,,,,,,,,,,,,,,,,,,,,,,,,,,,,,,,,,,,,,,,,,,,,,,,,,,,,,,,,,,,,,,,,,,,,,,,,,,,,,,,,,,,,,,,,,,,,"88,500,000","86,700,000","84,600,000","85,900,000","91,200,000","84,800,000","82,800,000","81,400,000","82,100,000","78,800,000","80,400,000","77,800,000","77,600,000","78,600,000","73,900,000","73,100,000","71,500,000","74,500,000",,,,,,,,,,,,,,,
		DepreciationAndAmortizationInIncomeStatement,,,,,,,,,,,,,,,,,,,,,,,,,,,,,,,,,,,,,,,,,,,,,,,,,,,,,,,,,,,,,,,,,,,,,,,,,,,,,,,,,,,,,,,,,,,,,,,,,,,,,,,,,,,,,,,,,,,"88,500,000","86,700,000","84,600,000","85,900,000","91,200,000","84,800,000","82,800,000","81,400,000","82,100,000","78,800,000","80,400,000","77,800,000","77,600,000","78,600,000","73,900,000","73,100,000","71,500,000","74,500,000",,,,,,,,,,,,,,,
	ProvisionForDoubtfulAccounts,,,,,,,,,,,,,,,,,,,,,,,,,,,,,,,,,,,,,,,,,,,,,,,"-4,600,000","-1,800,000",,,,,,,,,,,,,,,,,,,,,,,,,,,,,,,,,,,,,,,,,,,,,,,,,,,,,,,,,,,,,,,,,,,,,,,,,,,,,,,,,,,,,,,,,,,,,,,,,,,
	OtherOperatingExpenses,"-38,800,000","-8,500,000","-9,700,000","-10,800,000","-9,800,000","-22,500,000","-29,300,000","-15,700,000","-8,100,000","-12,300,000","-15,600,000","-14,700,000","-10,400,000","-8,600,000","-4,000,000","-5,800,000","-15,300,000","-22,100,000","-17,900,000","-26,300,000","-22,000,000","-24,700,000","-11,400,000","-10,800,000","-19,500,000","8,400,000","-10,400,000","-4,500,000","-4,700,000","-8,300,000","-300,000","-3,700,000","-17,000,000","-20,400,000","-1,300,000","-16,100,000","-18,000,000","-11,600,000","-121,600,000","85,900,000",,"12,900,000","14,200,000","3,300,000","-8,000,000","6,700,000","-8,900,000","-8,000,000","10,400,000","11,400,000","-58,900,000","27,900,000","5,100,000","-2,900,000","-293,400,000","312,600,000","17,200,000","-15,400,000","-43,800,000","-13,600,000","-4,000,000","-7,500,000","61,700,000","-11,100,000","-34,200,000","-17,300,000","-3,900,000","-10,500,000","-8,100,000","-8,700,000","-26,100,000","-4,300,000","-5,600,000","-5,500,000","42,200,000","89,000,000","-12,200,000","-3,300,000","-12,200,000","-22,600,000","-1,600,000","-4,500,000","6,900,000","-8,100,000","-143,300,000","-13,300,000","-19,000,000","4,500,000","-7,100,000","-6,800,000","-7,400,000","-3,000,000","-4,500,000","-4,900,000","-5,600,000","-10,800,000","-3,700,000","5,300,000","-3,700,000","-700,000","-10,400,000","-9,400,000","-8,000,000","-9,000,000","-4,000,000","-4,000,000","-9,700,000","-16,700,000","-400,000","800,000","-5,700,000","10,500,000","800,000","-4,100,000",,,,,,,,,,,,,,,,,,,,,,,,,,,,,,,,,
OperatingIncome,"2,251,700,000","523,000,000","616,700,000","577,100,000","534,900,000","539,100,000","560,200,000","539,200,000","577,200,000","561,000,000","603,200,000","566,100,000","516,500,000","484,000,000","530,700,000","515,800,000","455,400,000","460,700,000","474,000,000","457,400,000","401,500,000","408,300,000","570,900,000","558,800,000","529,300,000","505,000,000","522,000,000","480,700,000","429,800,000","444,500,000","455,500,000","413,800,000","384,700,000","385,600,000","387,600,000","383,100,000","389,700,000","372,400,000","603,600,000","300,500,000","274,600,000","358,900,000","396,900,000","410,200,000","419,500,000","390,700,000","401,700,000","374,300,000","343,200,000","322,200,000","355,400,000","132,400,000","250,200,000","114,100,000","718,000,000","67,600,000","338,200,000","372,000,000","386,100,000","364,600,000","324,700,000","332,300,000","216,000,000","298,100,000","294,600,000","252,200,000","249,200,000","262,800,000","252,200,000","238,300,000","237,000,000","233,700,000","210,100,000","198,800,000","189,000,000","40,000,000","179,000,000","196,500,000","220,800,000","215,100,000","154,800,000","184,200,000","138,300,000","215,400,000","316,500,000","227,500,000","229,300,000","186,400,000","218,900,000","196,200,000","185,300,000","167,700,000","182,700,000","189,000,000","215,000,000","211,300,000","206,100,000","212,600,000","179,100,000","192,900,000","184,000,000","169,400,000","143,000,000","156,000,000","148,000,000","144,000,000","143,600,000","160,700,000","151,800,000","145,900,000","131,400,000","111,500,000","122,400,000","120,800,000","-20,500,000","113,300,000","133,300,000","115,400,000","108,200,000","118,900,000","125,700,000","118,900,000","101,200,000","100,100,000","104,200,000","104,000,000","103,600,000","100,400,000","97,600,000","87,500,000","81,300,000","83,100,000","668,900,000","640,600,000","-1,446,700,000","605,100,000","618,900,000","585,900,000","-1,278,600,000","527,800,000","527,100,000","533,700,000","-1,223,200,000","494,900,000","508,900,000","475,900,000","-1,110,200,000"
NetNonOperatingInterestIncomeExpense,"-135,600,000","-30,500,000","-33,400,000","-35,600,000","-36,100,000","-36,700,000","-39,200,000","-32,100,000","-19,300,000","-18,700,000","-30,100,000","-34,200,000","-35,400,000","-37,300,000","-35,400,000","-34,900,000","-30,400,000","-29,800,000","-29,300,000","-29,800,000","-30,500,000","-29,500,000","-26,400,000","-35,000,000","-25,700,000","-22,200,000","-18,200,000","-28,200,000","-23,400,000","-29,100,000","-19,600,000","-31,300,000","-31,500,000","-33,300,000","-29,000,000","-35,400,000","-35,200,000","-35,800,000","-33,500,000","-26,000,000","-29,400,000","-29,400,000","-28,600,000","-26,500,000","-29,400,000","-31,000,000","-30,800,000","-30,000,000","-29,500,000","-31,600,000","-27,900,000","-27,500,000","-30,000,000",,,,,,,,,,,,,,,,,,,,,,,,,,,,,,,,,,,,,,,,,,,,,,,,,,,,,,,,,,,,,,,,,,,,,,,,,,,,,,,,,,,,,,,,,,,,,,
	InterestExpenseNonOperating,"135,600,000","30,500,000","33,400,000","35,600,000","36,100,000","36,700,000","39,200,000","32,100,000","19,300,000","18,700,000","30,100,000","34,200,000","35,400,000","37,300,000","35,400,000","34,900,000","30,400,000","29,800,000","30,800,000","29,800,000","30,500,000","29,500,000","32,600,000","35,000,000","25,700,000","22,200,000","22,800,000","28,200,000","23,400,000","29,100,000","29,000,000","31,300,000","31,500,000","33,300,000","35,400,000","35,400,000","35,200,000","35,800,000","38,900,000","26,000,000","29,400,000","29,400,000","28,600,000","26,500,000","29,400,000","31,000,000","30,800,000","30,000,000","29,500,000","31,600,000","27,900,000","27,500,000","30,000,000",,,,,,,,,,,,,,,,,,,,,,,,,,,,,,,,,,,,,,,,,,,,,,,,,,,,,,,,,,,,,,,,,,,,,,,,,,,,,,,,,,,,,,,,,,,,,,
OtherIncomeExpense,"463,900,000","170,400,000","109,000,000","84,300,000","100,200,000","87,900,000","73,600,000","59,300,000","95,300,000","67,300,000","76,800,000","77,600,000","59,900,000","42,400,000","33,600,000","70,900,000","54,800,000","23,600,000","34,500,000","-231,900,000","33,600,000","-42,200,000","3,000,000","18,700,000","16,500,000","21,700,000","-35,000,000","-15,800,000","-22,400,000","28,600,000","-281,100,000","43,100,000","30,400,000","38,200,000","-172,400,000","44,200,000","39,800,000","41,400,000","-164,800,000","31,200,000","22,200,000","37,100,000","55,100,000","39,700,000","31,700,000","-15,700,000","600,000","-5,400,000","8,800,000","26,900,000","32,200,000","28,500,000","27,000,000","27,400,000","316,000,000","-266,100,000","25,200,000","40,700,000","68,800,000","49,100,000","36,400,000","37,600,000","-32,000,000","37,000,000","58,500,000","45,100,000","32,300,000","36,800,000","33,300,000","34,200,000","49,200,000","28,500,000","27,600,000","25,100,000","-19,900,000","-69,000,000","24,700,000","29,100,000","27,100,000","40,300,000","77,600,000","22,900,000","116,300,000","29,900,000","7,900,000","34,200,000","171,400,000","-466,600,000","-106,300,000","-86,100,000","40,600,000","18,100,000","18,500,000","45,900,000","19,000,000","50,100,000","11,600,000","75,600,000","20,500,000","18,000,000","23,900,000","28,100,000","34,000,000","29,000,000","89,000,000","20,000,000","27,600,000","31,900,000","8,900,000","8,600,000","12,800,000","-12,300,000","-91,600,000","10,400,000","13,600,000","14,600,000","4,000,000","8,400,000","15,300,000","3,800,000","6,800,000","-1,300,000","3,000,000","14,900,000","14,800,000","7,900,000","10,200,000","6,900,000","12,500,000","5,700,000","8,100,000","11,300,000",,,,,,,,,,,,,,,
	EarningsFromEquityInterest,"409,400,000","147,800,000","91,800,000","63,200,000","106,600,000","69,300,000","67,200,000","51,200,000","88,200,000","58,200,000","59,900,000","56,400,000","46,200,000","52,900,000","59,200,000","58,100,000","43,700,000","13,800,000","44,800,000","-36,900,000","34,200,000","38,000,000","40,000,000","42,400,000","32,500,000","33,700,000","36,000,000","42,400,000","33,000,000","43,100,000","39,700,000","43,100,000","30,400,000","38,200,000","42,400,000","44,200,000","39,800,000","41,400,000","39,500,000","41,700,000","35,500,000","37,100,000","55,100,000","39,700,000","31,700,000","27,800,000","35,300,000","32,500,000","32,200,000","26,900,000","32,200,000","28,500,000","27,000,000","24,500,000","30,800,000","46,500,000","42,400,000","25,300,000","33,800,000","35,500,000","32,400,000","30,100,000","29,700,000","25,900,000","24,300,000","27,800,000","28,400,000","26,300,000","25,200,000","25,500,000","27,000,000","24,200,000","22,000,000","19,600,000","26,100,000","20,000,000","12,500,000","25,800,000","19,800,000","17,700,000","20,300,000","18,400,000","21,600,000","21,800,000","16,900,000","20,900,000","25,600,000","20,400,000","21,300,000","20,300,000","22,400,000","15,200,000","14,100,000","9,800,000","13,400,000","11,000,000","7,900,000","5,700,000","16,800,000","17,300,000","13,500,000","18,700,000","26,000,000","20,000,000","18,000,000","16,000,000","17,900,000","15,200,000","8,500,000","9,400,000","7,100,000","9,500,000","5,600,000","6,300,000",,,,,,,,,,,,,,,,,,,,,,,,,,,,,,,,,
	SpecialIncomeCharges,,,"0","0","-23,200,000",,"0","0","0","0","0","3,600,000","0","-29,000,000","6,900,000","0","0","0","-24,100,000","-204,800,000","-10,300,000","-80,200,000","-31,200,000","-23,700,000","-16,000,000","-12,000,000","-48,700,000","-58,200,000","-55,400,000","-14,500,000","-322,800,000",,,,"-211,600,000","0","0",,"-205,400,000","-10,500,000","-13,300,000",,,,,"-43,500,000","-34,700,000","-37,900,000","-23,400,000",,,,,"2,900,000","285,200,000","-312,600,000","-17,200,000","15,400,000","35,000,000","13,600,000","4,000,000","7,500,000","-61,700,000","11,100,000","34,200,000","17,300,000","3,900,000","10,500,000","8,100,000","8,700,000","22,200,000","4,300,000","5,600,000","5,500,000","-46,000,000","-89,000,000","12,200,000","3,300,000","7,300,000","22,600,000","57,300,000","4,500,000","94,700,000","8,100,000","-9,000,000","13,300,000","145,800,000","-487,000,000","-127,600,000","-106,400,000","18,200,000","2,900,000","4,400,000","36,100,000","5,600,000","39,100,000","3,700,000","69,900,000","3,700,000","700,000","10,400,000","9,400,000","8,000,000","9,000,000","71,000,000","4,000,000","9,700,000","16,700,000","400,000","-800,000","5,700,000","-21,800,000","-97,200,000","4,100,000","13,600,000","14,600,000","4,000,000","8,400,000","15,300,000","3,800,000","6,800,000","-1,300,000","3,000,000","14,900,000","14,800,000","7,900,000","10,200,000","6,900,000","12,500,000","5,700,000","8,100,000","11,300,000",,,,,,,,,,,,,,,
		RestructuringAndMergernAcquisition,,,"0","0","23,200,000",,"0","0","0","0","0","-3,600,000","0","29,000,000","0","0","0","0","48,400,000","42,700,000","10,300,000","50,000,000","11,100,000","14,200,000","8,600,000","0","61,700,000","58,200,000","55,400,000","14,500,000","12,700,000",,,,"231,600,000","0","0",,"240,600,000",,,,,,,"43,500,000","34,700,000","37,900,000","23,400,000",,,,,,,,,,,,,,,,,,,,,,,,,,,,,,,,,,,,,,,,,,,,,,,,,,,,,,,,,,,,,,,,,,,,,,,,,,,,,,,,,,,,,,,,,,,,,,,,,,
		ImpairmentOfCapitalAssets,,,,,,,,,,,,,,,"0","0",,,"0","162,100,000",,,,,,,"0",,,,"310,100,000",,,,,,,,,,,,,,,,,,,,,,,,,,,,,,,,,,,,,,,,,,,,,,,,,,,,,,,,,,,,,,,,,,,,,,,,,,,,,,,,,,,,,,,,,,,,,,,,,,,,,,,,,,,,,,,,,,,,
		WriteOff,,,,,,,,,,,,,,,,,,,,,,,,,,,,,,,,,,,"0",,,,"9,800,000",,,,,,,,,,,,,,,,,,,,,,,,,,,,,,,,,,,,,,,,,,,,,,,,,,,,,,,,,,,,,,,,,,,,,,,,,,,,,,,,,,,,,,,,,,,,,,,,,,,,,,,,,,,,
		OtherSpecialCharges,,,,,,,,,,,,,,,,,,,,,,,"6,900,000",,,,"16,600,000",,,,,,,,,,,,,,,,,,,,,,,,,,,,,,,,,,,,,,,,,,,,,,,,,,,,,,,,,,,,,,,,,,,,,,,,,,,,,,,,,,,,,,,,,,,,,,,,,,,,,,,,,,,,,,,,,,,,,,,,
		GainOnSaleOfBusiness,,,,,,,"0","0","33,800,000",,,,,,"0","0","0","0","0","0","0","-30,200,000","-23,300,000","-9,500,000","-7,400,000","-12,000,000","-7,500,000",,,,,,,,,,,,"0",,,,,,,,,,,,,,,,,,,,,,,,,,,,,,,,,,,,,,,,,,,,,,,,,,,,,,,,,,,,,,,,,,,,,,,,,,,,,,,,,,,,,,,,,,,,,,,,,,,,,,,,,,,,
	OtherNonOperatingIncomeExpenses,"77,700,000","22,600,000","17,200,000","21,100,000","16,800,000","18,600,000","6,400,000","8,100,000","7,100,000","9,100,000","16,900,000","17,600,000","13,700,000","18,500,000","-28,600,000","12,800,000","11,100,000","9,800,000","9,500,000","9,800,000","9,700,000",,,,,,,,,,,,,,,,,,,,,,,,,,,,,,,,,,,,,,,,,,,,,,,,,,,,,,,,,,,,,,,,,,,,,,,,,,,,,,,,,,,,,,,,,,,,,,,,,,,,,,,,,,,,,,,,,,,,,,,,,,,,,,
PretaxIncome,"2,580,000,000","662,900,000","692,300,000","625,800,000","599,000,000","590,300,000","594,600,000","566,400,000","653,200,000","609,600,000","649,900,000","609,500,000","541,000,000","489,100,000","528,900,000","551,800,000","479,800,000","454,500,000","479,200,000","195,700,000","404,600,000","336,600,000","547,500,000","542,500,000","520,100,000","504,500,000","468,800,000","436,700,000","384,000,000","444,000,000","154,800,000","425,600,000","383,600,000","390,500,000","186,200,000","391,900,000","394,300,000","378,000,000","158,500,000","498,500,000","294,000,000","392,400,000","451,800,000","430,000,000","421,800,000","357,400,000","371,500,000","338,900,000","343,300,000","340,300,000","332,300,000","144,800,000","257,400,000","102,100,000","706,500,000","74,500,000","341,500,000","356,300,000","377,800,000","355,900,000","319,300,000","323,300,000","207,500,000","294,500,000","293,600,000","253,700,000","250,900,000","263,200,000","247,600,000","236,000,000","235,700,000","228,400,000","199,800,000","187,500,000","184,400,000","27,500,000","162,900,000","190,600,000","211,900,000","205,300,000","199,800,000","167,500,000","217,700,000","188,500,000","130,800,000","200,000,000","326,000,000","-328,600,000","58,700,000","62,000,000","179,500,000","143,600,000","156,300,000","189,600,000","186,800,000","208,600,000","175,000,000","253,300,000","156,400,000","170,800,000","155,000,000","148,200,000","134,000,000","142,000,000","202,000,000","131,000,000","135,700,000","151,700,000","134,200,000","131,400,000","116,300,000","88,000,000","13,700,000","107,300,000","-26,900,000","109,700,000","115,700,000","102,300,000","101,700,000","100,800,000","109,500,000","95,000,000","82,600,000","93,000,000","97,700,000","89,300,000","91,400,000","84,900,000","87,600,000","72,900,000","69,800,000","75,600,000",,,,,,,,,,,,,,,
TaxProvision,"462,200,000","113,300,000","125,300,000","101,700,000","121,900,000","113,900,000","99,900,000","109,300,000","148,500,000","120,700,000","131,200,000","109,300,000","107,500,000","132,100,000","69,200,000","107,100,000","56,200,000","291,800,000","-1,300,000","89,300,000","94,500,000","78,400,000","138,600,000","179,500,000","132,500,000","132,500,000","118,800,000","103,500,000","87,100,000","106,500,000","77,300,000","102,100,000","92,100,000","94,500,000","25,800,000","94,100,000","95,800,000","92,200,000","17,800,000","133,300,000","8,800,000","136,100,000","112,700,000","103,900,000","110,300,000","81,500,000","93,500,000","77,600,000","84,900,000","83,500,000","86,300,000","25,400,000","66,500,000","7,100,000","172,100,000","16,100,000","83,900,000","93,200,000","69,100,000","62,700,000","84,300,000","85,100,000","47,200,000","77,800,000","79,400,000","66,800,000","66,300,000","64,300,000","67,800,000","64,900,000","57,000,000","63,400,000","54,900,000","51,300,000","46,300,000","-2,900,000","48,700,000","55,100,000","61,800,000","60,600,000","69,600,000","48,800,000","66,900,000","53,800,000","36,600,000","61,700,000","106,500,000","-137,600,000","8,300,000","9,100,000","54,000,000","44,400,000","45,100,000","59,900,000","59,100,000","70,500,000","54,500,000","92,800,000","49,000,000","54,800,000","49,000,000","48,300,000","40,000,000","44,000,000","67,000,000","42,000,000","43,100,000","51,600,000","45,600,000","44,700,000","37,200,000","22,200,000","200,000","32,200,000","-12,700,000","38,900,000","40,400,000","33,300,000","30,600,000","32,400,000","36,200,000","30,800,000","24,200,000","28,900,000","31,900,000","28,700,000","28,300,000","28,100,000","27,000,000","23,500,000","18,800,000","22,200,000",,,,,,,,,,,,,,,
EarningsFromEquityInterestNetOfTax,,,,,,,,,,,,,,,,,,,,,,,,,,,,,,,,,,,,,,,,,,,,,,,,,"32,200,000","26,900,000",,,,,,,,,,,,,,,,,,,,,,,,,,,,,,,,,,,,,,,,,,,,,,,,,,,,,,,,,,,,,,,,,,,,,,,,,,,,,,,,,,,,,,,,,,,,,,,,,
NetIncomeCommonStockholders,"2,177,500,000","560,400,000","610,400,000","533,600,000","473,100,000","482,000,000","486,800,000","446,500,000","477,800,000","475,600,000","503,200,000","488,000,000","421,300,000","347,500,000","452,900,000","473,900,000","416,400,000","154,600,000","468,700,000","101,900,000","2,130,000,000","299,800,000","394,000,000","346,800,000","-473,300,000","363,600,000","344,500,000","318,800,000","290,000,000","324,600,000","104,000,000","314,000,000","283,500,000","290,200,000","137,100,000","288,400,000","290,400,000","278,300,000","138,700,000","484,500,000","296,000,000","248,100,000","324,800,000","326,500,000","304,300,000","268,600,000","272,100,000","253,200,000","252,000,000","251,800,000","243,900,000","113,200,000","205,600,000","68,600,000","261,600,000","70,100,000","314,300,000","263,700,000","292,800,000","284,900,000","227,600,000","230,300,000","128,400,000","210,300,000","204,000,000","180,700,000","179,000,000","190,600,000","175,300,000","166,800,000","168,100,000","163,000,000","141,200,000","131,800,000","131,300,000","26,600,000","113,600,000","125,800,000","144,300,000","141,300,000","126,100,000","113,700,000","197,700,000","132,300,000","94,600,000","135,600,000","218,500,000","-192,500,000","47,600,000","50,600,000","122,600,000","94,600,000","106,900,000","126,400,000","127,700,000","138,100,000","120,500,000","160,500,000","107,400,000","116,000,000","106,000,000","99,900,000","94,000,000","98,000,000","135,000,000","89,000,000","92,600,000","100,100,000","88,600,000","86,700,000","79,100,000","65,800,000","13,500,000","89,400,000","-14,200,000","70,800,000","75,300,000","69,000,000","71,100,000","68,400,000","67,300,000","64,200,000","58,400,000","64,100,000","65,800,000","60,600,000","63,100,000","56,800,000","60,600,000","49,400,000","51,000,000","53,400,000",,,,,,,,,,,,,,,
	NetIncome,"2,177,500,000","560,400,000","610,400,000","533,600,000","473,100,000","482,000,000","486,800,000","446,500,000","477,800,000","475,600,000","503,200,000","488,000,000","421,300,000","347,500,000","452,900,000","473,900,000","416,400,000","154,600,000","468,700,000","101,900,000","2,130,000,000","299,800,000","394,000,000","346,800,000","-473,300,000","363,600,000","344,500,000","318,800,000","290,000,000","324,600,000","104,000,000","314,000,000","283,500,000","290,200,000","137,100,000","288,400,000","290,400,000","278,300,000","138,700,000","484,500,000","296,000,000","248,100,000","324,800,000","326,500,000","304,300,000","268,600,000","272,100,000","253,200,000","252,000,000","251,800,000","243,900,000","113,200,000","205,600,000","68,600,000","261,600,000","70,100,000","314,300,000","263,700,000","292,800,000","284,900,000","227,600,000","230,300,000","128,400,000","210,300,000","204,000,000","180,700,000","179,000,000","190,600,000","175,300,000","166,800,000","168,100,000","163,000,000","141,200,000","131,800,000","131,300,000","26,600,000","113,600,000","125,800,000","144,300,000","141,300,000","126,100,000","113,700,000","197,700,000","132,300,000","94,600,000","135,600,000","218,500,000","-192,500,000","47,600,000","50,600,000","122,600,000","94,600,000","106,900,000","126,400,000","127,700,000","138,100,000","120,500,000","160,500,000","107,400,000","116,000,000","106,000,000","99,900,000","94,000,000","98,000,000","135,000,000","89,000,000","92,600,000","100,100,000","88,600,000","86,700,000","79,100,000","65,800,000","13,500,000","89,400,000","-14,200,000","70,800,000","75,300,000","69,000,000","71,100,000","68,400,000","67,300,000","64,200,000","58,400,000","64,100,000","65,800,000","60,600,000","63,100,000","56,800,000","60,600,000","49,400,000","51,000,000","53,400,000",,,,,,,,,,,,,,,
		NetIncomeIncludingNoncontrollingInterests,"2,177,800,000","549,600,000","618,800,000","532,300,000","477,100,000","486,700,000","494,700,000","457,100,000","490,400,000","488,900,000","518,700,000","500,200,000","433,500,000","357,000,000","459,700,000","487,900,000","423,600,000","161,700,000","475,000,000","104,100,000","2,135,700,000","306,400,000","400,900,000","354,100,000","-465,500,000","372,000,000","350,000,000","333,200,000","296,900,000","337,500,000","79,000,000","323,500,000","291,500,000","299,100,000","147,300,000","298,400,000","299,600,000","287,200,000","142,300,000","492,500,000","302,200,000","256,300,000","339,100,000","335,000,000","311,500,000","275,900,000","278,000,000","261,300,000","258,400,000","256,800,000","252,500,000","118,000,000","207,200,000","73,600,000","266,400,000","77,700,000","318,800,000","269,800,000","301,600,000","293,200,000","235,000,000","238,200,000","135,400,000","216,700,000","214,200,000","186,900,000","184,600,000","198,900,000","179,800,000","171,100,000","178,700,000","165,000,000","144,900,000","136,200,000","138,100,000","30,400,000","114,200,000","132,600,000","150,100,000","144,700,000","130,200,000","118,700,000","198,100,000","134,700,000","94,200,000","138,300,000","219,500,000","-191,000,000","50,400,000","52,900,000","125,500,000","99,200,000","111,200,000","129,700,000","127,700,000","138,100,000","120,500,000","160,500,000","107,400,000","116,000,000","106,000,000","99,900,000","94,000,000","98,000,000","135,000,000","89,000,000","92,600,000","100,100,000","88,600,000","86,700,000","79,100,000","65,800,000","13,500,000","89,400,000","-14,200,000","70,800,000","75,300,000","69,000,000","71,100,000","68,400,000","67,300,000","64,200,000","58,400,000","64,100,000","65,800,000","60,600,000","63,100,000","56,800,000","60,600,000","49,400,000","51,000,000","53,400,000","56,600,000","61,100,000","50,300,000","52,300,000","55,700,000","55,400,000","39,100,000","44,100,000","41,100,000","35,400,000","9,800,000","-78,600,000","39,100,000","34,400,000","38,100,000"
			NetIncomeContinuousOperations,"2,117,800,000","549,600,000","567,000,000","524,100,000","477,100,000","476,400,000","494,700,000","457,100,000","504,700,000","488,900,000","518,700,000","500,200,000","433,500,000","357,000,000","459,700,000","444,700,000","423,600,000","162,700,000","480,500,000","106,400,000","310,100,000","258,200,000","408,900,000","363,000,000","387,600,000","372,000,000","350,000,000","333,200,000","296,900,000","337,500,000","77,500,000","323,500,000","291,500,000","296,000,000","160,400,000","297,800,000","298,500,000","285,800,000","140,700,000","365,200,000","285,200,000","256,300,000","339,100,000","326,100,000","311,500,000","275,900,000","278,000,000","261,300,000","258,400,000","256,800,000","246,000,000","114,600,000","189,300,000","90,000,000","529,600,000","50,800,000","253,100,000","257,000,000","299,900,000","284,900,000","227,600,000","230,300,000","153,300,000","210,300,000","204,000,000","180,700,000","179,000,000","190,600,000","175,300,000","166,800,000","168,100,000","163,000,000","141,200,000","131,800,000","131,300,000","26,600,000","113,600,000","128,700,000","144,300,000","141,300,000","126,100,000","113,700,000","150,400,000","132,300,000","94,600,000","135,600,000","218,500,000","-192,500,000","47,600,000","50,600,000","122,600,000","94,600,000","106,900,000","126,400,000","127,700,000","138,100,000","120,500,000","160,500,000","107,400,000","116,000,000","106,000,000","99,900,000","94,000,000","98,000,000","135,000,000","89,000,000","92,600,000","100,100,000","88,600,000","86,700,000","79,100,000","65,800,000","13,500,000","75,100,000","-14,200,000","70,800,000","75,300,000","69,000,000","71,100,000","68,400,000","73,300,000","64,200,000","58,400,000","64,100,000","65,800,000","60,600,000","63,100,000","56,800,000","60,600,000","49,400,000","51,000,000","53,400,000","56,600,000","61,100,000","50,300,000","52,300,000","55,700,000","55,400,000","39,100,000","44,100,000","41,100,000","35,400,000","9,800,000","-78,600,000","39,100,000","34,400,000","38,100,000"
			NetIncomeDiscontinuousOperations,"60,000,000","0","51,800,000","8,200,000","0","10,300,000","0","0","-14,300,000",,"0","0","0","0","0","43,200,000","0","-1,000,000","-5,500,000","-2,300,000","1,825,600,000","48,200,000","-8,000,000","-8,900,000","-853,100,000",,"0","0","0","0","1,500,000","0","0","3,100,000","-13,100,000","600,000","1,100,000","1,400,000","1,600,000","127,300,000","17,000,000",,"0","8,900,000",,,"0","0","0","0","-2,100,000","-1,400,000","16,300,000","-21,400,000","-268,000,000","19,300,000","61,200,000","6,700,000",,,,,,,,,,,,,,,,,,,,,,,,,,,,,,,,,,,,,,,,,,,,,,,,,,,,,,,,,,,,,,,,,,,,,,,,,,,,,,,,,,,,,,,,,
			NetIncomeExtraordinary,,,,,,,,,,,,,,,,,,,,,,,,,,,,,,,,,,,,,,,,,,,,,,,,,,,,,,,,,,,,,,,,,,,,,,,,,,,"0",,,"-2,900,000",,,,,,,,,,,,,,,,,,,,,,,,,,,,,,,,,"0",,,"14,300,000",,,,,,,,,,,,,,,,,,,,,,,,,,,,,,,,,
			NetIncomeFromTaxLossCarryforward,,,,,,,,,,,,,,,,,,,,,,,,,,,,,,,,,,,,,,,,,,,,,,,,,,,,,,,,,,,,,,,,,,,,,,,,,,,,,,,,,,,,,,,,,,,,,,,,,,,,,,,,,,,,,,,,,,,,,,,"0",,"-6,000,000",,,,,,,,,,,,,,,,,,,,,,,,,,
		MinorityInterests,"-300,000","10,800,000","-8,400,000","1,300,000","-4,000,000","-4,700,000","-7,900,000","-10,600,000","-12,600,000","-13,300,000","-15,500,000","-12,200,000","-12,200,000","-9,500,000","-6,800,000","-14,000,000","-7,200,000","-7,100,000","-6,300,000","-2,200,000","-5,700,000","-6,600,000","-6,900,000","-7,300,000","-7,800,000","-8,400,000","-5,500,000","-14,400,000","-6,900,000","-12,900,000","25,000,000","-9,500,000","-8,000,000","-8,900,000","-10,200,000","-10,000,000","-9,200,000","-8,900,000","-3,600,000","-8,000,000","-6,200,000","-8,200,000","-14,300,000","-8,500,000","-7,200,000","-7,300,000","-5,900,000","-8,100,000","-6,400,000","-5,000,000","0","-4,800,000","-1,600,000","-5,000,000","-4,800,000","-7,600,000","-4,500,000","-6,100,000","-8,800,000","-8,300,000","-7,400,000","-7,900,000","-7,000,000","-6,400,000","-10,200,000","-6,200,000","-5,600,000","-8,300,000","-4,500,000","-4,300,000","-10,600,000","-2,000,000","-3,700,000","-4,400,000","-6,800,000","-3,800,000","-600,000","-6,800,000","-5,800,000","-3,400,000","-4,100,000","-5,000,000","-400,000","-2,400,000","400,000","-2,700,000","-1,000,000","-1,500,000","-2,800,000","-2,300,000","-2,900,000","-4,600,000","-4,300,000","-3,300,000",,,,,,,,,,,,,,,,,,,,,,,,,,,,,,,,,,,,,,,,,,,,,,,,,,,,,
DilutedNIAvailtoComStockholders,"2,177,500,000","560,400,000","610,400,000","533,600,000","473,100,000","482,000,000","486,800,000","446,500,000","477,800,000","475,600,000","503,200,000","488,000,000","421,300,000","347,500,000","452,900,000","473,900,000","416,400,000","154,600,000","468,700,000","101,900,000","2,130,000,000","299,800,000","394,000,000","346,800,000","-473,300,000","363,600,000","344,500,000","318,800,000","290,000,000","324,600,000","104,000,000","314,000,000","283,500,000","290,200,000","137,100,000","288,400,000","290,400,000","278,300,000","138,700,000","484,500,000","296,000,000","248,100,000","324,800,000","326,500,000","304,300,000","268,600,000","272,100,000","253,200,000","252,000,000","251,800,000","243,900,000","113,200,000","205,600,000","68,600,000","261,600,000","70,100,000","314,300,000","263,700,000","292,800,000","284,900,000","227,600,000","230,300,000","128,400,000","210,300,000","204,000,000","180,700,000","179,000,000","190,600,000","175,300,000","166,800,000","168,100,000","163,000,000","141,200,000","131,800,000","131,300,000","26,600,000","113,600,000","125,800,000","144,300,000","141,300,000","126,100,000","113,700,000","197,700,000","132,300,000","94,600,000","135,600,000","218,500,000","-192,500,000","47,600,000","50,600,000","122,600,000","94,600,000","106,900,000","126,400,000","127,700,000","138,100,000","120,500,000","160,500,000","107,400,000","116,000,000","106,000,000","99,900,000","94,000,000","98,000,000","135,000,000","89,000,000","92,600,000","100,100,000","88,600,000","86,700,000","79,100,000","65,800,000","13,500,000","89,400,000","-14,200,000","70,800,000","75,300,000","69,000,000","71,100,000","68,400,000","67,300,000","64,200,000","58,400,000","64,100,000","65,800,000","60,600,000","63,100,000","56,800,000","60,600,000","49,400,000","51,000,000","53,400,000",,,,,,,,,,,,,,,
BasicEPS,,"2.53","2.75","2.41","2.13","2.18","2.2","2.02","2.16","2.15","2.28","2.21","1.91","1.58","2.06","2.16","1.9","0.71","2.15","0.47","9.78","1.38","1.81","1.6","-2.19","1.68","1.6","1.48","1.35","1.52","0.49","1.47","1.33","1.37","0.65","1.38","1.39","1.33","0.66","2.29","1.4","1.18",,"1.54","1.42","1.25",,"1.19","1.19","1.19",,"0.54","0.98","0.33",,"0.33","1.48","1.23",,"1.32","1.05","1.06",,"0.94","0.92","0.81",,"0.84","0.77","0.74",,"0.73","0.63","0.59",,"0.12","0.52","0.57",,"0.65","0.58","0.53",,"0.62","0.44","0.63",,"-0.9","0.22","0.24",,"0.45","0.51","0.6",,"0.64","0.56","0.74",,"0.53","0.48","0.45",,"0.44","0.61","0.4",,"0.45","0.4","0.39",,"0.29","0.06","0.39",,"0.31","0.33","0.31",,"0.3","0.3","0.29",,"0.29","0.3","0.28",,"0.26","0.28","0.23",,"0.25","0.26","0.28",,"0.24","0.26","0.26",,"0.2","0.19","0.16",,"-0.34","0.17","0.15",
DilutedEPS,,"2.52","2.74","2.4","2.13","2.17","2.19","2.01","2.15","2.14","2.27","2.2","1.9","1.57","2.05","2.15","1.89","0.7","2.13","0.46","9.78","1.37","1.8","1.6","-2.19","1.67","1.58","1.47","1.33","1.5","0.48","1.46","1.32","1.35","0.64","1.36","1.38","1.31","0.65","2.26","1.38","1.16",,"1.5","1.39","1.23",,"1.17","1.16","1.16",,"0.53","0.97","0.32",,"0.32","1.43","1.19",,"1.28","1.02","1.03",,"0.92","0.89","0.8",,"0.82","0.75","0.72",,"0.71","0.62","0.58",,"0.12","0.51","0.56",,"0.63","0.57","0.52",,"0.6","0.43","0.62",,"-0.9","0.22","0.23",,"0.44","0.5","0.59",,"0.63","0.54","0.72",,"0.52","0.47","0.44",,"0.44","0.61","0.4",,"0.45","0.4","0.39",,"0.29","0.06","0.39",,"0.31","0.33","0.31",,"0.3","0.3","0.29",,"0.29","0.3","0.28",,"0.26","0.28","0.23",,"0.25","0.26","0.28",,"0.24","0.26","0.26",,"0.2","0.19","0.16",,"-0.34","0.17","0.15",
BasicAverageShares,,"221,900,000","221,700,000","221,600,000","221,600,000","221,500,000","221,300,000","221,200,000","221,200,000","220,900,000","220,700,000","220,600,000","220,200,000","219,900,000","219,600,000","219,500,000","219,400,000","218,900,000","218,400,000","218,100,000","217,900,000","217,700,000","217,200,000","216,600,000","216,100,000","215,800,000","215,500,000","215,200,000","214,900,000","214,200,000","213,700,000","212,900,000","212,400,000","211,800,000","211,000,000","209,400,000","208,400,000","210,000,000","211,900,000","211,500,000","211,100,000","210,300,000",,"212,500,000","213,800,000","214,200,000",,"212,300,000","212,100,000","211,700,000",,"209,800,000","209,600,000","209,400,000",,"211,200,000","212,300,000","214,800,000",,"216,100,000","216,500,000","216,700,000",,"223,000,000","222,800,000","222,000,000",,"226,700,000","228,100,000","226,400,000",,"224,500,000","223,700,000","221,900,000",,"219,700,000","219,200,000","218,800,000",,"218,000,000","216,600,000","215,700,000",,"214,900,000","214,500,000","214,400,000",,"213,400,000","213,300,000","213,200,000",,"212,500,000","211,600,000","211,400,000",,"214,900,000","215,800,000","222,800,000",,"220,200,000","220,400,000","220,600,000",,"224,000,000","224,000,000","224,000,000",,"224,400,000","224,800,000","226,000,000",,"227,400,000","228,000,000","228,400,000",,"228,387,097","228,181,818","222,580,645",,"228,000,000","224,333,333","221,379,310",,"221,034,483","219,333,333","216,428,571",,"218,461,538","216,428,571","214,782,609",,"213,600,000","219,696,000","219,560,000",,"219,412,000","219,372,000","220,000,000",,"224,672,000","229,120,000","236,280,000",,"236,280,000","236,280,000","235,248,000",
DilutedAverageShares,,"222,600,000","222,500,000","222,500,000","222,500,000","222,600,000","222,600,000","222,400,000","222,300,000","222,200,000","222,100,000","221,900,000","221,400,000","221,000,000","220,900,000","220,900,000","220,800,000","220,400,000","220,100,000","219,800,000","219,700,000","219,700,000","219,000,000","218,500,000","217,900,000","217,600,000","217,700,000","217,400,000","217,400,000","216,600,000","216,200,000","215,400,000","214,900,000","214,300,000","213,800,000","211,900,000","211,000,000","212,600,000","215,000,000","214,700,000","215,000,000","213,900,000",,"217,300,000","218,800,000","219,200,000",,"216,900,000","216,900,000","217,000,000",,"214,000,000","212,300,000","212,100,000",,"218,200,000","219,200,000","222,300,000",,"223,100,000","223,400,000","223,400,000",,"229,200,000","228,500,000","227,100,000",,"232,400,000","234,300,000","232,300,000",,"229,400,000","228,800,000","227,000,000",,"223,300,000","222,500,000","223,000,000",,"224,700,000","222,900,000","220,600,000",,"220,500,000","218,900,000","217,900,000",,"213,400,000","215,400,000","215,500,000",,"212,500,000","211,600,000","211,400,000",,"214,900,000","215,800,000","222,800,000",,"220,200,000","220,400,000","220,600,000",,"224,000,000","224,000,000","224,000,000",,"224,400,000","224,800,000","226,000,000",,"227,400,000","228,000,000","228,400,000",,"228,387,097","228,181,818","222,580,645",,"228,000,000","224,333,333","221,379,310",,"221,034,483","219,333,333","216,428,571",,"218,461,538","216,428,571","214,782,609",,"213,600,000","219,696,000","219,560,000",,"219,412,000","219,372,000","220,000,000",,"224,672,000","229,120,000","236,280,000",,"236,280,000","236,280,000","235,248,000",
TotalOperatingIncomeAsReported,"2,265,300,000","523,000,000","616,700,000","577,100,000","548,500,000","539,100,000","560,200,000","539,200,000","577,200,000","561,000,000","603,200,000","569,700,000","516,500,000","455,000,000","533,700,000","515,800,000","455,400,000","460,700,000","455,700,000","252,600,000","391,200,000","328,100,000","547,000,000","535,100,000","513,300,000","493,000,000","472,200,000","422,500,000","374,400,000","430,000,000","144,100,000","413,800,000","384,700,000","385,600,000","179,200,000","383,100,000","389,700,000","372,400,000","157,900,000","482,800,000","287,900,000","384,700,000","425,300,000","416,800,000","419,500,000","360,600,000","367,000,000","336,400,000","340,600,000","345,000,000","328,000,000","143,800,000","260,400,000","114,100,000","718,000,000","67,600,000","338,200,000","372,000,000","386,100,000","364,600,000","324,700,000","332,300,000","216,000,000","298,100,000","294,600,000","252,200,000","249,200,000","262,800,000","252,200,000","238,300,000","237,000,000","233,700,000","210,100,000","198,800,000","189,000,000","40,000,000","179,000,000","196,500,000","220,800,000","215,100,000","154,800,000","184,200,000","138,300,000","215,400,000","316,500,000","227,500,000","229,300,000","186,400,000","218,900,000","196,200,000","185,300,000","167,700,000","182,700,000","189,000,000","215,000,000","211,300,000","206,100,000","212,600,000","179,100,000","192,900,000","184,000,000","169,400,000","143,000,000","156,000,000","148,000,000","144,000,000","143,600,000","160,700,000","151,800,000","145,900,000","131,400,000","111,500,000","122,400,000","120,800,000","-20,500,000","113,300,000","133,300,000","115,400,000","108,200,000","118,900,000","125,700,000","118,900,000","101,200,000","100,100,000","104,200,000","104,000,000","103,600,000","100,400,000","97,600,000","87,500,000","81,300,000","83,100,000",,,,,,,,,,,,,,,
TotalExpenses,"8,690,300,000","2,471,200,000","2,224,400,000","2,027,600,000","1,967,100,000","1,836,100,000","1,759,900,000","1,526,000,000","1,639,100,000","1,693,700,000","1,680,000,000","1,657,900,000","1,671,200,000","1,740,000,000","1,768,200,000","1,743,200,000","1,700,300,000","1,755,900,000","1,729,100,000","1,664,500,000","1,578,600,000","1,474,200,000","1,892,100,000","1,875,600,000","1,741,900,000","1,850,800,000","1,927,400,000","1,989,500,000","1,984,700,000","2,116,300,000","2,221,500,000","2,220,800,000","2,197,200,000","2,159,900,000","2,198,900,000","2,164,200,000","2,094,500,000","2,190,000,000","2,002,200,000","2,039,600,000","2,069,700,000","2,064,200,000","2,214,300,000","2,167,600,000","2,081,800,000","2,001,000,000","1,949,500,000","1,878,000,000","1,905,800,000","1,851,300,000","1,773,900,000","1,843,800,000","1,705,200,000","2,081,200,000","1,809,600,000","2,740,400,000","2,267,100,000","2,101,600,000","2,150,900,000","2,230,400,000","2,148,600,000","2,100,200,000","1,899,000,000","2,021,500,000","2,022,600,000","1,846,400,000","1,821,600,000","1,815,600,000","1,751,100,000","1,752,700,000","1,740,500,000","1,658,800,000","1,646,400,000","1,486,100,000","1,453,300,000","1,589,900,000","1,399,100,000","1,250,500,000","1,177,200,000","1,158,900,000","1,157,900,000","1,132,300,000","1,223,400,000","1,200,500,000","1,181,800,000","1,213,800,000","1,219,800,000","1,220,000,000","1,128,300,000","1,068,200,000","1,069,100,000","1,070,100,000","1,070,600,000","1,085,600,000","1,035,300,000","1,014,000,000","1,002,500,000","1,022,200,000","1,034,400,000","957,400,000","969,100,000","951,500,000","908,000,000","841,000,000","865,000,000","803,000,000","835,300,000","821,700,000","831,100,000","774,900,000","799,600,000","756,900,000","736,200,000","706,500,000","876,000,000","711,500,000","700,600,000","698,100,000","730,600,000","705,800,000","667,600,000","641,600,000","637,200,000","613,300,000","650,500,000","620,600,000","712,700,000","612,400,000","615,500,000","565,000,000","587,300,000","580,600,000",,,,,,,,,,,,,,,
NetIncomeFromContinuingAndDiscontinuedOperation,"2,177,500,000","560,400,000","610,400,000","533,600,000","473,100,000","482,000,000","486,800,000","446,500,000","477,800,000","475,600,000","503,200,000","488,000,000","421,300,000","347,500,000","452,900,000","473,900,000","416,400,000","154,600,000","468,700,000","101,900,000","2,130,000,000","299,800,000","394,000,000","346,800,000","-473,300,000","363,600,000","344,500,000","318,800,000","290,000,000","324,600,000","104,000,000","314,000,000","283,500,000","290,200,000","137,100,000","288,400,000","290,400,000","278,300,000","138,700,000","484,500,000","296,000,000","248,100,000","324,800,000","326,500,000","304,300,000","268,600,000","272,100,000","253,200,000","252,000,000","251,800,000","223,900,000","113,200,000","205,600,000","68,600,000","261,600,000","70,100,000","314,300,000","263,700,000","292,800,000","284,900,000","227,600,000","230,300,000","134,600,000","210,300,000","204,000,000","180,700,000","179,000,000","190,600,000","175,300,000","166,800,000","168,100,000","163,000,000","141,200,000","131,800,000","131,300,000","26,600,000","113,600,000","128,700,000","144,300,000","141,300,000","126,100,000","113,700,000","150,400,000","132,300,000","94,600,000","135,600,000","218,500,000","-192,500,000","47,600,000","50,600,000","122,600,000","94,600,000","106,900,000","126,400,000","127,700,000","138,100,000","120,500,000","160,500,000","107,400,000","116,000,000","106,000,000","99,900,000","94,000,000","98,000,000","135,000,000","89,000,000","92,600,000","100,100,000","88,600,000","86,700,000","79,100,000","65,800,000","13,500,000","75,100,000","-14,200,000","70,800,000","75,300,000","69,000,000","71,100,000","68,400,000","73,300,000","64,200,000","58,400,000","64,100,000","65,800,000","60,600,000","63,100,000","56,800,000","60,600,000","49,400,000","51,000,000","53,400,000",,,,,,,,,,,,,,,
NormalizedIncome,"2,136,543,782.946","560,400,000","558,600,000","525,400,000","491,567,200","471,700,000","486,800,000","446,500,000","492,100,000","475,600,000","503,200,000","485,044,400","421,300,000","368,670,000","450,292,512.762","430,700,000","416,400,000","155,600,000","486,080,000","227,080,000","312,289,800","313,113,400","429,633,424.658","371,555,300","391,720,000","372,444,000","397,507,679.181","363,206,600","332,824,200","335,620,000","102,500,000","314,000,000","283,500,000","287,100,000","335,237,164.339","287,800,000","289,300,000","276,900,000","318,456,529.968","364,896,500","291,901,000","248,100,000","324,800,000","317,600,000","304,300,000","302,180,442.082","298,066,621.803","282,421,805.842","269,613,049.811","251,800,000","226,000,000","114,600,000","189,300,000","87,301,665.034","313,873,347.488","295,844,832.215","266,074,289.898","245,628,290.766","271,301,535.204","273,695,953.92","224,656,060.132","224,774,172.595","200,965,108.434","202,132,359.932","179,048,910.082","167,955,143.871","176,130,569.948","182,665,159.574","169,418,012.924","160,492,500","151,268,689.011","159,893,607.706","137,138,738.739","127,804,800","165,750,108.46","80,000,000","105,047,268.263","126,353,987.408","139,129,023.124","125,371,018.022","88,760,360.36","110,511,044.776","84,801,653.652","126,511,830.239","101,081,651.376","126,403,050","120,330,981.595","99,700,000","157,157,751.278","141,383,225.806","109,875,208.914","92,596,657.382","103,769,609.725","101,705,010.549","123,871,734.475","112,214,525.407","117,952,285.714","116,208,843.269","104,859,207.161","115,524,590.164","98,887,741.935","93,563,562.753","88,388,059.701","91,788,732.394","87,549,504.95","86,282,442.748","85,980,840.088","89,080,421.885","88,335,916.542","87,227,853.881","75,223,215.821","82,100,454.545","109,281,021.898","72,230,382.106","-22,360,000","61,377,210.574","72,696,715.644","63,334,310.85","60,403,539.823","65,821,428.571","68,748,036.53","65,078,526.316","56,278,934.625","53,830,215.054","55,832,343.91","55,238,969.765","56,058,205.689","52,183,745.583","51,952,739.726","45,537,448.56","45,081,661.891","45,418,253.968",,,,,,,,,,,,,,,
InterestExpense,"135,600,000","30,500,000","33,400,000","35,600,000","36,100,000","36,700,000","39,200,000","32,100,000","19,300,000","18,700,000","30,100,000","34,200,000","35,400,000","37,300,000","35,400,000","34,900,000","30,400,000","29,800,000","30,800,000","29,800,000","30,500,000","29,500,000","32,600,000","35,000,000","25,700,000","22,200,000","22,800,000","28,200,000","23,400,000","29,100,000","29,000,000","31,300,000","31,500,000","33,300,000","35,400,000","35,400,000","35,200,000","35,800,000","38,900,000","26,000,000","29,400,000","29,400,000","28,600,000","26,500,000","29,400,000","31,000,000","30,800,000","30,000,000","29,500,000","31,600,000","27,900,000","27,500,000","30,000,000",,,,,,,,,,,,,,,,,,,,,,,,,,,,,,,,,,,,,,,,,,,,,,,,,,,,,,,,,,,,,,,,,,,,,,,,,,,,,,,,,,,,,,,,,,,,,,
NetInterestIncome,"-135,600,000","-30,500,000","-33,400,000","-35,600,000","-36,100,000","-36,700,000","-39,200,000","-32,100,000","-19,300,000","-18,700,000","-30,100,000","-34,200,000","-35,400,000","-37,300,000","-35,400,000","-34,900,000","-30,400,000","-29,800,000","-29,300,000","-29,800,000","-30,500,000","-29,500,000","-26,400,000","-35,000,000","-25,700,000","-22,200,000","-18,200,000","-28,200,000","-23,400,000","-29,100,000","-19,600,000","-31,300,000","-31,500,000","-33,300,000","-29,000,000","-35,400,000","-35,200,000","-35,800,000","-33,500,000","-26,000,000","-29,400,000","-29,400,000","-28,600,000","-26,500,000","-29,400,000","-31,000,000","-30,800,000","-30,000,000","-29,500,000","-31,600,000","-27,900,000","-27,500,000","-30,000,000",,,,,,,,,,,,,,,,,,,,,,,,,,,,,,,,,,,,,,,,,,,,,,,,,,,,,,,,,,,,,,,,,,,,,,,,,,,,,,,,,,,,,,,,,,,,,,
EBIT,"2,715,600,000","693,400,000","725,700,000","661,400,000","635,100,000","627,000,000","633,800,000","598,500,000","672,500,000","628,300,000","680,000,000","643,700,000","576,400,000","526,400,000","564,300,000","586,700,000","510,200,000","484,300,000","510,000,000","225,500,000","435,100,000","366,100,000","580,100,000","577,500,000","545,800,000","526,700,000","491,600,000","464,900,000","407,400,000","473,100,000","183,800,000","456,900,000","415,100,000","423,800,000","221,600,000","427,300,000","429,500,000","413,800,000","197,400,000","524,500,000","323,400,000","421,800,000","480,400,000","456,500,000","451,200,000","388,400,000","402,300,000","368,900,000","372,800,000","371,900,000","360,200,000","172,300,000","287,400,000","114,100,000","718,000,000","67,600,000","338,200,000","372,000,000","386,100,000","364,600,000","324,700,000","332,300,000","216,000,000","298,100,000","294,600,000","252,200,000","249,200,000","262,800,000","252,200,000","238,300,000","237,000,000","233,700,000","210,100,000","198,800,000","189,000,000","40,000,000","179,000,000","196,500,000","220,800,000","215,100,000","154,800,000","184,200,000","138,300,000","215,400,000","316,500,000","227,500,000","229,300,000","186,400,000","218,900,000","196,200,000","185,300,000","167,700,000","182,700,000","189,000,000","215,000,000","211,300,000","206,100,000","212,600,000","179,100,000","192,900,000","184,000,000","169,400,000","143,000,000","156,000,000","148,000,000","144,000,000","143,600,000","160,700,000","151,800,000","145,900,000","131,400,000","111,500,000","122,400,000","120,800,000","-20,500,000","113,300,000","133,300,000","115,400,000","108,200,000","118,900,000","125,700,000","118,900,000","101,200,000","100,100,000","104,200,000","104,000,000","103,600,000","100,400,000","97,600,000","87,500,000","81,300,000","83,100,000","668,900,000","640,600,000","-1,446,700,000","605,100,000","618,900,000","585,900,000","-1,278,600,000","527,800,000","527,100,000","533,700,000","-1,223,200,000","494,900,000","508,900,000","475,900,000","-1,110,200,000"
EBITDA,"4,045,500,000"
ReconciledCostOfRevenue,"7,777,300,000","2,223,600,000","2,006,300,000","1,801,900,000","1,745,500,000","1,632,400,000","1,566,500,000","1,344,900,000","1,460,100,000","1,486,600,000","1,490,800,000","1,466,000,000","1,474,700,000","1,544,000,000","1,565,800,000","1,545,400,000","1,506,500,000","1,571,800,000","1,545,300,000","1,486,200,000","1,403,800,000","1,318,100,000","1,648,700,000","1,639,300,000","1,519,000,000","1,598,000,000","1,697,100,000","1,716,400,000","1,699,600,000","1,831,000,000","1,932,400,000","1,918,700,000","1,917,600,000","1,865,900,000","1,882,900,000","1,875,500,000","1,813,600,000","1,900,100,000","1,923,000,000","1,690,800,000","1,715,800,000","1,774,300,000","1,910,200,000","1,882,100,000","1,802,500,000","1,720,500,000","1,694,700,000","1,611,000,000","1,628,700,000","1,568,600,000","1,545,000,000","1,427,500,000","1,439,900,000","1,629,700,000","1,927,800,000","2,073,000,000","1,903,800,000","1,788,500,000","1,845,100,000","1,903,600,000","1,824,400,000","1,788,500,000","1,533,900,000","1,709,500,000","1,743,600,000","1,571,300,000","1,535,200,000","1,531,700,000","1,468,900,000","1,475,500,000","1,475,500,000","1,388,300,000","1,369,600,000","1,230,200,000","1,178,400,000","1,225,400,000","1,176,300,000","1,033,000,000","971,600,000","976,700,000","942,300,000","937,100,000","968,500,000","1,004,300,000","1,104,800,000","1,025,100,000","1,029,200,000","993,700,000","925,600,000","877,100,000","877,300,000","871,100,000","877,500,000","875,600,000","725,200,000","708,700,000","701,900,000","720,700,000","729,200,000","663,400,000","686,300,000","692,700,000","645,000,000","594,000,000","609,000,000","560,000,000","586,400,000","595,700,000","590,900,000","544,000,000","577,700,000","516,600,000","518,200,000","499,000,000","448,900,000","414,900,000","411,400,000","409,000,000","425,400,000","419,400,000","385,100,000","366,600,000","355,800,000","346,400,000","378,000,000","355,700,000","442,300,000","349,300,000","359,300,000","321,000,000","339,200,000","335,300,000",,,,,,,,,,,,,,,
ReconciledDepreciation,"1,329,900,000","332,300,000","332,600,000","335,700,000","329,300,000","323,700,000","310,500,000","290,600,000","294,700,000","289,200,000","293,600,000","269,100,000","262,100,000","258,000,000","257,200,000","245,600,000","240,000,000","227,900,000","231,000,000","216,900,000","211,800,000","206,100,000","230,500,000","230,600,000","232,100,000","232,700,000","234,600,000","233,000,000","233,300,000","235,500,000","254,600,000","239,000,000","229,100,000","234,200,000","232,600,000","229,700,000","226,200,000","218,500,000","220,300,000","212,200,000","195,800,000","212,500,000","216,600,000","222,200,000","217,500,000","217,600,000","214,600,000","214,400,000","217,300,000","217,100,000","225,500,000","217,100,000","197,100,000","200,600,000","200,300,000","226,600,000","224,100,000","218,000,000","224,900,000","212,900,000","200,500,000","201,700,000","188,900,000","198,800,000","189,000,000","186,300,000","196,500,000","175,300,000","177,100,000","179,400,000","199,400,000","168,300,000","176,800,000","170,400,000","163,100,000","164,700,000","156,400,000","156,000,000","157,100,000","148,200,000","136,400,000","139,300,000","139,400,000","141,900,000","143,300,000","148,400,000","149,000,000","150,400,000","144,600,000","131,700,000","140,400,000","125,500,000","133,500,000","127,800,000","130,400,000","120,800,000","120,600,000","117,600,000","119,700,000","115,900,000","115,400,000","108,100,000","109,000,000","103,000,000","101,000,000","99,000,000","106,300,000","92,700,000","92,900,000","90,100,000","96,100,000","87,100,000","84,600,000","85,000,000","88,500,000","86,700,000","84,600,000","85,900,000","91,200,000","84,800,000","82,800,000","81,400,000","82,100,000","78,800,000","80,400,000","77,800,000","77,600,000","78,600,000","73,900,000","73,100,000","71,500,000","74,500,000",,,,,,,,,,,,,,,
NetIncomeFromContinuingOperationNetMinorityInterest,"2,117,500,000","560,400,000","558,600,000","525,400,000","473,100,000","471,700,000","486,800,000","446,500,000","492,100,000","475,600,000","503,200,000","488,000,000","421,300,000","347,500,000","452,900,000","430,700,000","416,400,000","155,600,000","474,200,000","104,200,000","304,400,000","251,600,000","402,000,000","355,700,000","379,800,000","363,600,000","344,500,000","318,800,000","290,000,000","324,600,000","102,500,000","314,000,000","283,500,000","287,100,000","150,200,000","287,800,000","289,300,000","276,900,000","137,100,000","357,200,000","279,000,000","248,100,000","324,800,000","317,600,000","304,300,000","268,600,000","272,100,000","253,200,000","252,000,000","251,800,000","226,000,000","114,600,000","189,300,000","90,000,000","529,600,000","50,800,000","253,100,000","257,000,000","299,900,000","284,900,000","227,600,000","230,300,000","153,300,000","210,300,000","204,000,000","180,700,000","179,000,000","190,600,000","175,300,000","166,800,000","168,100,000","163,000,000","141,200,000","131,800,000","131,300,000","26,600,000","113,600,000","128,700,000","144,300,000","141,300,000","126,100,000","113,700,000","150,400,000","132,300,000","94,600,000","135,600,000","218,500,000","-192,500,000","47,600,000","50,600,000","122,600,000","94,600,000","106,900,000","126,400,000","127,700,000","138,100,000","120,500,000","160,500,000","107,400,000","116,000,000","106,000,000","99,900,000","94,000,000","98,000,000","135,000,000","89,000,000","92,600,000","100,100,000","88,600,000","86,700,000","79,100,000","65,800,000","13,500,000","75,100,000","-14,200,000","70,800,000","75,300,000","69,000,000","71,100,000","68,400,000","73,300,000","64,200,000","58,400,000","64,100,000","65,800,000","60,600,000","63,100,000","56,800,000","60,600,000","49,400,000","51,000,000","53,400,000",,,,,,,,,,,,,,,
TotalUnusualItemsExcludingGoodwill,"-23,200,000",,"0","0","-23,200,000",,"0","0","0","0","0","3,600,000","0","-29,000,000","3,000,000","0","0","0","-19,800,000","-204,800,000","-10,300,000","-80,200,000","-37,000,000","-23,700,000","-16,000,000","-12,000,000","-71,000,000","-58,200,000","-55,400,000","-14,500,000","-322,800,000",,,,"-214,800,000","0","0",,"-204,300,000","-10,500,000","-13,300,000",,,,,"-43,500,000","-34,700,000","-37,900,000","-23,400,000",,,,,"2,900,000","285,200,000","-312,600,000","-17,200,000","15,400,000","35,000,000","13,600,000","4,000,000","7,500,000","-61,700,000","11,100,000","34,200,000","17,300,000","3,900,000","10,500,000","8,100,000","8,700,000","22,200,000","4,300,000","5,600,000","5,500,000","-46,000,000","-89,000,000","12,200,000","3,300,000","7,300,000","22,600,000","57,300,000","4,500,000","94,700,000","8,100,000","-9,000,000","13,300,000","145,800,000","-487,000,000","-127,600,000","-106,400,000","18,200,000","2,900,000","4,400,000","36,100,000","5,600,000","39,100,000","3,700,000","69,900,000","3,700,000","700,000","10,400,000","9,400,000","8,000,000","9,000,000","71,000,000","4,000,000","9,700,000","16,700,000","400,000","-800,000","5,700,000","-21,800,000","-97,200,000","4,100,000","13,600,000","14,600,000","4,000,000","8,400,000","15,300,000","3,800,000","6,800,000","-1,300,000","3,000,000","14,900,000","14,800,000","7,900,000","10,200,000","6,900,000","12,500,000","5,700,000","8,100,000","11,300,000",,,,,,,,,,,,,,,
TotalUnusualItems,"-23,200,000",,"0","0","-23,200,000",,"0","0","0","0","0","3,600,000","0","-29,000,000","3,000,000","0","0","0","-19,800,000","-204,800,000","-10,300,000","-80,200,000","-37,000,000","-23,700,000","-16,000,000","-12,000,000","-71,000,000","-58,200,000","-55,400,000","-14,500,000","-322,800,000",,,,"-214,800,000","0","0",,"-204,300,000","-10,500,000","-13,300,000",,,,,"-43,500,000","-34,700,000","-37,900,000","-23,400,000",,,,,"2,900,000","285,200,000","-312,600,000","-17,200,000","15,400,000","35,000,000","13,600,000","4,000,000","7,500,000","-61,700,000","11,100,000","34,200,000","17,300,000","3,900,000","10,500,000","8,100,000","8,700,000","22,200,000","4,300,000","5,600,000","5,500,000","-46,000,000","-89,000,000","12,200,000","3,300,000","7,300,000","22,600,000","57,300,000","4,500,000","94,700,000","8,100,000","-9,000,000","13,300,000","145,800,000","-487,000,000","-127,600,000","-106,400,000","18,200,000","2,900,000","4,400,000","36,100,000","5,600,000","39,100,000","3,700,000","69,900,000","3,700,000","700,000","10,400,000","9,400,000","8,000,000","9,000,000","71,000,000","4,000,000","9,700,000","16,700,000","400,000","-800,000","5,700,000","-21,800,000","-97,200,000","4,100,000","13,600,000","14,600,000","4,000,000","8,400,000","15,300,000","3,800,000","6,800,000","-1,300,000","3,000,000","14,900,000","14,800,000","7,900,000","10,200,000","6,900,000","12,500,000","5,700,000","8,100,000","11,300,000",,,,,,,,,,,,,,,
NormalizedEBITDA,"4,068,700,000","1,025,700,000","1,058,300,000","997,100,000","987,600,000","950,700,000","944,300,000","889,100,000","967,200,000","917,500,000","973,600,000","909,200,000","838,500,000","813,400,000","818,500,000","832,300,000","750,200,000","712,200,000","760,800,000","647,200,000","657,200,000","652,400,000","847,600,000","831,800,000","793,900,000","771,400,000","797,200,000","756,100,000","696,100,000","723,100,000","438,400,000","695,900,000","644,200,000","658,000,000","669,000,000","657,000,000","655,700,000","632,300,000","622,000,000","747,200,000","532,500,000","634,300,000","697,000,000","678,700,000","668,700,000","649,500,000","651,600,000","621,200,000","613,500,000","589,000,000","585,700,000","389,400,000","484,500,000","311,800,000","633,100,000","606,800,000","579,500,000","574,600,000","576,000,000","563,900,000","521,200,000","526,500,000","466,600,000","485,800,000","449,400,000","421,200,000","441,800,000","427,600,000","421,200,000","409,000,000","414,200,000","397,700,000","381,300,000","363,700,000","398,100,000","293,700,000","323,200,000","349,200,000","370,600,000","340,700,000","233,900,000","319,000,000","183,000,000","349,200,000","468,800,000","362,600,000","232,500,000","823,800,000","491,100,000","434,300,000","307,500,000","290,300,000","311,800,000","280,700,000","339,800,000","293,000,000","323,000,000","260,300,000","295,100,000","308,100,000","289,000,000","268,100,000","244,000,000","250,000,000","178,000,000","239,000,000","240,200,000","236,700,000","244,300,000","236,800,000","221,800,000","220,400,000","304,200,000","201,700,000","54,400,000","185,400,000","213,900,000","192,900,000","184,100,000","199,900,000","201,700,000","201,600,000","180,300,000","164,000,000","169,800,000","173,900,000","171,000,000","172,100,000","159,000,000","154,900,000","144,700,000","146,300,000","668,900,000","640,600,000","-1,446,700,000","605,100,000","618,900,000","585,900,000","-1,278,600,000","527,800,000","527,100,000","533,700,000","-1,223,200,000","494,900,000","508,900,000","475,900,000","-1,110,200,000"
TaxRateForCalcs,"0.179","0.171","0.181","0.163","0.204","0.193","0.168","0.193","0.227","0.198","0.202","0.179","0.199","0.27","0.131","0.194","0.117","0.4","0.4","0.4","0.234","0.233","0.253","0.331","0.255","0.263","0.253","0.237","0.227","0.24","0.35","0.24","0.24","0.242","0.139","0.24","0.243","0.244","0.112","0.267","0.03","0.347","0.249","0.242","0.261","0.228","0.252","0.229","0.247","0.245","0.26","0.175","0.258","0.07","0.244","0.216","0.246","0.262","0.183","0.176","0.264","0.263","0.227","0.264","0.27","0.263","0.264","0.244","0.274","0.275","0.242","0.278","0.275","0.274","0.251","0.4","0.299","0.289","0.292","0.295","0.348","0.291","0.307","0.285","0.28","0.309","0.327","0.4","0.141","0.147","0.301","0.309","0.289","0.316","0.316","0.338","0.311","0.366","0.313","0.321","0.316","0.326","0.299","0.31","0.332","0.321","0.318","0.34","0.34","0.34","0.32","0.252","0.015","0.3","0.4","0.355","0.349","0.326","0.301","0.321","0.331","0.324","0.293","0.311","0.327","0.321","0.31","0.331","0.308","0.322","0.269","0.294",,,,,,,,,,,,,,,
TaxEffectOfUnusualItems,"-4,156,217.054","0","0","0","-4,732,800","0","0","0","0","0","0","644,400","0","-7,830,000","392,512.762","0","0","0","-7,920,000","-81,920,000","-2,410,200","-18,686,600","-9,366,575.342","-7,844,700","-4,080,000","-3,156,000","-17,992,320.819","-13,793,400","-12,575,800","-3,480,000","0","0","0","0","-29,762,835.661","0","0","0","-22,943,470.032","-2,803,500","-399,000","0","0","0","0","-9,919,557.918","-8,733,378.197","-8,678,194.158","-5,786,950.189","0","0","0","0","201,665.034","69,473,347.488","-67,555,167.785","-4,225,710.102","4,028,290.766","6,401,535.204","2,395,953.92","1,056,060.132","1,974,172.595","-14,034,891.566","2,932,359.932","9,248,910.082","4,555,143.871","1,030,569.948","2,565,159.574","2,218,012.924","2,392,500","5,368,689.011","1,193,607.706","1,538,738.739","1,504,800","-11,549,891.54","-35,600,000","3,647,268.263","953,987.408","2,129,023.124","6,671,018.022","19,960,360.36","1,311,044.776","29,101,653.652","2,311,830.239","-2,518,348.624","4,103,050","47,630,981.595","-194,800,000","-18,042,248.722","-15,616,774.194","5,475,208.914","896,657.382","1,269,609.725","11,405,010.549","1,771,734.475","13,214,525.407","1,152,285.714","25,608,843.269","1,159,207.161","224,590.164","3,287,741.935","3,063,562.753","2,388,059.701","2,788,732.394","23,549,504.95","1,282,442.748","3,080,840.088","5,680,421.885","135,916.542","-272,146.119","1,823,215.821","-5,499,545.455","-1,418,978.102","1,230,382.106","5,440,000","5,177,210.574","1,396,715.644","2,734,310.85","4,603,539.823","1,221,428.571","2,248,036.53","-421,473.684","878,934.625","4,630,215.054","4,832,343.91","2,538,969.765","3,158,205.689","2,283,745.583","3,852,739.726","1,837,448.56","2,181,661.891","3,318,253.968",,,,,,,,,,,,,,,