name,ttm,12/31/2021,09/30/2021,06/30/2021,03/31/2021,12/31/2020,09/30/2020,06/30/2020,03/31/2020,12/31/2019,09/30/2019,06/30/2019,03/31/2019,12/31/2018,09/30/2018,06/30/2018,03/31/2018,12/31/2017,09/30/2017,06/30/2017,03/31/2017,12/31/2016,09/30/2016,06/30/2016,03/31/2016,12/31/2015,09/30/2015,06/30/2015,03/31/2015,12/31/2014,09/30/2014,06/30/2014,03/31/2014,12/31/2013,09/30/2013,06/30/2013,03/31/2013,12/31/2012,09/30/2012,06/30/2012,03/31/2012,12/31/2011,09/30/2011,06/30/2011,03/31/2011,12/31/2010,09/30/2010,06/30/2010,03/31/2010,12/31/2009,09/30/2009,06/30/2009,03/31/2009,12/31/2008,09/30/2008,06/30/2008,03/31/2008,12/31/2007,09/30/2007,06/30/2007,03/31/2007,12/31/2006,09/30/2006,06/30/2006,03/31/2006,12/31/2005,09/30/2005,06/30/2005,03/31/2005,12/31/2004,09/30/2004,06/30/2004,03/31/2004,12/31/2003,09/30/2003,06/30/2003,03/31/2003,12/31/2002,09/30/2002,06/30/2002,03/31/2002,12/31/2001,09/30/2001,06/30/2001,03/31/2001,12/31/2000,09/30/2000,06/30/2000,03/31/2000,12/31/1999,09/30/1999,06/30/1999,03/31/1999,12/31/1998,09/30/1998,06/30/1998,03/31/1998,12/31/1997,09/30/1997,06/30/1997,03/31/1997,12/31/1996,09/30/1996,06/30/1996,03/31/1996,12/31/1995,09/30/1995,06/30/1995,03/31/1995,12/31/1994,09/30/1994,06/30/1994,03/31/1994,12/31/1993,09/30/1993,06/30/1993,03/31/1993,12/31/1992,09/30/1992,06/30/1992,03/31/1992,12/31/1991,09/30/1991,06/30/1991,03/31/1991,12/31/1990,09/30/1990,06/30/1990,03/31/1990
TotalRevenue,"10,876,300,000","3,026,800,000","2,818,500,000","2,653,900,000","2,377,100,000","2,426,000,000","2,323,400,000","1,987,500,000","1,862,000,000","2,151,000,000","2,100,600,000","2,015,300,000","1,958,500,000","2,224,700,000","2,129,000,000","1,981,400,000","1,866,900,000","1,943,900,000","1,840,800,000","1,666,500,000","1,560,100,000","1,651,100,000","1,635,900,000","1,548,200,000","1,451,200,000","1,430,500,000","1,459,600,000","1,351,500,000","1,327,100,000","1,426,512,000","1,358,742,000","1,314,172,000","1,246,074,000","1,245,735,000","1,153,062,000","1,136,067,000","1,079,805,000","1,145,978,000","1,103,376,000","1,061,107,000","981,604,000","948,709,000","1,032,754,000","1,017,738,000","940,585,000","949,886,000","948,463,000","884,798,000","770,954,000","758,296,000","716,573,000","685,184,000","660,012,000","755,282,000","863,658,000","846,817,000","770,714,000","777,270,000","733,851,000","688,836,000","651,084,000","659,423,000","636,418,000","606,598,000","568,991,000","508,115,000","446,995,000","443,642,000","409,395,000","403,963,000","384,103,000","387,119,000","355,261,000","342,039,000","314,798,000","304,893,000","277,774,000","267,046,000","268,115,000","270,865,000","255,976,000","260,372,000","252,581,000","274,146,000","316,672,000","369,449,000","354,694,000","335,510,000","300,049,000","269,100,000","256,900,000","247,400,000","237,200,000","233,400,000","229,000,000","227,900,000","228,500,000","222,000,000","223,500,000","227,000,000","211,800,000","197,600,000","184,900,000","198,900,000","194,800,000","188,600,000","189,000,000","207,600,000","198,000,000","185,500,000","178,200,000","173,600,000","155,500,000","151,800,000","150,500,000","154,800,000","146,900,000","113,100,000","112,300,000","115,700,000","116,600,000","116,300,000","156,100,000","108,400,000","108,400,000","105,200,000","105,200,000","105,200,000","105,200,000"
	OperatingRevenue,"10,876,300,000","3,026,800,000","2,818,500,000","2,653,900,000","2,377,100,000","2,426,000,000","2,323,400,000","1,987,500,000","1,862,000,000","2,151,000,000","2,100,600,000","2,015,300,000","1,958,500,000","2,224,700,000","2,129,000,000","1,981,400,000","1,866,900,000","1,943,900,000","1,840,800,000","1,666,500,000","1,560,100,000","1,651,100,000","1,635,900,000","1,548,200,000","1,451,200,000","1,430,500,000","1,459,600,000","1,351,500,000","1,327,100,000","1,426,512,000","1,358,742,000","1,314,172,000","1,246,074,000","1,245,735,000","1,153,062,000","1,136,067,000","1,079,805,000","1,145,978,000","1,103,376,000","1,061,107,000","981,604,000","948,709,000","1,032,754,000","1,017,738,000","940,585,000","949,886,000","948,463,000","884,798,000","770,954,000","758,296,000","716,573,000","685,184,000","660,012,000","755,282,000","863,658,000","846,817,000","770,714,000","777,270,000","733,851,000","688,836,000","651,084,000","659,423,000","636,418,000","606,598,000","568,991,000","508,115,000","446,995,000","443,642,000","409,395,000","403,963,000","384,103,000","387,119,000","355,261,000","342,039,000","314,798,000","304,893,000","277,774,000","267,046,000","268,115,000","270,865,000","255,976,000","260,372,000","252,581,000","274,146,000","316,672,000","369,449,000","354,694,000","335,510,000","300,049,000","269,100,000","256,900,000","247,400,000","237,200,000","233,400,000","229,000,000","227,900,000","228,500,000","222,000,000","223,500,000","227,000,000","211,800,000","197,600,000","184,900,000","198,900,000","194,800,000","188,600,000","189,000,000","207,600,000","198,000,000","185,500,000","178,200,000","173,600,000","155,500,000","151,800,000","150,500,000","154,800,000","146,900,000","113,100,000","112,300,000","115,700,000","116,600,000","116,300,000","156,100,000","108,400,000","108,400,000","105,200,000","105,200,000","105,200,000","105,200,000"
CostOfRevenue,"7,474,500,000","2,085,600,000","1,928,600,000","1,810,700,000","1,649,600,000","1,660,400,000","1,588,500,000","1,383,700,000","1,302,200,000","1,472,300,000","1,438,700,000","1,367,700,000","1,330,700,000","1,509,700,000","1,440,800,000","1,336,600,000","1,260,000,000","1,308,600,000","1,234,700,000","1,113,900,000","1,044,200,000","1,105,100,000","1,098,600,000","1,050,900,000","992,000,000","972,100,000","995,600,000","919,000,000","902,500,000","969,990,000","927,087,000","897,405,000","857,218,000","856,429,000","789,214,000","776,279,000","741,913,000","790,527,000","759,047,000","726,946,000","672,333,000","653,872,000","709,277,000","696,516,000","636,461,000","639,866,000","638,746,000","595,499,000","521,762,000","516,664,000","492,180,000","471,034,000","453,633,000","514,876,000","582,407,000","570,227,000","519,808,000","522,463,000","494,709,000","463,212,000","440,516,000","495,170,000","418,123,000","396,934,000","373,023,000","330,738,000","285,420,000","282,421,000","263,425,000","262,287,000","250,417,000","254,031,000","233,230,000","226,194,000","208,677,000","203,200,000","182,653,000","175,019,000","176,063,000","178,485,000","170,735,000","170,947,000","161,659,000","172,171,000","199,501,000","237,765,000","230,715,000","218,933,000","196,618,000","175,600,000","167,500,000","161,500,000","156,600,000","153,800,000","149,900,000","147,000,000","148,400,000","142,800,000","143,100,000","145,700,000","137,500,000","126,600,000","116,900,000","126,700,000","123,700,000","119,900,000","120,200,000","135,900,000","130,000,000","121,300,000","116,800,000","115,100,000","104,400,000","101,300,000","99,600,000","103,000,000","100,800,000","78,900,000","76,700,000","78,000,000","79,700,000",,,,,,,,
GrossProfit,"3,401,800,000","941,200,000","889,900,000","843,200,000","727,500,000","765,600,000","734,900,000","603,800,000","559,800,000","678,700,000","661,900,000","647,600,000","627,800,000","715,000,000","688,200,000","644,800,000","606,900,000","635,300,000","606,100,000","552,600,000","515,900,000","546,000,000","537,300,000","497,300,000","459,200,000","458,400,000","464,000,000","432,500,000","424,600,000","456,522,000","431,655,000","416,767,000","388,856,000","389,306,000","363,848,000","359,788,000","337,892,000","355,451,000","344,329,000","334,161,000","309,271,000","294,837,000","323,477,000","321,222,000","304,124,000","310,020,000","309,717,000","289,299,000","249,192,000","241,632,000","224,393,000","214,150,000","206,379,000","240,406,000","281,251,000","276,590,000","250,906,000","254,807,000","239,142,000","225,624,000","210,568,000","164,253,000","218,295,000","209,664,000","195,968,000","177,377,000","161,575,000","161,221,000","145,970,000","141,676,000","133,686,000","133,088,000","122,031,000","115,845,000","106,121,000","101,693,000","95,121,000","92,027,000","92,052,000","92,380,000","85,241,000","89,425,000","90,922,000","101,975,000","117,171,000","131,684,000","123,979,000","116,577,000","103,431,000","93,500,000","89,400,000","85,900,000","80,600,000","79,600,000","79,100,000","80,900,000","80,100,000","79,200,000","80,400,000","81,300,000","74,300,000","71,000,000","68,000,000","72,200,000","71,100,000","68,700,000","68,800,000","71,700,000","68,000,000","64,200,000","61,400,000","58,500,000","51,100,000","50,500,000","50,900,000","51,800,000","46,100,000","34,200,000","35,600,000","37,700,000","36,900,000",,,,,,,,
OperatingExpense,"1,226,300,000","333,300,000","318,700,000","311,600,000","262,700,000","265,800,000","259,100,000","246,400,000","242,900,000","248,900,000","248,300,000","239,200,000","235,100,000","248,900,000","244,000,000","236,600,000","230,000,000","235,900,000","228,200,000","212,400,000","201,800,000","206,900,000","204,700,000","197,000,000","189,500,000","169,400,000","169,200,000","166,100,000","164,400,000","168,155,000","161,287,000","160,957,000","154,701,000","144,500,000","136,828,000","135,775,000","130,935,000","132,231,000","128,659,000","127,985,000","123,992,000","128,177,000","137,418,000","124,161,000","118,039,000","119,466,000","120,583,000","113,674,000","104,148,000","103,172,000","100,103,000","98,672,000","95,694,000","98,006,000","109,931,000","108,367,000","100,610,000","101,309,000","95,792,000","92,211,000","87,971,000","39,619,000","109,738,000","116,654,000","97,577,000","83,518,000","75,486,000","75,175,000","68,637,000","65,672,000","63,383,000","64,034,000","60,748,000","58,227,000","53,749,000","52,434,000","49,950,000","47,585,000","47,852,000","47,348,000","44,968,000","48,111,000","48,348,000","50,354,000","55,653,000","61,774,000","59,589,000","57,140,000","52,745,000","48,900,000","48,300,000","46,600,000","45,000,000","43,900,000","42,800,000","41,700,000","41,600,000","39,700,000","41,300,000","40,700,000","38,200,000","36,800,000","34,400,000","36,900,000","36,100,000","34,600,000","34,900,000","37,200,000","35,800,000","34,100,000","33,800,000","32,500,000","30,600,000","28,700,000","29,300,000","30,300,000","29,700,000","25,100,000","24,900,000","25,800,000","25,300,000",,,,,,,,
	SellingGeneralAndAdministration,"1,226,300,000","333,300,000","318,700,000","311,600,000","262,700,000","265,800,000","259,100,000","246,400,000","242,900,000","248,900,000","248,300,000","239,200,000","235,100,000","248,900,000","244,000,000","236,600,000","230,000,000","235,900,000","228,200,000","212,400,000","201,800,000","206,900,000","204,700,000","197,000,000","189,500,000","169,400,000","169,200,000","166,100,000","164,400,000","168,155,000","161,287,000","160,957,000","154,701,000","144,500,000","136,828,000","135,775,000","130,935,000","132,231,000","128,659,000","127,985,000","123,992,000","128,177,000","137,418,000","124,161,000","118,039,000","119,466,000","120,583,000","113,674,000","104,148,000","103,172,000","100,103,000","98,672,000","95,694,000","98,006,000","109,931,000","108,367,000","100,610,000","101,309,000","95,792,000","92,211,000","87,971,000","94,348,000","85,742,000","82,950,000","79,801,000","69,429,000","62,422,000","62,476,000","57,823,000","55,745,000","53,647,000","54,301,000","51,315,000","48,727,000","44,616,000","42,868,000","41,142,000","38,772,000","38,780,000","38,806,000","36,570,000","36,610,000","36,398,000","38,814,000","43,988,000","49,931,000","48,353,000","45,895,000","41,873,000","38,500,000","37,400,000","35,800,000","34,300,000","33,800,000","33,200,000","32,300,000","32,700,000","31,400,000","31,700,000","32,000,000","30,500,000","29,300,000","27,100,000","29,600,000","28,700,000","27,700,000","27,800,000","29,900,000","28,700,000","27,100,000","26,100,000","25,500,000","23,500,000","21,900,000","21,800,000","23,200,000","22,500,000","19,000,000","18,600,000","19,100,000","18,400,000",,,,,,,,
	DepreciationAmortizationDepletionIncomeStatement,,,,,,,,,,,,,,,,,,,,,,,,,,,,,,,,,,,,,,,"0",,,,,,,,,,,,,,,,,,,,,,,,"18,249,000","18,704,000","17,776,000","14,089,000","13,064,000","12,699,000","10,814,000","9,927,000","9,736,000","9,733,000","9,433,000","9,500,000","9,133,000","9,566,000","8,808,000","8,813,000","9,072,000","8,542,000","8,398,000","11,501,000","11,950,000","11,540,000","11,665,000","11,843,000","11,236,000","11,245,000","10,872,000","10,400,000","10,900,000","10,800,000","10,700,000","10,100,000","9,600,000","9,400,000","8,900,000","8,300,000","9,600,000","8,700,000","7,700,000","7,500,000","7,300,000","7,300,000","7,400,000","6,900,000","7,100,000","7,300,000","7,100,000","7,000,000","7,700,000","7,000,000","7,100,000","6,800,000","7,500,000","7,100,000","7,200,000","6,100,000","6,300,000","6,700,000","6,900,000",,,,,,,,
		DepreciationAndAmortizationInIncomeStatement,,,,,,,,,,,,,,,,,,,,,,,,,,,,,,,,,,,,,,,"0",,,,,,,,,,,,,,,,,,,,,,,,"18,249,000","18,704,000","17,776,000","14,089,000","13,064,000","12,699,000","10,814,000","9,927,000","9,736,000","9,733,000","9,433,000","9,500,000","9,133,000","9,566,000","8,808,000","8,813,000","9,072,000","8,542,000","8,398,000","11,501,000","11,950,000","11,540,000","11,665,000","11,843,000","11,236,000","11,245,000","10,872,000","10,400,000","10,900,000","10,800,000","10,700,000","10,100,000","9,600,000","9,400,000","8,900,000","8,300,000","9,600,000","8,700,000","7,700,000","7,500,000","7,300,000","7,300,000","7,400,000","6,900,000","7,100,000","7,300,000","7,100,000","7,000,000","7,700,000","7,000,000","7,100,000","6,800,000","7,500,000","7,100,000","7,200,000","6,100,000","6,300,000","6,700,000","6,900,000",,,,,,,,
			DepreciationIncomeStatement,,,,,,,,,,,,,,,,,,,,,,,,,,,,,,,,,,,,,,,,,,,,,,,,,,,,,,,,,,,,,,,,,,,,,,,,,,,,,,,,,,"7,849,000","8,302,000","8,014,000","8,151,000",,,,,,,,,,,,,,,,,,,,,,,,,,,,,,,,,,,,,,,,,,,,
			Amortization,,,,,,,,,,,,,,,,,,,,,,,,,,,,,,,,,,,,,,,,,,,,,,,,,,,,,,,,,,,,,,,,,,,,,,,,,,,,,,,,,,"3,652,000","3,648,000","3,526,000","3,514,000",,,,,,,,,,,,,,,,,,,,,,,,,,,,,,,,,,,,,,,,,,,,
				AmortizationOfIntangiblesIncomeStatement,,,,,,,,,,,,,,,,,,,,,,,,,,,,,,,,,,,,,,,,,,,,,,,,,,,,,,,,,,,,,,,,,,,,,,,,,,,,,,,,,,"3,652,000","3,648,000","3,526,000","3,514,000",,,,,,,,,,,,,,,,,,,,,,,,,,,,,,,,,,,,,,,,,,,,
	OtherOperatingExpenses,,,,,,,,,,,,,,,,,,,,,,,,,,,,,,,,,,,,,,,,,,,"12,831,000","-17,813,000",,,,,,,,,,,,,,,,,,"0","5,747,000","15,000,000",,,,,,,,,,,,,,,,,,,,,,,,,,,,,,,,,,,,,,,,,,,,,,,,,,,,,,,,,,,,,,,,,
OperatingIncome,"2,175,500,000","607,900,000","571,200,000","531,600,000","464,800,000","499,800,000","475,800,000","357,400,000","316,900,000","429,800,000","413,600,000","408,400,000","392,700,000","466,100,000","444,200,000","408,200,000","376,900,000","399,400,000","377,900,000","340,200,000","314,100,000","339,100,000","332,600,000","300,300,000","269,700,000","289,000,000","294,800,000","266,400,000","260,200,000","288,367,000","270,368,000","255,810,000","234,155,000","244,806,000","227,020,000","224,013,000","206,957,000","223,220,000","215,670,000","206,176,000","185,279,000","166,660,000","186,059,000","197,061,000","186,085,000","190,554,000","189,134,000","175,625,000","145,044,000","138,460,000","124,290,000","115,478,000","110,685,000","142,400,000","171,320,000","168,223,000","150,296,000","153,498,000","143,350,000","133,413,000","122,597,000","124,634,000","108,557,000","93,010,000","98,391,000","93,859,000","86,089,000","86,046,000","77,333,000","76,004,000","70,303,000","69,054,000","61,283,000","57,618,000","52,372,000","49,259,000","45,171,000","44,442,000","44,200,000","45,032,000","40,273,000","41,314,000","42,574,000","51,621,000","61,518,000","69,910,000","64,390,000","59,437,000","50,686,000","44,600,000","41,100,000","39,300,000","35,600,000","35,700,000","36,300,000","39,200,000","38,500,000","39,500,000","39,100,000","40,600,000","36,100,000","34,200,000","33,600,000","35,300,000","35,000,000","34,100,000","33,900,000","34,500,000","32,200,000","30,100,000","27,600,000","26,000,000","20,500,000","21,800,000","21,600,000","21,500,000","16,400,000","9,100,000","10,700,000","11,900,000","11,600,000","-320,000,000","156,100,000","108,400,000","108,400,000","-275,800,000","105,200,000","105,200,000","105,200,000"
NetNonOperatingInterestIncomeExpense,"-115,500,000","-28,800,000","-29,000,000","-29,100,000","-28,600,000","-28,300,000","-28,000,000","-30,200,000","-28,800,000","-28,100,000","-29,700,000","-30,000,000","-29,700,000","-26,400,000","-24,800,000","-26,000,000","-24,500,000","-4,800,000","-24,600,000","-23,400,000","-19,300,000","-6,900,000","-18,100,000","-18,000,000","-18,100,000","1,200,000","-17,000,000","-17,100,000","-17,000,000","41,000","-21,089,000","-20,081,000","-19,071,000","-1,455,000","-16,048,000","-15,621,000","-15,457,000","-4,087,000","-15,166,000","-15,099,000","-13,749,000","-11,144,000","-10,498,000","-11,371,000","-10,016,000","-5,146,000","-10,568,000","-9,968,000","-10,013,000","-9,496,000","-8,961,000","-9,131,000","-8,998,000",,,,,,,,,,,,,,,,,,,,,,,,,,,,,,,,,,,,,,,,,,,,,,,,,,,,,,,,,,,,,,,,,,,,,,,,,,,,
	InterestExpenseNonOperating,"115,500,000","28,800,000","29,000,000","29,100,000","28,600,000","28,300,000","28,000,000","30,200,000","28,800,000","28,100,000","29,700,000","30,000,000","29,700,000","26,400,000","24,800,000","26,000,000","24,500,000","25,000,000","24,600,000","23,400,000","19,300,000","18,400,000","18,100,000","18,000,000","18,100,000","17,200,000","17,000,000","17,100,000","17,000,000","20,159,000","21,089,000","20,081,000","19,071,000","16,427,000","16,048,000","15,621,000","15,457,000","15,599,000","15,166,000","15,099,000","13,749,000","11,144,000","10,498,000","11,371,000","10,016,000","10,192,000","10,568,000","9,968,000","10,013,000","9,496,000","8,961,000","9,131,000","8,998,000",,,,,,,,,,,,,,,,,,,,,,,,,,,,,,,,,,,,,,,,,,,,,,,,,,,,,,,,,,,,,,,,,,,,,,,,,,,,
OtherIncomeExpense,"-70,800,000","-15,100,000",,"-55,400,000","-300,000","-11,300,000","1,000,000","1,300,000","1,100,000","1,000,000","-9,800,000","-8,800,000","-13,500,000","-7,800,000","200,000","100,000","2,300,000","-16,000,000","5,100,000","400,000","3,600,000","-8,000,000","-4,000,000","1,700,000","-29,300,000","-14,500,000","4,200,000","-1,500,000","4,100,000","-24,537,000","2,199,000","4,293,000","2,045,000","-14,476,000","1,088,000","3,033,000","2,785,000","-10,860,000","2,636,000","2,634,000","2,187,000","14,000","2,255,000","19,943,000","1,704,000","-3,448,000","1,251,000","764,000","459,000","-4,858,000","-345,000","-382,000","-215,000","3,095,000","-3,348,000","-2,291,000","-2,145,000","-3,532,000","-4,678,000","-3,639,000","-3,149,000","3,188,000","-9,337,000","-18,394,000","-2,724,000","-3,185,000","-5,022,000","-1,398,000","-1,664,000","-1,337,000","-1,607,000","-2,219,000","-1,500,000","-1,131,000","-2,447,000","-12,052,000","-1,724,000","-1,367,000","-1,167,000","-1,635,000","-1,186,000","-1,169,000","-1,218,000","-1,248,000","-1,938,000","-2,990,000","-2,772,000","-1,829,000","-1,904,000",,"-1,200,000","-1,400,000","-1,200,000","-1,500,000","-1,000,000","-900,000","-1,100,000","-1,700,000","-1,000,000","400,000","-1,200,000","-1,100,000","-1,000,000","-900,000","-700,000","-800,000","-800,000","-1,100,000","-1,800,000","-1,400,000","-1,100,000","-1,000,000","-600,000","-900,000","-800,000","-500,000","200,000","-4,500,000","300,000","1,700,000",,,,,,,,,
	SpecialIncomeCharges,"-70,400,000","-15,000,000","0","-55,400,000",,"-11,500,000","0","0","0","0","-14,300,000","-8,900,000","-16,500,000","-8,500,000","0","0",,"0",,"-4,000,000",,"0","-6,300,000","0","-30,300,000","0","0","-5,700,000","0","-9,533,000","-2,547,000","0","-2,020,000","-3,446,000","-2,537,000",,,"-9,457,000","2,636,000","2,634,000","2,187,000","14,000","2,255,000","19,943,000","1,704,000","-3,448,000","1,251,000","764,000","459,000","-283,000","-345,000","-382,000","-215,000","3,095,000","-3,348,000","-2,291,000","-2,145,000","-3,532,000","-4,678,000","-3,639,000","-3,149,000","3,188,000","-9,337,000","-18,394,000","-2,724,000","-3,185,000","-5,022,000","-1,398,000","-1,664,000","-1,337,000","-1,607,000","-2,219,000","-1,500,000","-1,131,000","-2,447,000","-12,052,000","-1,724,000","-1,367,000","-1,167,000","-1,635,000","-1,186,000","-1,169,000","-1,218,000","-1,248,000","-1,938,000","-2,990,000","-2,772,000","-1,829,000","-1,904,000",,"-1,200,000","-1,400,000","-1,200,000","-1,500,000","-1,000,000","-900,000","-1,100,000","-1,700,000","-1,000,000","400,000","-1,200,000","-1,100,000","-1,000,000","-900,000","-700,000","-800,000","-800,000","-1,100,000","-1,800,000","-1,400,000","-1,100,000","-1,000,000","-600,000","-900,000","-800,000","-500,000","200,000","-4,500,000","300,000","1,700,000",,,,,,,,,
		RestructuringAndMergernAcquisition,"70,400,000","15,000,000","0","55,400,000",,"11,500,000","0","0","0","0","0","8,900,000","16,500,000","8,500,000","0","0",,"0",,"4,000,000",,"0","6,300,000","0","30,300,000","0","0","5,700,000","0","9,533,000","2,547,000","0","2,020,000","3,446,000","2,537,000",,,"2,000,000",,,,,,,,,,,,,,,,,,,,,,,,,,,,,,,,,,,,,,,,,,,,,,,,,,,,,,,,,,,,,,,,,,,,,,,,,,,,,,,,,,,,,,,,,,,
		OtherSpecialCharges,,,,,,,,,,"0","14,300,000",,,,,,,,,,,,,,,,,,,,,,,,,,,,,,,,,,,,,,,,,,,,,,,,,,,,,,,,,,,,,,,,,,,,,,,,,,,,,,,,,,,,,,,,,,,,,,,,,,,,,,,,,,,,,,,,,,,,,,
	OtherNonOperatingIncomeExpenses,"-400,000","-100,000",,,"-300,000","200,000","1,000,000","1,300,000","1,100,000","1,000,000","4,500,000","100,000","3,000,000","700,000","200,000","100,000","2,300,000","-16,000,000","5,100,000","4,400,000","3,600,000","-8,000,000","2,300,000","1,700,000","1,000,000","-14,500,000","4,200,000","4,200,000","4,100,000","-15,004,000","4,746,000","4,293,000","4,065,000","-11,030,000","3,625,000","3,033,000","2,785,000","2,652,000",,,,,,,,,,,,,,,,,,,,,,,,,,,,,,,,,,,,,,,,,,,,,,,,,,,,,,,,,,,,,,,,,,,,,,,,,,,,,,,,,,,,,,,,,,,
PretaxIncome,"1,989,200,000","564,000,000","542,200,000","447,100,000","435,900,000","460,200,000","448,800,000","328,500,000","289,200,000","402,700,000","374,100,000","369,600,000","349,500,000","431,900,000","419,600,000","382,300,000","354,700,000","378,600,000","358,400,000","317,200,000","298,400,000","324,200,000","310,500,000","284,000,000","222,300,000","275,700,000","282,000,000","247,800,000","247,300,000","263,871,000","251,478,000","240,022,000","217,129,000","228,875,000","212,060,000","211,425,000","194,285,000","208,273,000","203,140,000","193,711,000","173,717,000","155,530,000","177,816,000","205,633,000","177,773,000","181,960,000","179,817,000","166,421,000","135,490,000","124,106,000","114,984,000","105,965,000","101,472,000","129,685,000","158,200,000","156,017,000","138,252,000","140,482,000","129,301,000","120,795,000","110,406,000","112,516,000","95,659,000","79,614,000","85,483,000","83,310,000","75,519,000","78,873,000","70,266,000","69,152,000","63,099,000","61,162,000","54,028,000","49,979,000","42,746,000","29,513,000","35,323,000","34,323,000","31,551,000","30,539,000","26,249,000","26,407,000","27,314,000","36,264,000","45,370,000","52,009,000","46,156,000","42,114,000","32,939,000","23,700,000","19,900,000","18,100,000","14,600,000","13,800,000","14,800,000","18,300,000","17,200,000","16,700,000","15,100,000","26,900,000","28,500,000","26,700,000","26,400,000","28,300,000","28,200,000","27,400,000","26,800,000","26,800,000","23,700,000","21,300,000","19,200,000","17,400,000","11,500,000","11,200,000","10,600,000","10,600,000","5,700,000","-3,400,000","3,700,000","6,700,000","4,300,000",,,,,,,,
TaxProvision,"409,100,000","106,300,000","120,500,000","78,100,000","104,100,000","100,000,000","99,300,000","68,000,000","46,000,000","81,900,000","91,800,000","78,700,000","79,600,000","90,700,000","100,000,000","94,500,000","86,400,000","479,000,000","78,100,000","63,600,000","71,100,000","85,900,000","83,400,000","75,300,000","63,900,000","73,100,000","74,700,000","67,200,000","65,500,000","69,050,000","67,318,000","63,605,000","57,327,000","59,996,000","50,671,000","56,557,000","40,672,000","66,706,000","54,340,000","51,818,000","46,469,000","40,525,000","41,758,000","56,739,000","48,888,000","49,493,000","41,018,000","35,412,000","35,352,000","34,129,000","31,620,000","29,140,000","24,422,000","30,952,000","45,245,000","46,022,000","40,784,000","40,489,000","37,800,000","36,799,000","32,702,000","34,139,000","28,960,000","26,273,000","28,209,000","27,492,000","23,430,000","26,817,000","23,890,000","23,512,000","21,453,000","20,795,000","18,370,000","16,993,000","14,534,000","10,034,000","12,010,000","11,841,000","10,885,000","10,536,000","9,056,000","10,371,000","10,681,000","13,728,000","16,865,000","19,413,000","17,322,000","15,904,000","12,675,000","9,700,000","8,300,000","7,600,000","6,400,000","5,500,000","6,600,000","7,900,000","7,500,000","7,300,000","6,500,000","11,100,000","11,000,000","10,100,000","9,700,000","10,900,000","11,300,000","10,900,000","10,700,000","10,700,000","9,500,000","8,300,000","7,500,000","6,800,000","4,500,000","3,900,000","3,700,000","3,700,000","2,000,000","-1,600,000","600,000","2,200,000","1,500,000",,,,,,,,
NetIncomeCommonStockholders,"1,590,800,000","465,000,000","426,500,000","369,800,000","329,600,000","357,000,000","346,600,000","257,700,000","242,100,000","318,700,000","280,300,000","288,400,000","267,500,000","338,100,000","316,600,000","284,800,000","265,600,000","-103,400,000","277,500,000","251,500,000","224,900,000","235,400,000","224,300,000","206,500,000","156,600,000","200,200,000","204,500,000","179,000,000","179,800,000","193,478,000","182,207,000","174,932,000","158,483,000","167,879,000","160,798,000","153,988,000","153,007,000","140,362,000","147,450,000","140,942,000","126,563,000","113,859,000","134,623,000","147,751,000","127,958,000","131,113,000","137,268,000","129,671,000","98,353,000","87,639,000","80,915,000","74,870,000","74,410,000","98,733,000","112,955,000","109,995,000","97,468,000","99,993,000","91,501,000","83,996,000","77,704,000","78,377,000","66,699,000","53,341,000","57,274,000","55,818,000","52,089,000","52,056,000","46,376,000","45,640,000","41,646,000","40,367,000","35,658,000","32,986,000","28,212,000","19,479,000","23,313,000","22,482,000","20,666,000","20,003,000","17,193,000","16,036,000","16,633,000","22,536,000","28,505,000","32,596,000","28,834,000","26,210,000","20,264,000","5,300,000","11,600,000","10,500,000","8,200,000","8,300,000","8,200,000","10,400,000","9,700,000","-2,300,000","8,600,000","3,000,000","17,500,000","16,600,000","16,700,000","17,400,000","16,900,000","16,500,000","16,100,000","16,100,000","14,200,000","13,000,000","11,700,000","10,600,000","2,900,000","7,300,000","6,900,000","6,900,000","3,700,000","-1,800,000","3,100,000","4,500,000","2,800,000",,,,,,,,
	NetIncome,"1,590,800,000","465,000,000","426,500,000","369,800,000","329,600,000","357,000,000","346,600,000","257,700,000","242,100,000","318,700,000","280,300,000","288,400,000","267,500,000","338,100,000","316,600,000","284,800,000","265,600,000","-103,400,000","277,500,000","251,500,000","224,900,000","235,400,000","224,300,000","206,500,000","156,600,000","200,200,000","204,500,000","179,000,000","179,800,000","193,478,000","182,207,000","174,932,000","158,483,000","167,879,000","160,798,000","153,988,000","153,007,000","140,362,000","147,450,000","140,942,000","126,563,000","113,859,000","134,623,000","147,751,000","127,958,000","131,113,000","137,268,000","129,671,000","98,353,000","87,639,000","80,915,000","74,870,000","74,410,000","98,733,000","112,955,000","109,995,000","97,468,000","99,993,000","91,501,000","83,996,000","77,704,000","78,377,000","66,699,000","53,341,000","57,274,000","55,818,000","52,089,000","52,056,000","46,376,000","45,640,000","41,646,000","40,367,000","35,658,000","32,986,000","28,212,000","19,479,000","23,313,000","22,482,000","20,666,000","20,003,000","17,193,000","16,036,000","16,633,000","22,536,000","28,505,000","32,596,000","28,834,000","26,210,000","20,264,000","5,300,000","11,600,000","10,500,000","8,200,000","8,300,000","8,200,000","10,400,000","9,700,000","-2,300,000","8,600,000","3,000,000","17,500,000","16,600,000","16,700,000","17,400,000","16,900,000","16,500,000","16,100,000","16,100,000","14,200,000","13,000,000","11,700,000","10,600,000","2,900,000","7,300,000","6,900,000","6,900,000","3,700,000","-1,800,000","3,100,000","4,500,000","2,800,000",,,,,,,,
		NetIncomeIncludingNoncontrollingInterests,"1,601,500,000","468,800,000","429,400,000","371,600,000","331,800,000","360,200,000","349,500,000","260,500,000","243,200,000","320,800,000","282,300,000","290,900,000","269,900,000","341,200,000","319,600,000","287,800,000","268,300,000","-100,400,000","280,300,000","253,600,000","227,300,000","238,300,000","227,100,000","208,700,000","158,400,000","202,600,000","207,300,000","180,600,000","181,800,000","194,821,000","184,160,000","176,417,000","159,802,000","168,879,000","161,389,000","154,868,000","153,613,000","141,567,000","148,800,000","141,893,000","127,248,000","115,005,000","136,058,000","148,894,000","128,885,000","132,467,000","138,799,000","131,009,000","100,138,000","89,977,000","83,364,000","76,825,000","77,050,000","98,733,000","112,955,000","109,995,000","97,468,000","99,993,000","91,501,000","83,996,000","77,704,000","84,378,000","66,699,000","53,341,000","57,274,000","55,818,000","52,089,000","52,056,000","46,376,000","45,640,000","41,646,000","40,367,000","35,658,000","32,986,000","28,212,000","19,479,000","23,313,000","22,482,000","20,666,000","20,003,000","17,193,000","16,036,000","16,633,000","22,536,000","28,505,000","32,596,000","28,834,000","26,210,000","20,264,000","5,300,000","11,600,000","10,500,000","8,200,000","8,300,000","8,200,000","10,400,000","9,700,000","-2,300,000","8,600,000","3,000,000","17,500,000","16,600,000","16,700,000","17,400,000","16,900,000","16,500,000","16,100,000","16,100,000","14,200,000","13,000,000","11,700,000","10,600,000","2,900,000","7,300,000","6,900,000","6,900,000","3,700,000","-1,800,000","3,100,000","4,500,000","2,800,000","-100,000","-1,600,000","-2,400,000","-2,400,000","-3,000,000","-3,000,000","-3,000,000","-3,000,000"
			NetIncomeContinuousOperations,"1,580,100,000","457,700,000","421,700,000","369,000,000","331,800,000","360,200,000","349,500,000","260,500,000","243,200,000","320,800,000","282,300,000","290,900,000","269,900,000","341,200,000","319,600,000","287,800,000","268,300,000","-100,400,000","280,300,000","253,600,000","227,300,000","238,300,000","227,100,000","208,700,000","158,400,000","202,600,000","207,300,000","180,600,000","181,800,000","194,821,000","184,160,000","176,417,000","159,802,000","168,879,000","161,389,000","154,868,000","153,613,000","141,567,000","148,800,000","141,893,000","127,248,000","115,005,000","136,058,000","148,894,000","128,885,000","132,467,000","138,799,000","131,009,000","100,138,000","89,977,000","83,364,000","76,825,000","77,050,000","98,733,000","112,955,000","109,995,000","97,468,000","99,993,000","91,501,000","83,996,000","77,704,000","78,377,000","66,699,000","53,341,000","57,274,000","55,818,000","52,089,000","52,056,000","46,376,000","45,640,000","41,646,000","40,367,000","35,658,000","32,986,000","28,212,000","19,479,000","23,313,000","22,482,000","20,666,000","20,003,000","17,193,000","16,036,000","16,633,000","22,536,000","28,505,000","32,596,000","28,834,000","26,210,000","20,264,000","14,000,000","11,600,000","10,500,000","8,200,000","8,300,000","8,200,000","10,400,000","9,700,000","9,400,000","8,600,000","15,800,000","17,500,000","16,600,000","16,700,000","17,400,000","16,900,000","16,500,000","16,100,000","16,100,000","14,200,000","13,000,000","11,700,000","10,600,000","7,000,000","7,300,000","6,900,000","6,900,000","3,700,000","-1,800,000","3,100,000","4,500,000","2,800,000","-100,000","-1,600,000","-2,400,000","-2,400,000","-3,000,000","-3,000,000","-3,000,000","-3,000,000"
			NetIncomeDiscontinuousOperations,"21,400,000","11,100,000","7,700,000","2,600,000",,,,,,,,,,,,,,,,,,,,,,,,,,,,,,,,,,,,,,,,,,,,,,,,,,,,,,,,,,,,,,,,,,,,,,,,,,,,,,,,,,,,,,,,,,,,,,,,,,,,,,,,,,,,,,,,,,,,,,,,,,,,,
			NetIncomeFromTaxLossCarryforward,,,,,,,,,,,,,,,,,,,,,,,,,,,,,,,,,,,,,,,,,,,,,,,,,,,,,,,,,,,,,,,,,,,,,,,,,,,,,,,,,,,,,,,,,,,,,,,,,,"-11,700,000",,"-12,800,000",,,,,,,,,,"0",,,"-4,100,000",,,,,,,,,,,,,,,,
		MinorityInterests,"-10,700,000","-3,800,000","-2,900,000","-1,800,000","-2,200,000","-3,200,000","-2,900,000","-2,800,000","-1,100,000","-2,100,000","-2,000,000","-2,500,000","-2,400,000","-3,100,000","-3,000,000","-3,000,000","-2,700,000","-3,000,000","-2,800,000","-2,100,000","-2,400,000","-2,900,000","-2,800,000","-2,200,000","-1,800,000","-2,400,000","-2,800,000","-1,600,000","-2,000,000","-1,343,000","-1,953,000","-1,485,000","-1,319,000","-1,000,000","-591,000","-880,000","-606,000","-1,205,000","-1,350,000","-951,000","-685,000","-1,146,000","-1,435,000","-1,143,000","-927,000","-1,354,000","-1,531,000","-1,338,000","-1,785,000","-2,338,000","-2,449,000","-1,955,000","-2,640,000",,,,,,,,,,,,,,,,,,,,,,,,,,,,,,,,,,,,,,,,,,,,,,,,,,,,,,,,,,,,,,,,,,,,,,,,,,,,
DilutedNIAvailtoComStockholders,"1,590,800,000","465,000,000","426,500,000","369,800,000","329,600,000","357,000,000","346,600,000","257,700,000","242,100,000","318,700,000","280,300,000","288,400,000","267,500,000","338,100,000","316,600,000","284,800,000","265,600,000","-103,400,000","277,500,000","251,500,000","224,900,000","235,400,000","224,300,000","206,500,000","156,600,000","200,200,000","204,500,000","179,000,000","179,800,000","193,478,000","182,207,000","174,932,000","158,483,000","167,879,000","160,798,000","153,988,000","153,007,000","140,362,000","147,450,000","140,942,000","126,563,000","113,859,000","134,623,000","147,751,000","127,958,000","131,113,000","137,268,000","129,671,000","98,353,000","87,639,000","80,915,000","74,870,000","74,410,000","98,733,000","112,955,000","109,995,000","97,468,000","99,993,000","91,501,000","83,996,000","77,704,000","78,377,000","66,699,000","53,341,000","57,274,000","55,818,000","52,089,000","52,056,000","46,376,000","45,640,000","41,646,000","40,367,000","35,658,000","32,986,000","28,212,000","19,479,000","23,313,000","22,482,000","20,666,000","20,003,000","17,193,000","16,036,000","16,633,000","22,536,000","28,505,000","32,596,000","28,834,000","26,210,000","20,264,000","5,300,000","11,600,000","10,500,000","8,200,000","8,300,000","8,200,000","10,400,000","9,700,000","-2,300,000","8,600,000","3,000,000","17,500,000","16,600,000","16,700,000","17,400,000","16,900,000","16,500,000","16,100,000","16,100,000","14,200,000","13,000,000","11,700,000","10,600,000","2,900,000","7,300,000","6,900,000","6,900,000","3,700,000","-1,800,000","3,100,000","4,500,000","2,800,000",,,,,,,,
BasicEPS,,"0.78","0.71","0.62","0.55","0.595","0.58","0.435","0.405","0.535","0.475","0.485","0.45","0.565","0.525","0.475","0.435","-0.17","0.455","0.41","0.365","0.38","0.365","0.335","0.255","0.325","0.33","0.29","0.29","0.31","0.29","0.278","0.253","0.265","0.253","0.24","0.24","0.22","0.228","0.218","0.195",,"0.2","0.215","0.183",,"0.198","0.188","0.143",,"0.118","0.11","0.108",,"0.16","0.158","0.138",,"0.128","0.118","0.11",,"0.094","0.075","0.08",,"0.074","0.074","0.066",,"0.059","0.058","0.051",,"0.041","0.029","0.034",,"0.031","0.029","0.026",,"0.025","0.034","0.043",,"0.043","0.039","0.031",,"0.021","0.019","0.014",,"0.014","0.019","0.018",,"0.016","0.003","0.013",,"0.011","0.012","0.011",,"0.011","0.011","0.009",,"0.008","0.007","0.002",,"0.005","0.005","0.003",,"0.003","0.004","0.003",,"-0.001","-0.008","-0.008",,"-0.009","-0.009","-0.009"
DilutedEPS,,"0.74","0.68","0.59","0.53","0.575","0.56","0.425","0.395","0.515","0.46","0.465","0.435","0.545","0.505","0.455","0.42","-0.17","0.44","0.4","0.355","0.375","0.355","0.325","0.25","0.315","0.325","0.28","0.285","0.305","0.285","0.273","0.245","0.26","0.248","0.238","0.235","0.215","0.225","0.215","0.193",,"0.198","0.213","0.18",,"0.195","0.185","0.14",,"0.118","0.108","0.108",,"0.158","0.153","0.135",,"0.125","0.115","0.108",,"0.091","0.073","0.079",,"0.071","0.073","0.065",,"0.059","0.056","0.05",,"0.04","0.028","0.034",,"0.03","0.029","0.025",,"0.024","0.033","0.042",,"0.042","0.038","0.03",,"0.02","0.018","0.014",,"0.014","0.018","0.017",,"0.015","0.003","0.013",,"0.01","0.009","0.008",,"0.011","0.011","0.009",,"0.008","0.007","0.002",,"0.005","0.005","0.003",,"0.003","0.004","0.003",,"-0.001","-0.008","-0.008",,"-0.009","-0.009","-0.009"
BasicAverageShares,,"598,100,000","597,700,000","597,400,000","598,500,000","598,600,000","597,600,000","593,200,000","594,800,000","594,400,000","593,200,000","596,000,000","596,200,000","599,600,000","601,000,000","601,600,000","607,400,000","610,800,000","610,000,000","611,600,000","613,200,000","617,000,000","617,800,000","616,400,000","615,200,000","617,070,926","617,707,284","617,799,874","620,093,068","620,060,412","626,568,484","628,458,740","630,113,928","633,132,504","634,662,080","638,820,084","638,952,672","641,519,456","645,397,972","646,046,200","651,447,452",,"671,807,464","684,777,896","700,673,188",,"695,255,012","694,079,528","693,064,452",,"685,712,948","685,268,448","684,740,792",,"706,865,580","701,950,584","706,650,464",,"713,621,700","714,496,608","712,531,056",,"715,378,232","716,356,248","715,577,280",,"710,203,240","706,902,416","704,133,888",,"703,688,000","705,396,832","703,822,432",,"691,042,816","681,988,384","681,162,880",,"680,409,920","678,308,032","676,821,584",,"672,004,928","667,021,024","666,990,528",,"666,452,560","664,546,944","663,452,096",,"562,424,242","560,000,000","570,434,783",,"570,434,783","554,666,667","554,285,714",,"550,400,000","1,400,000,000","1,400,000,000",,"1,484,444,444","1,465,263,158","1,502,222,222",,"1,515,294,118","1,515,294,118","1,514,666,667",,"1,440,000,000","1,541,818,182","1,546,666,667",,"1,380,000,000","1,380,000,000","1,184,000,000",,"992,000,000","1,028,571,429","896,000,000",,"462,256,000","236,560,000","236,560,000",,"236,560,000","236,560,000","236,560,000"
DilutedAverageShares,,"628,200,000","625,800,000","623,800,000","624,100,000","622,400,000","616,400,000","608,000,000","613,000,000","616,400,000","612,400,000","617,400,000","617,200,000","619,400,000","624,800,000","624,600,000","632,000,000","635,600,000","631,400,000","632,200,000","632,800,000","631,400,000","631,400,000","630,800,000","628,400,000","630,795,136","631,773,192","633,756,200","635,971,290","634,403,850","641,272,810","643,164,540","644,708,624","646,693,984","647,171,144","651,741,712","650,852,008","651,159,432","655,120,684","655,486,260","661,420,552",,"679,340,268","694,369,832","711,403,728",,"704,898,996","703,541,860","702,300,008",,"695,714,356","694,598,820","692,393,900",,"720,536,440","717,582,916","720,791,876",,"728,840,788","730,745,316","730,173,672",,"733,358,272","733,926,384","732,241,392",,"725,582,520","722,178,328","719,237,328",,"715,738,472","718,917,872","719,025,312",,"708,303,632","698,756,880","696,176,672",,"694,728,096","695,267,760","695,077,696",,"688,498,848","684,623,024","683,532,464",,"689,402,048","685,561,984","681,285,504",,"580,000,000","579,310,345","570,434,783",,"570,434,783","573,793,103","574,814,815",,"573,333,333","1,400,000,000","1,400,000,000",,"1,670,000,000","1,465,263,158","1,502,222,222",,"1,515,294,118","1,515,294,118","1,514,666,667",,"1,440,000,000","1,541,818,182","1,546,666,667",,"1,380,000,000","1,380,000,000","1,184,000,000",,"992,000,000","1,028,571,429","896,000,000",,"462,256,000","236,560,000","236,560,000",,"236,560,000","236,560,000","236,560,000"
TotalOperatingIncomeAsReported,"2,105,100,000","592,900,000","571,200,000","476,200,000","464,800,000","488,300,000","475,800,000","357,400,000","316,900,000","429,800,000","413,600,000","399,500,000","376,200,000","457,600,000","444,200,000","408,200,000","376,900,000","399,400,000","377,900,000","336,200,000","314,100,000","339,100,000","326,300,000","300,300,000","239,400,000","289,000,000","294,800,000","260,700,000","260,200,000","278,834,000","267,821,000","255,810,000","232,135,000","241,360,000","224,483,000","224,013,000","206,957,000","221,220,000","215,670,000","206,176,000","185,279,000","164,660,000","186,059,000","214,874,000","186,085,000","190,554,000","189,134,000","175,625,000","145,044,000","138,460,000","124,290,000","115,478,000","110,685,000","142,400,000","171,320,000","168,223,000","150,296,000","153,498,000","143,350,000","133,413,000","122,597,000","124,634,000","108,557,000","93,010,000","98,391,000","93,859,000","86,089,000","86,046,000","77,333,000","76,004,000","70,303,000","69,054,000","61,283,000","57,618,000","52,372,000","49,259,000","45,171,000","44,442,000","44,200,000","45,032,000","40,273,000","41,314,000","42,574,000","51,621,000","61,518,000","69,910,000","64,390,000","59,437,000","50,686,000","44,600,000","41,100,000","39,300,000","35,600,000","35,700,000","36,300,000","39,200,000","38,500,000","39,500,000","39,100,000","40,600,000","36,100,000","34,200,000","33,600,000","35,300,000","35,000,000","34,100,000","33,900,000","34,500,000","32,200,000","30,100,000","27,600,000","26,000,000","20,500,000","21,800,000","21,600,000","21,500,000","16,400,000","9,100,000","10,700,000","11,900,000","11,600,000",,,,,,,,
TotalExpenses,"8,700,800,000","2,418,900,000","2,247,300,000","2,122,300,000","1,912,300,000","1,926,200,000","1,847,600,000","1,630,100,000","1,545,100,000","1,721,200,000","1,687,000,000","1,606,900,000","1,565,800,000","1,758,600,000","1,684,800,000","1,573,200,000","1,490,000,000","1,544,500,000","1,462,900,000","1,326,300,000","1,246,000,000","1,312,000,000","1,303,300,000","1,247,900,000","1,181,500,000","1,141,500,000","1,164,800,000","1,085,100,000","1,066,900,000","1,138,145,000","1,088,374,000","1,058,362,000","1,011,919,000","1,000,929,000","926,042,000","912,054,000","872,848,000","922,758,000","887,706,000","854,931,000","796,325,000","782,049,000","846,695,000","820,677,000","754,500,000","759,332,000","759,329,000","709,173,000","625,910,000","619,836,000","592,283,000","569,706,000","549,327,000","612,882,000","692,338,000","678,594,000","620,418,000","623,772,000","590,501,000","555,423,000","528,487,000","534,789,000","527,861,000","513,588,000","470,600,000","414,256,000","360,906,000","357,596,000","332,062,000","327,959,000","313,800,000","318,065,000","293,978,000","284,421,000","262,426,000","255,634,000","232,603,000","222,604,000","223,915,000","225,833,000","215,703,000","219,058,000","210,007,000","222,525,000","255,154,000","299,539,000","290,304,000","276,073,000","249,363,000","224,500,000","215,800,000","208,100,000","201,600,000","197,700,000","192,700,000","188,700,000","190,000,000","182,500,000","184,400,000","186,400,000","175,700,000","163,400,000","151,300,000","163,600,000","159,800,000","154,500,000","155,100,000","173,100,000","165,800,000","155,400,000","150,600,000","147,600,000","135,000,000","130,000,000","128,900,000","133,300,000","130,500,000","104,000,000","101,600,000","103,800,000","105,000,000",,,,,,,,
NetIncomeFromContinuingAndDiscontinuedOperation,"1,590,800,000","465,000,000","426,500,000","369,800,000","329,600,000","357,000,000","346,600,000","257,700,000","242,100,000","318,700,000","280,300,000","288,400,000","267,500,000","338,100,000","316,600,000","284,800,000","265,600,000","-103,400,000","277,500,000","251,500,000","224,900,000","235,400,000","224,300,000","206,500,000","156,600,000","200,200,000","204,500,000","179,000,000","179,800,000","193,478,000","182,207,000","174,932,000","158,483,000","167,879,000","160,798,000","153,988,000","153,007,000","140,362,000","147,450,000","140,942,000","126,563,000","113,859,000","134,623,000","147,751,000","127,958,000","131,113,000","137,268,000","129,671,000","98,353,000","87,639,000","80,915,000","74,870,000","74,410,000","98,733,000","112,955,000","109,995,000","97,468,000","99,993,000","91,501,000","83,996,000","77,704,000","78,377,000","66,699,000","53,341,000","57,274,000","55,818,000","52,089,000","52,056,000","46,376,000","45,640,000","41,646,000","40,367,000","35,658,000","32,986,000","28,212,000","19,479,000","23,313,000","22,482,000","20,666,000","20,003,000","17,193,000","16,036,000","16,633,000","22,536,000","28,505,000","32,596,000","28,834,000","26,210,000","20,264,000","14,000,000","11,600,000","10,500,000","8,200,000","8,300,000","8,200,000","10,400,000","9,700,000","9,400,000","8,600,000","15,800,000","17,500,000","16,600,000","16,700,000","17,400,000","16,900,000","16,500,000","16,100,000","16,100,000","14,200,000","13,000,000","11,700,000","10,600,000","7,000,000","7,300,000","6,900,000","6,900,000","3,700,000","-1,800,000","3,100,000","4,500,000","2,800,000",,,,,,,,
NormalizedIncome,"1,625,297,600","466,072,872.34","418,800,000","412,905,000","329,600,000","366,001,086.484","346,600,000","257,700,000","242,100,000","318,700,000","291,096,500","295,404,300","280,238,000","344,814,980.32","316,600,000","284,800,000","265,600,000","-103,400,000","277,500,000","254,696,000","224,900,000","235,400,000","228,905,300","206,500,000","178,203,900","200,200,000","204,500,000","183,155,300","179,800,000","200,516,396.008","184,071,404","174,932,000","159,969,720","170,421,685.02","162,728,657","153,988,000","153,007,000","146,790,097.348","145,519,130.649","139,012,599.181","124,961,018.755","113,848,647.849","132,897,560.276","133,310,744.584","126,722,604.074","133,623,146.274","136,302,365.221","129,069,568.234","98,013,762.108","91,161,055.872","81,165,126.8","75,146,951.352","74,573,254.395","96,376,685.584","115,345,476.233","111,610,199.273","98,980,230.275","102,507,025.114","94,811,428.21","86,526,414.703","79,920,273.536","76,156,285.826","73,209,297.651","65,664,892.205","59,099,092.428","57,951,961.469","55,552,909.188","52,978,676.81","47,474,250.42","46,522,413.813","42,706,636.809","41,831,542.902","36,647,986.674","33,732,456.832","29,826,999.392","27,433,491.512","24,450,831.215","23,377,402.325","21,430,388.514","21,073,922.591","17,969,825.708","16,745,890.711","17,374,707.33","23,311,560.556","29,722,603.923","34,469,945.663","30,565,689.228","27,348,293.442","21,435,336.592","14,000,000","12,320,000","11,340,000","8,920,000","9,202,173.913","8,800,000","10,940,000","10,360,000","10,420,000","9,200,000","15,560,000","18,236,842.105","17,283,895.131","17,332,575.758","17,953,356.89","17,320,000","16,981,751.825","16,580,597.015","16,760,820.896","15,280,000","13,854,460.094","12,370,312.5","11,209,195.402","7,365,217.391","7,886,607.143","7,420,754.717","7,225,471.698","3,570,175.439","900,000","2,848,648.649","3,358,208.955","2,800,000",,,,,,,,
InterestExpense,"115,500,000","28,800,000","29,000,000","29,100,000","28,600,000","28,300,000","28,000,000","30,200,000","28,800,000","28,100,000","29,700,000","30,000,000","29,700,000","26,400,000","24,800,000","26,000,000","24,500,000","25,000,000","24,600,000","23,400,000","19,300,000","18,400,000","18,100,000","18,000,000","18,100,000","17,200,000","17,000,000","17,100,000","17,000,000","20,159,000","21,089,000","20,081,000","19,071,000","16,427,000","16,048,000","15,621,000","15,457,000","15,599,000","15,166,000","15,099,000","13,749,000","11,144,000","10,498,000","11,371,000","10,016,000","10,192,000","10,568,000","9,968,000","10,013,000","9,496,000","8,961,000","9,131,000","8,998,000",,,,,,,,,,,,,,,,,,,,,,,,,,,,,,,,,,,,,,,,,,,,,,,,,,,,,,,,,,,,,,,,,,,,,,,,,,,,
NetInterestIncome,"-115,500,000","-28,800,000","-29,000,000","-29,100,000","-28,600,000","-28,300,000","-28,000,000","-30,200,000","-28,800,000","-28,100,000","-29,700,000","-30,000,000","-29,700,000","-26,400,000","-24,800,000","-26,000,000","-24,500,000","-4,800,000","-24,600,000","-23,400,000","-19,300,000","-6,900,000","-18,100,000","-18,000,000","-18,100,000","1,200,000","-17,000,000","-17,100,000","-17,000,000","41,000","-21,089,000","-20,081,000","-19,071,000","-1,455,000","-16,048,000","-15,621,000","-15,457,000","-4,087,000","-15,166,000","-15,099,000","-13,749,000","-11,144,000","-10,498,000","-11,371,000","-10,016,000","-5,146,000","-10,568,000","-9,968,000","-10,013,000","-9,496,000","-8,961,000","-9,131,000","-8,998,000",,,,,,,,,,,,,,,,,,,,,,,,,,,,,,,,,,,,,,,,,,,,,,,,,,,,,,,,,,,,,,,,,,,,,,,,,,,,
EBIT,"2,104,700,000","592,800,000","571,200,000","476,200,000","464,500,000","488,500,000","476,800,000","358,700,000","318,000,000","430,800,000","403,800,000","399,600,000","379,200,000","458,300,000","444,400,000","408,300,000","379,200,000","403,600,000","383,000,000","340,600,000","317,700,000","342,600,000","328,600,000","302,000,000","240,400,000","292,900,000","299,000,000","264,900,000","264,300,000","284,030,000","272,567,000","260,103,000","236,200,000","245,302,000","228,108,000","227,046,000","209,742,000","223,872,000","218,306,000","208,810,000","187,466,000","166,674,000","188,314,000","217,004,000","187,789,000","192,152,000","190,385,000","176,389,000","145,503,000","133,602,000","123,945,000","115,096,000","110,470,000","131,942,000","171,320,000","168,223,000","150,296,000","153,498,000","143,350,000","133,413,000","122,597,000","124,634,000","108,557,000","93,010,000","98,391,000","93,859,000","86,089,000","86,046,000","77,333,000","76,004,000","70,303,000","69,054,000","61,283,000","57,618,000","52,372,000","49,259,000","45,171,000","44,442,000","44,200,000","45,032,000","40,273,000","41,314,000","42,574,000","51,621,000","61,518,000","69,910,000","64,390,000","59,437,000","50,686,000","44,600,000","41,100,000","39,300,000","35,600,000","35,700,000","36,300,000","39,200,000","38,500,000","39,500,000","39,100,000","40,600,000","36,100,000","34,200,000","33,600,000","35,300,000","35,000,000","34,100,000","33,900,000","34,500,000","32,200,000","30,100,000","27,600,000","26,000,000","20,500,000","21,800,000","21,600,000","21,500,000","16,400,000","9,100,000","10,700,000","11,900,000","11,600,000","-320,000,000","156,100,000","108,400,000","108,400,000","-275,800,000","105,200,000","105,200,000","105,200,000"
EBITDA,"2,500,300,000"
ReconciledCostOfRevenue,"7,474,500,000","2,085,600,000","1,928,600,000","1,810,700,000","1,649,600,000","1,660,400,000","1,588,500,000","1,383,700,000","1,302,200,000","1,472,300,000","1,438,700,000","1,367,700,000","1,330,700,000","1,509,700,000","1,440,800,000","1,336,600,000","1,260,000,000","1,308,600,000","1,234,700,000","1,113,900,000","1,044,200,000","1,105,100,000","1,098,600,000","1,050,900,000","992,000,000","972,100,000","995,600,000","919,000,000","902,500,000","969,990,000","927,087,000","897,405,000","857,218,000","856,429,000","789,214,000","776,279,000","741,913,000","790,527,000","759,047,000","726,946,000","672,333,000","653,872,000","709,277,000","696,516,000","636,461,000","639,866,000","638,746,000","595,499,000","521,762,000","516,664,000","492,180,000","471,034,000","453,633,000","514,876,000","582,407,000","570,227,000","519,808,000","522,463,000","494,709,000","463,212,000","440,516,000","495,170,000","417,989,000","396,803,000","372,892,000","330,618,000","285,293,000","282,056,000","263,061,000","261,925,000","250,062,000","253,676,000","232,874,000","225,817,000","208,299,000","202,833,000","182,302,000","174,664,000","175,709,000","178,132,000","170,384,000","170,387,000","161,099,000","171,612,000","198,945,000","237,765,000","230,832,000","218,933,000","196,618,000","175,600,000","167,500,000","161,500,000","156,600,000","153,800,000","149,900,000","147,000,000","148,400,000","142,800,000","143,100,000","145,700,000","137,500,000","126,600,000","116,900,000","126,700,000","123,700,000","119,900,000","120,200,000","135,900,000","130,000,000","121,300,000","116,800,000","115,100,000","104,400,000","101,300,000","99,600,000","103,000,000","100,800,000","78,900,000","76,700,000","78,000,000","79,700,000",,,,,,,,
ReconciledDepreciation,"395,600,000","121,100,000","95,200,000","102,600,000","76,700,000","90,100,000","74,400,000","71,500,000","72,100,000","76,700,000","72,000,000","77,800,000","85,600,000","105,200,000","72,300,000","61,700,000","60,500,000","58,300,000","57,900,000","56,500,000","54,100,000","53,400,000","51,200,000","50,500,000","61,900,000","43,500,000","44,600,000","43,400,000","40,100,000","50,123,000","40,359,000","37,745,000","39,873,000","34,951,000","34,769,000","34,170,000","32,592,000","32,440,000","30,748,000","29,592,000","28,999,000","31,242,000","30,989,000","29,851,000","27,357,000","26,846,000","26,507,000","25,149,000","24,344,000","25,601,000","25,153,000","24,779,000","22,991,000","22,283,000","23,335,000","22,913,000","22,771,000","21,415,000","20,890,000","20,979,000","19,064,000","17,999,000","18,383,000","18,835,000","17,907,000","14,209,000","13,191,000","13,064,000","11,178,000","10,289,000","10,091,000","10,088,000","9,789,000","9,877,000","9,511,000","9,933,000","9,159,000","9,168,000","9,426,000","8,895,000","8,749,000","12,061,000","12,510,000","12,099,000","12,221,000","11,843,000","11,119,000","11,245,000","10,872,000","10,400,000","10,900,000","10,800,000","10,700,000","10,100,000","9,600,000","9,400,000","8,900,000","8,300,000","9,600,000","8,700,000","7,700,000","7,500,000","7,300,000","7,300,000","7,400,000","6,900,000","7,100,000","7,300,000","7,100,000","7,000,000","7,700,000","7,000,000","7,100,000","6,800,000","7,500,000","7,100,000","7,200,000","6,100,000","6,300,000","6,700,000","6,900,000",,,,,,,,
NetIncomeFromContinuingOperationNetMinorityInterest,"1,569,400,000","453,900,000","418,800,000","367,200,000","329,600,000","357,000,000","346,600,000","257,700,000","242,100,000","318,700,000","280,300,000","288,400,000","267,500,000","338,100,000","316,600,000","284,800,000","265,600,000","-103,400,000","277,500,000","251,500,000","224,900,000","235,400,000","224,300,000","206,500,000","156,600,000","200,200,000","204,500,000","179,000,000","179,800,000","193,478,000","182,207,000","174,932,000","158,483,000","167,879,000","160,798,000","153,988,000","153,007,000","140,362,000","147,450,000","140,942,000","126,563,000","113,859,000","134,623,000","147,751,000","127,958,000","131,113,000","137,268,000","129,671,000","98,353,000","87,639,000","80,915,000","74,870,000","74,410,000","98,733,000","112,955,000","109,995,000","97,468,000","99,993,000","91,501,000","83,996,000","77,704,000","78,377,000","66,699,000","53,341,000","57,274,000","55,818,000","52,089,000","52,056,000","46,376,000","45,640,000","41,646,000","40,367,000","35,658,000","32,986,000","28,212,000","19,479,000","23,313,000","22,482,000","20,666,000","20,003,000","17,193,000","16,036,000","16,633,000","22,536,000","28,505,000","32,596,000","28,834,000","26,210,000","20,264,000","14,000,000","11,600,000","10,500,000","8,200,000","8,300,000","8,200,000","10,400,000","9,700,000","9,400,000","8,600,000","15,800,000","17,500,000","16,600,000","16,700,000","17,400,000","16,900,000","16,500,000","16,100,000","16,100,000","14,200,000","13,000,000","11,700,000","10,600,000","7,000,000","7,300,000","6,900,000","6,900,000","3,700,000","-1,800,000","3,100,000","4,500,000","2,800,000",,,,,,,,
TotalUnusualItemsExcludingGoodwill,"-70,400,000","-15,000,000","0","-55,400,000",,"-11,500,000","0","0","0","0","-14,300,000","-8,900,000","-16,500,000","-8,500,000","0","0",,"0",,"-4,000,000",,"0","-6,300,000","0","-30,300,000","0","0","-5,700,000","0","-9,533,000","-2,547,000","0","-2,020,000","-3,446,000","-2,537,000",,,"-9,457,000","2,636,000","2,634,000","2,187,000","14,000","2,255,000","19,943,000","1,704,000","-3,448,000","1,251,000","764,000","459,000","-4,858,000","-345,000","-382,000","-215,000","3,095,000","-3,348,000","-2,291,000","-2,145,000","-3,532,000","-4,678,000","-3,639,000","-3,149,000","3,188,000","-9,337,000","-18,394,000","-2,724,000","-3,185,000","-5,022,000","-1,398,000","-1,664,000","-1,337,000","-1,607,000","-2,219,000","-1,500,000","-1,131,000","-2,447,000","-12,052,000","-1,724,000","-1,367,000","-1,167,000","-1,635,000","-1,186,000","-1,169,000","-1,218,000","-1,248,000","-1,938,000","-2,990,000","-2,772,000","-1,829,000","-1,904,000",,"-1,200,000","-1,400,000","-1,200,000","-1,500,000","-1,000,000","-900,000","-1,100,000","-1,700,000","-1,000,000","400,000","-1,200,000","-1,100,000","-1,000,000","-900,000","-700,000","-800,000","-800,000","-1,100,000","-1,800,000","-1,400,000","-1,100,000","-1,000,000","-600,000","-900,000","-800,000","-500,000","200,000","-4,500,000","300,000","1,700,000",,,,,,,,,
TotalUnusualItems,"-70,400,000","-15,000,000","0","-55,400,000",,"-11,500,000","0","0","0","0","-14,300,000","-8,900,000","-16,500,000","-8,500,000","0","0",,"0",,"-4,000,000",,"0","-6,300,000","0","-30,300,000","0","0","-5,700,000","0","-9,533,000","-2,547,000","0","-2,020,000","-3,446,000","-2,537,000",,,"-9,457,000","2,636,000","2,634,000","2,187,000","14,000","2,255,000","19,943,000","1,704,000","-3,448,000","1,251,000","764,000","459,000","-4,858,000","-345,000","-382,000","-215,000","3,095,000","-3,348,000","-2,291,000","-2,145,000","-3,532,000","-4,678,000","-3,639,000","-3,149,000","3,188,000","-9,337,000","-18,394,000","-2,724,000","-3,185,000","-5,022,000","-1,398,000","-1,664,000","-1,337,000","-1,607,000","-2,219,000","-1,500,000","-1,131,000","-2,447,000","-12,052,000","-1,724,000","-1,367,000","-1,167,000","-1,635,000","-1,186,000","-1,169,000","-1,218,000","-1,248,000","-1,938,000","-2,990,000","-2,772,000","-1,829,000","-1,904,000",,"-1,200,000","-1,400,000","-1,200,000","-1,500,000","-1,000,000","-900,000","-1,100,000","-1,700,000","-1,000,000","400,000","-1,200,000","-1,100,000","-1,000,000","-900,000","-700,000","-800,000","-800,000","-1,100,000","-1,800,000","-1,400,000","-1,100,000","-1,000,000","-600,000","-900,000","-800,000","-500,000","200,000","-4,500,000","300,000","1,700,000",,,,,,,,,
NormalizedEBITDA,"2,570,700,000","728,900,000","666,400,000","634,200,000","541,200,000","590,100,000","551,200,000","430,200,000","390,100,000","507,500,000","490,100,000","486,300,000","481,300,000","572,000,000","516,700,000","470,000,000","439,700,000","461,900,000","440,900,000","401,100,000","371,800,000","396,000,000","386,100,000","352,500,000","332,600,000","336,400,000","343,600,000","314,000,000","304,400,000","343,686,000","315,473,000","297,848,000","278,093,000","283,699,000","265,414,000","261,216,000","242,334,000","265,769,000","246,418,000","235,768,000","214,278,000","197,902,000","217,048,000","226,912,000","213,442,000","222,446,000","215,641,000","200,774,000","169,388,000","164,061,000","149,443,000","140,257,000","133,676,000","151,130,000","198,003,000","193,427,000","175,212,000","178,445,000","168,918,000","158,031,000","144,810,000","139,445,000","136,277,000","130,239,000","119,022,000","111,253,000","104,302,000","100,508,000","90,175,000","87,630,000","82,001,000","81,361,000","72,572,000","68,626,000","64,330,000","71,244,000","56,054,000","54,977,000","54,793,000","55,562,000","50,208,000","54,544,000","56,302,000","64,968,000","75,677,000","84,743,000","78,398,000","72,511,000","63,462,000","55,000,000","53,200,000","51,500,000","47,500,000","47,300,000","46,900,000","49,500,000","48,500,000","49,500,000","49,700,000","48,900,000","45,000,000","42,800,000","41,900,000","43,500,000","43,100,000","41,800,000","41,800,000","42,900,000","41,100,000","38,500,000","36,400,000","34,000,000","28,200,000","29,500,000","29,900,000","29,100,000","23,400,000","19,700,000","16,700,000","16,900,000","18,500,000","-320,000,000","156,100,000","108,400,000","108,400,000","-275,800,000","105,200,000","105,200,000","105,200,000"
TaxRateForCalcs,"0.206","0.188","0.222","0.175","0.239","0.217","0.221","0.207","0.159","0.203","0.245","0.213","0.228","0.21","0.238","0.247","0.244","0.4","0.218","0.201","0.238","0.265","0.269","0.265","0.287","0.265","0.265","0.271","0.265","0.262","0.268","0.265","0.264","0.262","0.239","0.268","0.209","0.32","0.268","0.268","0.267","0.261","0.235","0.276","0.275","0.272","0.228","0.213","0.261","0.275","0.275","0.275","0.241","0.239","0.286","0.295","0.295","0.288","0.292","0.305","0.296","0.303","0.303","0.33","0.33","0.33","0.31","0.34","0.34","0.34","0.34","0.34","0.34","0.34","0.34","0.34","0.34","0.345","0.345","0.345","0.345","0.393","0.391","0.379","0.372","0.373","0.375","0.378","0.385","0.4","0.4","0.4","0.4","0.399","0.4","0.4","0.4","0.4","0.4","0.4","0.386","0.378","0.367","0.385","0.4","0.398","0.399","0.399","0.4","0.39","0.391","0.391","0.391","0.348","0.349","0.349","0.351","0.4","0.162","0.328","0.349",,,,,,,,
TaxEffectOfUnusualItems,"-14,502,400","-2,827,127.66","0","-9,695,000","0","-2,498,913.516","0","0","0","0","-3,503,500","-1,895,700","-3,762,000","-1,785,019.68","0","0","0","0","0","-804,000","0","0","-1,694,700","0","-8,696,100","0","0","-1,544,700","0","-2,494,603.992","-682,596","0","-533,280","-903,314.98","-606,343","0","0","-3,028,902.652","705,130.649","704,599.181","585,018.755","3,647.849","529,560.276","5,502,744.584","468,604.074","-937,853.726","285,365.221","162,568.234","119,762.108","-1,335,944.128","-94,873.2","-105,048.648","-51,745.605","738,685.584","-957,523.767","-675,800.727","-632,769.725","-1,017,974.886","-1,367,571.79","-1,108,585.297","-932,726.464","967,285.826","-2,826,702.349","-6,070,107.795","-898,907.572","-1,051,038.531","-1,558,090.812","-475,323.19","-565,749.58","-454,586.187","-546,363.191","-754,457.098","-510,013.326","-384,543.168","-832,000.608","-4,097,508.488","-586,168.785","-471,597.675","-402,611.486","-564,077.409","-409,174.292","-459,109.289","-476,292.67","-472,439.444","-720,396.077","-1,116,054.337","-1,040,310.772","-690,706.558","-732,663.408","0","-480,000","-560,000","-480,000","-597,826.087","-400,000","-360,000","-440,000","-680,000","-400,000","160,000","-463,157.895","-416,104.869","-367,424.242","-346,643.11","-280,000","-318,248.175","-319,402.985","-439,179.104","-720,000","-545,539.906","-429,687.5","-390,804.598","-234,782.609","-313,392.857","-279,245.283","-174,528.302","70,175.439","-1,800,000","48,648.649","558,208.955","0",,,,,,,,