name,ttm,12/31/2021,09/30/2021,06/30/2021,03/31/2021,12/31/2020,09/30/2020,06/30/2020,03/31/2020,12/31/2019,09/30/2019,06/30/2019,03/31/2019,12/31/2018,09/30/2018,06/30/2018,03/31/2018,12/31/2017,09/30/2017,06/30/2017,03/31/2017,12/31/2016,09/30/2016,06/30/2016,03/31/2016,12/31/2015,09/30/2015,06/30/2015,03/31/2015,12/31/2014,09/30/2014,06/30/2014,03/31/2014,12/31/2013,09/30/2013,06/30/2013,03/31/2013,12/31/2012,09/30/2012,06/30/2012,03/31/2012,12/31/2011,09/30/2011,06/30/2011,03/31/2011,12/31/2010,09/30/2010,06/30/2010,03/31/2010,12/31/2009,09/30/2009,06/30/2009,03/31/2009,12/31/2008,09/30/2008,06/30/2008,03/31/2008,12/31/2007,09/30/2007,06/30/2007,03/31/2007,12/31/2006,09/30/2006,06/30/2006,03/31/2006,12/31/2005,09/30/2005,06/30/2005,03/31/2005,12/31/2004,09/30/2004,06/30/2004,03/31/2004,12/31/2003,09/30/2003,06/30/2003,03/31/2003,12/31/2002,09/30/2002,06/30/2002,03/31/2002,12/31/2001,09/30/2001,06/30/2001,03/31/2001,12/31/2000,09/30/2000,06/30/2000,03/31/2000,12/31/1999,09/30/1999,06/30/1999,03/31/1999,12/31/1998,09/30/1998,06/30/1998,03/31/1998,12/31/1997,09/30/1997,06/30/1997,03/31/1997,12/31/1996,09/30/1996,06/30/1996,03/31/1996,12/31/1995,09/30/1995,06/30/1995,03/31/1995,12/31/1994,09/30/1994,06/30/1994,03/31/1994,12/31/1993,09/30/1993,06/30/1993,03/31/1993,12/31/1992,09/30/1992,06/30/1992
TotalRevenue,"8,803,000,000","2,163,000,000","2,070,000,000","2,296,000,000","2,275,000,000","2,412,000,000","1,954,000,000","1,932,000,000","1,788,000,000","1,986,000,000","1,282,000,000","1,396,000,000","1,825,000,000","2,381,000,000","1,512,000,000","1,641,000,000","1,965,000,000","2,043,000,000","1,618,000,000","1,631,000,000","1,726,000,000","2,014,000,000","1,568,000,000","1,570,000,000","1,455,000,000","1,352,000,000","990,000,000","1,044,000,000","1,278,000,000","1,575,000,000","753,000,000","970,000,000","1,111,000,000","1,518,000,000","691,000,000","1,050,000,000","1,324,000,000","1,768,000,000","841,000,000","1,075,000,000","1,172,000,000","1,407,000,000","754,000,000","1,146,000,000","1,449,000,000","1,428,000,000","745,000,000","967,000,000","1,308,000,000","1,557,000,000","703,000,000","1,038,000,000","981,000,000","1,639,000,000","711,000,000","654,203,000","602,451,000","1,482,484,000","317,746,000","495,455,000","312,512,000","824,259,000","188,172,000","188,069,000","188,125,000","816,242,000","222,540,000","241,093,000","203,861,000","680,094,000","310,626,000","211,276,000","162,897,000","508,511,000","117,523,000","158,725,000","125,001,000","378,685,000","169,172,000","191,258,000","164,911,000","371,341,000","139,604,000","110,577,000","126,790,000","264,473,000","144,363,000","84,558,000","103,838,000","268,862,000","115,363,000","84,142,000","124,886,000","193,537,000","66,182,000","51,880,000","58,256,000","122,141,000","31,915,000","8,083,000","28,926,000","31,361,000","19,175,000","7,021,000","21,648,000","17,578,000","18,848,000","3,319,000","6,569,000","26,200,000","4,600,000","3,200,000","4,300,000","9,400,000","7,900,000","5,000,000","5,600,000","5,500,000","4,200,000","4,500,000"
	OperatingRevenue,"8,803,000,000","2,163,000,000","2,070,000,000","2,296,000,000","2,275,000,000","2,412,000,000","1,954,000,000","1,932,000,000","1,788,000,000","1,986,000,000","1,282,000,000","1,396,000,000","1,825,000,000","2,381,000,000","1,512,000,000","1,641,000,000","1,965,000,000","2,043,000,000","1,618,000,000","1,631,000,000","1,726,000,000","2,014,000,000","1,568,000,000","1,570,000,000","1,455,000,000","1,352,000,000","990,000,000","1,044,000,000","1,278,000,000","1,575,000,000","753,000,000","970,000,000","1,111,000,000","1,518,000,000","691,000,000","1,050,000,000","1,324,000,000","1,768,000,000","841,000,000","1,075,000,000","1,172,000,000","1,407,000,000","754,000,000","1,146,000,000","1,449,000,000","1,428,000,000","745,000,000","967,000,000","1,308,000,000","1,557,000,000","703,000,000","1,038,000,000","981,000,000","1,639,000,000","711,000,000","654,203,000","602,451,000","1,482,484,000","317,746,000","495,455,000","312,512,000","824,259,000","188,172,000","188,069,000","188,125,000","816,242,000","222,540,000","241,093,000","203,861,000","680,094,000","310,626,000","211,276,000","162,897,000","508,511,000","117,523,000","158,725,000","125,001,000","378,685,000","169,172,000","191,258,000","164,911,000","371,341,000","139,604,000","110,577,000","126,790,000","264,473,000","144,363,000","84,558,000","103,838,000","268,862,000","115,363,000","84,142,000","124,886,000","193,537,000","66,182,000","51,880,000","58,256,000","122,141,000","31,915,000","8,053,000","28,926,000","31,361,000","19,175,000","7,021,000","21,648,000","17,578,000","18,848,000","3,319,000","6,569,000","26,200,000","4,600,000","3,200,000","4,300,000","9,400,000","7,900,000","5,000,000","5,600,000","5,500,000","4,200,000","4,500,000"
CostOfRevenue,"2,317,000,000","658,000,000","527,000,000","555,000,000","578,000,000","817,000,000","469,000,000","469,000,000","505,000,000","657,000,000","442,000,000","433,000,000","563,000,000","832,000,000","513,000,000","510,000,000","662,000,000","803,000,000","552,000,000","561,000,000","585,000,000","776,000,000","529,000,000","598,000,000","491,000,000","538,000,000","337,000,000","297,000,000","413,000,000","631,000,000","253,000,000","300,000,000","342,000,000","654,000,000","175,000,000","285,000,000","416,000,000","707,000,000","231,000,000","370,000,000","354,000,000","722,000,000","237,000,000","343,000,000","452,000,000","877,000,000","349,000,000","367,000,000","533,000,000","1,012,000,000","339,000,000","472,000,000","484,000,000","1,233,000,000","408,000,000","380,174,000","350,229,000","762,290,000","204,956,000","327,960,000","216,007,000","483,180,000","141,078,000","137,789,000","128,309,000","498,325,000","141,458,000","172,270,000","141,544,000","397,292,000","187,091,000","119,019,000","105,262,000","268,445,000","91,189,000","102,251,000","96,069,000","253,302,000","103,977,000","111,825,000","105,646,000","253,644,000","101,322,000","74,120,000","89,366,000","178,794,000","89,170,000","57,280,000","90,267,000","179,090,000","77,894,000","63,409,000","82,702,000","131,521,000","48,832,000","34,811,000","36,034,000","77,078,000","11,218,000","4,275,000","10,723,000","11,878,000","5,712,000","1,509,000","6,321,000","7,131,000","6,743,000","1,554,000","2,093,000","15,800,000","1,500,000","1,800,000","2,400,000","5,000,000","3,700,000","3,100,000",,,"1,600,000","1,600,000"
GrossProfit,"6,486,000,000","1,505,000,000","1,543,000,000","1,741,000,000","1,697,000,000","1,595,000,000","1,485,000,000","1,463,000,000","1,283,000,000","1,329,000,000","840,000,000","963,000,000","1,262,000,000","1,549,000,000","999,000,000","1,131,000,000","1,303,000,000","1,240,000,000","1,066,000,000","1,070,000,000","1,141,000,000","1,238,000,000","1,039,000,000","972,000,000","964,000,000","814,000,000","653,000,000","747,000,000","865,000,000","944,000,000","500,000,000","670,000,000","769,000,000","864,000,000","516,000,000","765,000,000","908,000,000","1,061,000,000","610,000,000","705,000,000","818,000,000","685,000,000","517,000,000","803,000,000","997,000,000","551,000,000","396,000,000","600,000,000","775,000,000","545,000,000","364,000,000","566,000,000","497,000,000","406,000,000","303,000,000","274,029,000","252,222,000","720,194,000","112,790,000","167,495,000","96,505,000","341,079,000","47,094,000","50,280,000","59,816,000","317,917,000","81,082,000","68,823,000","62,317,000","282,802,000","123,535,000","92,257,000","57,635,000","240,066,000","26,334,000","56,474,000","28,932,000","125,383,000","65,195,000","79,433,000","59,265,000","117,697,000","38,282,000","36,457,000","37,424,000","85,679,000","55,193,000","27,278,000","13,571,000","89,772,000","37,469,000","20,733,000","42,184,000","62,016,000","17,350,000","17,069,000","22,222,000","45,063,000","20,697,000","3,808,000","18,203,000","19,483,000","13,463,000","5,512,000","15,327,000","10,447,000","12,105,000","1,765,000","4,476,000","10,400,000","3,100,000","1,400,000","1,900,000","4,400,000","4,200,000","1,900,000",,,"2,600,000","2,900,000"
OperatingExpense,"3,150,000,000","793,000,000","716,000,000","769,000,000","872,000,000","945,000,000","698,000,000","708,000,000","648,000,000","847,000,000","569,000,000","605,000,000","635,000,000","855,000,000","734,000,000","697,000,000","708,000,000","1,019,000,000","809,000,000","731,000,000","648,000,000","813,000,000","745,000,000","740,000,000","503,000,000","565,000,000","457,000,000","415,000,000","323,000,000","506,000,000","492,000,000","360,000,000","342,000,000","579,000,000","446,000,000","335,000,000","321,000,000","577,000,000","383,000,000","478,000,000","305,000,000","660,000,000","352,000,000","333,000,000","304,000,000","621,000,000","341,000,000","300,000,000","264,000,000","574,000,000","356,000,000","333,000,000","303,000,000","521,000,000","436,000,000","193,894,000","197,689,000","315,660,000","122,335,000","137,403,000","125,619,000","167,959,000","84,504,000","83,066,000","85,931,000","233,850,000","107,629,000","82,271,000","65,216,000","145,723,000","88,877,000","76,524,000","52,992,000","128,105,000","43,267,000","51,328,000","43,376,000","58,622,000","53,861,000","48,237,000","42,403,000","55,896,000","35,138,000","37,692,000","35,409,000","50,925,000","45,657,000","33,776,000","79,712,000","51,531,000","33,794,000","26,491,000","32,388,000","35,688,000","19,708,000","22,690,000","21,702,000","28,435,000","17,382,000","12,131,000","12,149,000","13,273,000","11,694,000","9,738,000","10,720,000","8,874,000","9,739,000","7,779,000","5,233,000","9,500,000","4,100,000","3,700,000","4,100,000","3,900,000","3,700,000","2,900,000",,,"3,300,000","2,800,000"
	SellingGeneralAndAdministration,"1,813,000,000","472,000,000","387,000,000","434,000,000","519,000,000","597,000,000","424,000,000","417,000,000","410,000,000","551,000,000","359,000,000","361,000,000","386,000,000","530,000,000","471,000,000","442,000,000","449,000,000","700,000,000","536,000,000","479,000,000","423,000,000","528,000,000","496,000,000","491,000,000","328,000,000","372,000,000","298,000,000","266,000,000","178,000,000","322,000,000","361,000,000","248,000,000","199,000,000","382,000,000","306,000,000","212,000,000","196,000,000","380,000,000","252,000,000","326,000,000","181,000,000","404,000,000","219,000,000","217,000,000","162,000,000","345,000,000","223,000,000","196,000,000","121,000,000","309,000,000","234,000,000","210,000,000","186,000,000","343,000,000","236,000,000","143,854,000","118,637,000","191,159,000","89,250,000","104,506,000","80,941,000","130,797,000","58,896,000","57,644,000","53,162,000","180,711,000","79,557,000","64,469,000","44,727,000","120,655,000","68,996,000","55,419,000","34,961,000","72,751,000","27,373,000","37,748,000","25,173,000","44,864,000","40,602,000","36,486,000","30,502,000","45,048,000","26,118,000","28,501,000","22,822,000","39,146,000","34,550,000","25,974,000","31,597,000","43,925,000","26,613,000","21,841,000","24,483,000","31,305,000","15,378,000","16,601,000","14,869,000","19,986,000","9,527,000","6,022,000","7,511,000","8,245,000","6,766,000","4,870,000","5,612,000","4,390,000","5,353,000","2,879,000","3,376,000","6,500,000","2,000,000","2,000,000","-1,000,000","3,600,000","3,300,000","2,500,000",,,"2,900,000","2,400,000"
		GeneralAndAdministrativeExpense,"788,000,000","174,000,000","143,000,000","189,000,000","282,000,000","255,000,000","186,000,000","175,000,000","167,000,000","205,000,000","177,000,000","170,000,000","179,000,000","209,000,000","208,000,000","216,000,000","198,000,000","221,000,000","191,000,000","171,000,000","177,000,000","148,000,000","156,000,000","169,000,000","160,000,000","83,000,000","109,000,000","102,000,000","86,000,000","75,000,000","140,000,000","107,000,000","95,000,000","143,000,000","162,000,000","96,000,000","89,000,000","148,000,000","121,000,000","190,000,000","102,000,000","123,000,000","104,000,000","127,000,000","98,000,000","119,000,000","113,000,000","70,000,000","65,000,000","94,000,000","106,000,000","92,000,000","103,000,000",,,,,,,,,,,,,,,,,,,,,,,,,,,,,,,,,,,,,,,,,,,,,,,,,,,,,,,,,,,,,,,,,,,
			OtherGandA,"788,000,000","174,000,000","143,000,000","189,000,000","282,000,000","255,000,000","186,000,000","175,000,000","167,000,000","205,000,000","177,000,000","170,000,000","179,000,000","209,000,000","208,000,000","216,000,000","198,000,000","221,000,000","191,000,000","171,000,000","177,000,000","148,000,000","156,000,000","169,000,000","160,000,000","83,000,000","109,000,000","102,000,000","86,000,000","75,000,000","140,000,000","107,000,000","95,000,000","143,000,000","162,000,000","96,000,000","89,000,000","148,000,000","121,000,000","190,000,000","102,000,000","123,000,000","104,000,000","127,000,000","98,000,000","119,000,000","113,000,000","70,000,000","65,000,000","94,000,000","106,000,000","92,000,000","103,000,000",,,,,,,,,,,,,,,,,,,,,,,,,,,,,,,,,,,,,,,,,,,,,,,,,,,,,,,,,,,,,,,,,,,
		SellingAndMarketingExpense,"1,025,000,000","298,000,000","244,000,000","245,000,000","237,000,000","342,000,000","238,000,000","242,000,000","243,000,000","346,000,000","182,000,000","191,000,000","207,000,000","321,000,000","263,000,000","226,000,000","251,000,000","479,000,000","345,000,000","308,000,000","246,000,000","380,000,000","340,000,000","322,000,000","168,000,000","289,000,000","189,000,000","164,000,000","92,000,000","247,000,000","221,000,000","141,000,000","104,000,000","239,000,000","144,000,000","116,000,000","107,000,000","232,000,000","131,000,000","136,000,000","79,000,000","281,000,000","115,000,000","90,000,000","64,000,000","226,000,000","110,000,000","126,000,000","56,000,000","215,000,000","128,000,000","118,000,000","83,000,000",,,,,,,,,,,,,,,,,,,,,,,,,,,,,,,,,,,,,,,,,,,,,,,,,,,,,,,,,,,,,,,,,,,
	ResearchAndDevelopment,"1,337,000,000","321,000,000","329,000,000","335,000,000","353,000,000","348,000,000","274,000,000","291,000,000","238,000,000","296,000,000","210,000,000","244,000,000","249,000,000","325,000,000","263,000,000","255,000,000","259,000,000","319,000,000","273,000,000","252,000,000","225,000,000","285,000,000","249,000,000","249,000,000","175,000,000","193,000,000","159,000,000","149,000,000","145,000,000","184,000,000","131,000,000","112,000,000","143,000,000","197,000,000","140,000,000","123,000,000","125,000,000","197,000,000","131,000,000","152,000,000","124,000,000","256,000,000","133,000,000","116,000,000","142,000,000","276,000,000","118,000,000","104,000,000","143,000,000","265,000,000","122,000,000","123,000,000","117,000,000","178,000,000","200,000,000","50,040,000","79,052,000","124,501,000","33,085,000","32,897,000","44,678,000","37,162,000","25,608,000","25,422,000","32,769,000","53,139,000","28,072,000","17,802,000","20,489,000","25,068,000","19,881,000","21,105,000","18,031,000","50,354,000","15,894,000","13,580,000","18,203,000","13,758,000","13,259,000","11,751,000","11,901,000","10,848,000","9,020,000","9,191,000","11,085,000","11,779,000","11,107,000","7,424,000","9,699,000","6,235,000","5,819,000","4,181,000","7,810,000","3,985,000","3,934,000","5,693,000","6,430,000","8,045,000","7,550,000","5,803,000","4,334,000","4,707,000","4,607,000","4,547,000","4,698,000","4,163,000","4,065,000","4,579,000","1,974,000","2,200,000","1,800,000","1,400,000",,,,,,,,
	DepreciationAmortizationDepletionIncomeStatement,,,,,,,,,,,,,,,,,,,,,,,,,,,,,,,,,,,,,,,,,,,,"47,000,000",,,,,,,,,,,,,,,,,,,,,,,,,,,,,,,,,,,,,,,,,,,,"378,000","38,416,000","1,371,000","1,362,000","469,000","395,000","398,000","396,000","396,000","403,000","404,000","305,000","306,000","304,000","321,000","321,000","321,000","320,000","321,000","321,000","321,000","-117,000","800,000","300,000","300,000","700,000","300,000","400,000","400,000",,,"400,000","400,000"
		DepreciationAndAmortizationInIncomeStatement,,,,,,,,,,,,,,,,,,,,,,,,,,,,,,,,,,,,,,,,,,,,"0",,,,,,,,,,,,,,,,,,,,,,,,,,,,,,,,,,,,,,,,,,,,"378,000","38,416,000","1,371,000","1,362,000","469,000","395,000","398,000","396,000","396,000","403,000","404,000","305,000","306,000","304,000","321,000","321,000","321,000","320,000","321,000","321,000","321,000","-117,000","800,000","300,000","300,000","700,000","300,000","400,000","400,000",,,"400,000","400,000"
			Amortization,,,,,,,,,,,,,,,,,,,,,,,,,,,,,,,,,,,,,,,,,,,,,,,,,,,,,,,,,,,,,,,,,,,,,,,,,,,,,,,,,,,,,,,,"378,000","38,416,000","1,371,000","1,362,000","469,000","395,000","398,000","396,000","396,000","403,000","404,000","305,000","306,000","304,000","321,000","321,000","321,000","320,000","321,000","321,000","321,000",,,,,,,,,,,,
				AmortizationOfIntangiblesIncomeStatement,,,,,,,,,,,,,,,,,,,,,,,,,,,,,,,,,,,,,,,,,,,,,,,,,,,,,,,,,,,,,,,,,,,,,,,,,,,,,,,,,,,,,,,,"378,000","38,416,000","1,371,000","1,362,000","469,000","395,000","398,000","396,000","396,000","403,000","404,000","305,000","306,000","304,000","321,000","321,000","321,000","320,000","321,000","321,000","321,000",,,,,,,,,,,,
		DepletionIncomeStatement,,,,,,,,,,,,,,,,,,,,,,,,,,,,,,,,,,,,,,,,,,,,"47,000,000",,,,,,,,,,,,,,,,,,,,,,,,,,,,,,,,,,,,,,,,,,,,,,,,,,,,,,,,,,,,,,,,,,,,,,,,,,,,
	OtherOperatingExpenses,,,,,,,,,,,,,,,,,,,,,,,,,,,,,,,,,,,,,,,,,,,,,,,,,,,,,,,,,,,,,,,,,,,,,,,,,,"5,000,000",,,,,,,,,,,,,,,,,,,,,,,,,,,,,,,,,,,,,,,,,,,,,,
OperatingIncome,"3,336,000,000","712,000,000","827,000,000","972,000,000","825,000,000","650,000,000","787,000,000","755,000,000","635,000,000","482,000,000","271,000,000","358,000,000","627,000,000","694,000,000","265,000,000","434,000,000","595,000,000","221,000,000","257,000,000","339,000,000","493,000,000","425,000,000","294,000,000","232,000,000","461,000,000","249,000,000","196,000,000","332,000,000","542,000,000","438,000,000","8,000,000","310,000,000","427,000,000","285,000,000","70,000,000","430,000,000","587,000,000","484,000,000","227,000,000","227,000,000","513,000,000","25,000,000","165,000,000","470,000,000","693,000,000","-70,000,000","55,000,000","300,000,000","511,000,000","-29,000,000","8,000,000","233,000,000","194,000,000","-115,000,000","-133,000,000","80,135,000","54,533,000","404,534,000","-9,545,000","30,092,000","-29,114,000","173,120,000","-37,410,000","-32,786,000","-26,115,000","84,067,000","-26,547,000","-13,448,000","-2,899,000","137,079,000","34,658,000","15,733,000","4,643,000","111,961,000","-16,933,000","5,146,000","-14,444,000","66,761,000","11,334,000","31,196,000","16,862,000","61,801,000","3,144,000","-1,235,000","2,015,000","34,754,000","9,536,000","-6,498,000","-66,141,000","38,241,000","3,675,000","-5,758,000","9,796,000","26,328,000","-2,358,000","-5,621,000","520,000","16,628,000","3,315,000","-8,323,000","6,054,000","6,210,000","1,769,000","-4,226,000","4,607,000","1,573,000","2,366,000","-6,014,000","-757,000","900,000","-1,000,000","-2,300,000","-2,200,000","500,000","500,000","-1,000,000","-15,600,000","5,500,000","-700,000","100,000"
NetNonOperatingInterestIncomeExpense,"-103,000,000","-26,000,000","-26,000,000","-26,000,000","-27,000,000","-26,000,000","-26,000,000","-21,000,000","-7,000,000","-4,000,000","-3,000,000","-4,000,000","-3,000,000","-4,000,000","-13,000,000","-26,000,000","-28,000,000","-25,000,000","-37,000,000","-46,000,000","-40,000,000","-33,000,000","-63,000,000","-65,000,000","-52,000,000","-47,000,000","-51,000,000","-50,000,000","-50,000,000","-52,000,000","-51,000,000","-50,000,000","-51,000,000","-52,000,000","-4,000,000",,,,,,,,,,,,,,,"-2,000,000","3,000,000",,,,,,,,,,,,,,,,,,,,,,,,,,,,,,,,,,,,,,,,,,,,,,,,,,,,,,,,,,,,,,,,,,,,,
	InterestIncomeNonOperating,"5,000,000","1,000,000","1,000,000","1,000,000","1,000,000","1,000,000","1,000,000","2,000,000","16,000,000","18,000,000","20,000,000","19,000,000",,,,,,,,,,,,,,,,,,,,,,,,,,,,,,,,,,,,,,"-1,000,000","4,000,000",,,,,,,,,,,,,,,,,,,,,,,,,,,,,,,,,,,,,,,,,,,,,,,,,,,,,,,,,,,,,,,,,,,,,
	InterestExpenseNonOperating,"108,000,000","27,000,000","27,000,000","27,000,000","28,000,000","27,000,000","27,000,000","23,000,000","23,000,000","22,000,000","23,000,000","23,000,000",,,,,,,,,,,,,,,,,,,,,,,,,,,,,,,,,,,,,,"1,000,000","1,000,000",,,,,,,,,,,,,,,,,,,,,,,,,,,,,,,,,,,,,,,,,,,,,,,,,,,,,,,,,,,,,,,,,,,,,
	TotalOtherFinanceCost,"95,000,000","45,000,000",,,,"31,000,000",,,,"7,000,000",,,"3,000,000","4,000,000","13,000,000","26,000,000","28,000,000","25,000,000","37,000,000","46,000,000","40,000,000","33,000,000","63,000,000","65,000,000","52,000,000","47,000,000","51,000,000","50,000,000","50,000,000","50,000,000","51,000,000","50,000,000","51,000,000","51,000,000","4,000,000",,,,,,,,,,,,,,,,,,,,,,,,,,,,,,,,,,,,,,,,,,,,,,,,,,,,,,,,,,,,,,,,,,,,,,,,,,,,,,,,,,,,,
OtherIncomeExpense,"-69,000,000","-48,000,000","-42,000,000","56,000,000","-33,000,000","-61,000,000","-39,000,000","-7,000,000","-24,000,000","-31,000,000","-19,000,000","16,000,000","-57,000,000","0","-40,000,000",,,,,,,"-82,000,000",,,,,,,,,,,,,,,"2,000,000","-2,000,000","1,000,000","2,000,000","1,000,000","-15,000,000",,"-1,000,000","-17,000,000","-321,000,000","14,000,000","1,000,000",,"-411,000,000","9,000,000","-15,000,000","-5,000,000","-25,000,000","-54,000,000",,"1,101,000","2,000",,,"-2,000","1,823,000",,"2,000","2,000","2,948,000","4,000","1,343,000","0",,"471,000",,"4,000","1,000","20,000","-4,000","159,000","132,000","-58,000",,,,,,,,,,,,"-150,000",,"0",,"-425,000","-514,000","0","-1,474,000","100,000",,,,,,,,,,,"400,000","400,000","300,000",,,,,,,"-100,000",
	GainOnSaleOfSecurity,"28,000,000","-7,000,000","-36,000,000","72,000,000",,"0","3,000,000",,,"0",,"38,000,000",,,,,,,,,,,,,,,,,,,,,,,,,"2,000,000","-2,000,000","1,000,000","2,000,000","1,000,000","-14,000,000","3,000,000","2,000,000","2,000,000",,"14,000,000",,,,,,,,,,,,,,,,,,,,,,,,,,,,,,,,,,,,,,,,,,,,,,,,,,,,,,,,,,,,,,,,,,,,,,,,,
	EarningsFromEquityInterest,,,,"72,000,000",,,,,,,,,,,,,,,,,,,,,,,,,,,,,,,,,,,,,,,,,,,,,,,,,,,,,,,,,,,,,,,,,,,,,,,,,,,,,,,,,,,,,,,,,,,,,,,,,,,,,,,,,,,,,,,,,,,,
	SpecialIncomeCharges,"-77,000,000","-31,000,000","-3,000,000","-13,000,000","-30,000,000","-55,000,000","-40,000,000","-6,000,000","-23,000,000","-28,000,000","-24,000,000","-22,000,000","-57,000,000","0","-40,000,000",,,"0",,,,"-82,000,000",,,,,,,,,,,,,,,,"0","0","0","0","-1,000,000","-3,000,000","-3,000,000","-19,000,000","-341,000,000","0","1,000,000","0","-411,000,000","9,000,000","-15,000,000","-5,000,000","-25,000,000","-54,000,000",,"1,101,000","2,000",,,"-2,000","1,823,000",,"2,000","2,000","2,948,000","4,000","1,343,000","0",,"471,000",,"4,000","1,000","20,000","-4,000","159,000","132,000","-58,000",,,,,,,,,,,,"-150,000",,"0",,"-425,000","-514,000","0","-1,474,000","100,000",,,,,,,,,,,"400,000","400,000","300,000",,,,,,,"-100,000",
		RestructuringAndMergernAcquisition,"77,000,000","31,000,000","3,000,000","13,000,000","30,000,000","55,000,000","9,000,000","6,000,000","23,000,000","28,000,000","24,000,000","22,000,000","57,000,000",,,,,,,,,,,,,,,,,,,,,,,,,"0","0","0","0","1,000,000","3,000,000","3,000,000","19,000,000","0","0","0","0","-6,000,000","-1,000,000","15,000,000","15,000,000","32,000,000","61,000,000",,,,,,,,,,,,,,,,,,,,,,,,,,,,,,,,,,,,"150,000",,"0",,"425,000","175,000","0","1,474,000",,,,,,,,,,,,,,,,,,,,,,
		ImpairmentOfCapitalAssets,,,,,,,,,,,,,,,,,,,,,,,,,,,,,,,,,,,,,,,,,,"0",,,,,,,,,,,,,,,,,,,,,,,,,,,,,,,,,,,,,,,,,,,,,,,,,,,,,,,,,,,,,,,,,,,,,,,,,,,,,,
		OtherSpecialCharges,,,,,,"0","31,000,000",,,,,,,"0","40,000,000",,,,,,,"82,000,000",,,,,,,,,,,,,,,,,,,,"5,000,000","-3,000,000","-2,000,000",,,"-14,000,000","-1,000,000",,,"-8,000,000",,"-10,000,000","-7,000,000","-7,000,000",,,,,,,,,,,,,,,,,,,,,,,,,,,,,,,,,,,,,,,,,"339,000",,,,,,,,,,,,,,,,,,,,,,,,
	OtherNonOperatingIncomeExpenses,"-20,000,000","-10,000,000","-3,000,000","-3,000,000","-3,000,000","-6,000,000","-2,000,000","-1,000,000","-1,000,000","-3,000,000","5,000,000",,,,,,,,,,,,,,,,,,,,,,,,,,,,,,,,,,,,,,,,,,,,,,,,,,,,,,,,,,,,,,,,,,,,,,,,,,,,,,,,,,,,,,,,,,,,,,,,,,,,,,,,,,,,,
PretaxIncome,"3,164,000,000","638,000,000","759,000,000","1,002,000,000","765,000,000","563,000,000","722,000,000","727,000,000","604,000,000","447,000,000","249,000,000","370,000,000","567,000,000","690,000,000","212,000,000","408,000,000","567,000,000","184,000,000","220,000,000","293,000,000","453,000,000","300,000,000","231,000,000","167,000,000","409,000,000","202,000,000","145,000,000","282,000,000","492,000,000","388,000,000","-43,000,000","260,000,000","376,000,000","233,000,000","66,000,000","430,000,000","589,000,000","487,000,000","228,000,000","229,000,000","514,000,000","20,000,000","165,000,000","469,000,000","676,000,000","-388,000,000","69,000,000","301,000,000","511,000,000","-435,000,000","20,000,000","218,000,000","189,000,000","-129,000,000","-170,000,000","91,083,000","70,075,000","416,552,000","2,587,000","41,654,000","-18,467,000","182,844,000","-29,378,000","-24,511,000","-18,325,000","93,229,000","-20,217,000","-6,100,000","2,239,000","140,276,000","37,303,000","17,845,000","6,693,000","118,425,000","-15,529,000","6,403,000","-12,438,000","69,294,000","14,199,000","32,352,000","17,485,000","62,072,000","3,516,000","46,000","1,383,000","32,529,000","6,853,000","-8,221,000","-60,158,000","35,406,000","1,687,000","-6,918,000","8,483,000","25,474,000","-3,607,000","-6,135,000","203,000","14,922,000","3,396,000","-8,191,000","6,250,000","6,382,000","2,013,000","-3,914,000","4,971,000","1,982,000","2,775,000","-5,489,000","-265,000",,,,"-2,000,000","500,000",,,,,,
TaxProvision,"465,000,000","74,000,000","120,000,000","126,000,000","146,000,000","54,000,000","118,000,000","147,000,000","99,000,000","-78,000,000","45,000,000","42,000,000","120,000,000","39,000,000","-48,000,000","6,000,000","67,000,000","769,000,000","32,000,000","50,000,000","27,000,000","47,000,000","32,000,000","40,000,000","73,000,000","43,000,000","18,000,000","70,000,000","98,000,000","27,000,000","-20,000,000","56,000,000","83,000,000","60,000,000","10,000,000","106,000,000","133,000,000","133,000,000","2,000,000","44,000,000","130,000,000","-79,000,000","17,000,000","134,000,000","173,000,000","-155,000,000","18,000,000","82,000,000","130,000,000","-149,000,000","5,000,000","23,000,000","0","-58,000,000","-62,000,000","32,068,000","25,912,000","144,356,000","1,889,000","13,828,000","-4,045,000","40,024,000","-5,076,000","-6,685,000","-9,106,000","25,284,000","-6,975,000","-2,515,000","-1,334,000","43,014,000","11,760,000","5,888,000","29,000","41,444,000","-5,436,000","2,240,000","-4,481,000","24,947,000","5,113,000","11,648,000","6,601,000","22,962,000","1,301,000","17,000","508,000","12,024,000","2,547,000","-3,042,000","-15,691,000","13,105,000","624,000","-2,560,000","3,213,000","9,452,000","-1,373,000","-2,331,000","77,000","5,644,000","1,290,000","-3,103,000","1,968,000","2,262,000","677,000","-1,283,000","-1,374,000","34,000","10,000","39,000","55,000",,,,"0","100,000",,,,,,
NetIncomeCommonStockholders,"2,699,000,000","564,000,000","639,000,000","876,000,000","619,000,000","509,000,000","604,000,000","580,000,000","505,000,000","525,000,000","204,000,000","328,000,000","447,000,000","651,000,000","260,000,000","402,000,000","500,000,000","-585,000,000","188,000,000","243,000,000","426,000,000","253,000,000","198,000,000","126,000,000","333,000,000","158,000,000","125,000,000","210,000,000","387,000,000","355,000,000","-23,000,000","200,000,000","285,000,000","168,000,000","55,000,000","318,000,000","446,000,000","330,000,000","226,000,000","185,000,000","384,000,000","99,000,000","148,000,000","335,000,000","503,000,000","-233,000,000","51,000,000","219,000,000","381,000,000","-286,000,000","15,000,000","195,000,000","189,000,000","-71,000,000","-108,000,000","59,015,000","44,163,000","272,196,000","698,000","27,826,000","-14,422,000","142,820,000","-24,302,000","-17,826,000","-9,219,000","67,945,000","-13,242,000","-3,585,000","3,573,000","97,262,000","25,543,000","11,957,000","6,664,000","76,981,000","-10,093,000","4,163,000","-7,957,000","44,347,000","9,086,000","20,704,000","10,884,000","39,110,000","2,215,000","29,000","875,000","20,505,000","4,306,000","-5,179,000","-52,878,000","22,301,000","1,063,000","-4,358,000","5,270,000","16,022,000","-2,234,000","-3,804,000","126,000","9,278,000","2,106,000","-5,088,000","4,282,000","4,120,000","1,336,000","-2,631,000","6,345,000","1,948,000","2,765,000","-5,528,000","-320,000","1,300,000","-600,000","-1,900,000","-2,300,000","-600,000","500,000","-900,000","-500,000","-500,000","-700,000",
	NetIncome,"2,699,000,000","564,000,000","639,000,000","876,000,000","619,000,000","509,000,000","604,000,000","580,000,000","505,000,000","525,000,000","204,000,000","328,000,000","447,000,000","651,000,000","260,000,000","402,000,000","500,000,000","-585,000,000","188,000,000","243,000,000","426,000,000","253,000,000","199,000,000","127,000,000","336,000,000","159,000,000","127,000,000","212,000,000","394,000,000","361,000,000","-23,000,000","204,000,000","293,000,000","173,000,000","56,000,000","324,000,000","456,000,000","354,000,000","226,000,000","185,000,000","384,000,000","99,000,000","148,000,000","335,000,000","503,000,000","-233,000,000","51,000,000","219,000,000","381,000,000","-286,000,000","15,000,000","195,000,000","189,000,000","-71,000,000","-108,000,000","59,015,000","44,163,000","272,196,000","698,000","27,826,000","-14,422,000","142,820,000","-24,302,000","-17,826,000","-9,219,000","67,945,000","-13,242,000","-3,585,000","3,573,000","97,262,000","25,543,000","11,957,000","6,664,000","76,981,000","-10,093,000","4,163,000","-7,957,000","44,347,000","9,086,000","20,704,000","10,884,000","39,110,000","2,215,000","29,000","875,000","20,505,000","4,306,000","-5,179,000","-52,878,000","22,301,000","1,063,000","-4,358,000","5,270,000","16,022,000","-2,234,000","-3,804,000","126,000","9,278,000","2,106,000","-5,088,000","4,282,000","4,120,000","1,336,000","-2,631,000","6,345,000","1,948,000","2,765,000","-5,528,000","-320,000","1,300,000","-600,000","-1,900,000","-2,000,000","400,000","500,000","-900,000","-500,000","-500,000","-700,000",
		NetIncomeIncludingNoncontrollingInterests,"2,699,000,000","564,000,000","639,000,000","876,000,000","619,000,000","509,000,000","604,000,000","580,000,000","505,000,000","525,000,000","204,000,000","328,000,000","447,000,000","651,000,000","260,000,000","402,000,000","500,000,000","-585,000,000","188,000,000","243,000,000","426,000,000","253,000,000","199,000,000","127,000,000","336,000,000","159,000,000","127,000,000","212,000,000","394,000,000","361,000,000","-23,000,000","204,000,000","293,000,000","173,000,000","56,000,000","324,000,000","456,000,000","354,000,000","226,000,000","185,000,000","384,000,000","99,000,000","148,000,000","335,000,000","503,000,000","-233,000,000","51,000,000","219,000,000","381,000,000","-286,000,000","15,000,000","195,000,000","189,000,000","-71,000,000","-108,000,000","59,015,000","44,163,000","272,196,000","698,000","27,826,000","-14,422,000","142,820,000","-24,302,000","-17,826,000","-9,219,000","67,945,000","-13,242,000","-3,585,000","3,573,000","97,262,000","25,543,000","11,957,000","6,664,000","76,981,000","-10,093,000","4,163,000","-7,957,000","44,347,000","9,086,000","20,704,000","10,884,000","39,110,000","2,215,000","29,000","875,000","20,505,000","4,306,000","-5,179,000","-52,878,000","22,301,000","1,063,000","-4,358,000","5,270,000","16,022,000","-2,234,000","-3,804,000","126,000","9,278,000","2,106,000","-5,088,000","4,282,000","4,120,000","1,336,000","-2,631,000","6,345,000","1,948,000","2,765,000","-5,528,000","-320,000","1,300,000","-600,000","-1,900,000","-2,000,000","400,000","500,000","-900,000","-500,000","-500,000","-700,000",
			NetIncomeContinuousOperations,"2,699,000,000","564,000,000","639,000,000","876,000,000","619,000,000","509,000,000","604,000,000","580,000,000","505,000,000","525,000,000","204,000,000","328,000,000","447,000,000","651,000,000","260,000,000","402,000,000","500,000,000","-585,000,000","188,000,000","243,000,000","426,000,000","253,000,000","199,000,000","127,000,000","336,000,000","159,000,000","127,000,000","212,000,000","394,000,000","361,000,000","-23,000,000","204,000,000","293,000,000","173,000,000","56,000,000","324,000,000","456,000,000","354,000,000","226,000,000","185,000,000","384,000,000","99,000,000","148,000,000","335,000,000","503,000,000","-233,000,000","51,000,000","219,000,000","381,000,000","-286,000,000","15,000,000","195,000,000","189,000,000","-71,000,000","-108,000,000","59,015,000","44,163,000","272,196,000","698,000","27,826,000","-14,422,000","142,820,000","-24,302,000","-17,826,000","-9,219,000","67,945,000","-13,242,000","-3,585,000","3,573,000","97,262,000","25,543,000","11,957,000","6,664,000","76,981,000","-10,093,000","4,163,000","-7,957,000","44,347,000","9,086,000","20,704,000","10,884,000","39,110,000","2,215,000","29,000","875,000","20,505,000","4,306,000","-5,179,000","-52,878,000","22,301,000","1,063,000","-4,358,000","5,270,000","16,022,000","-2,234,000","-3,804,000","126,000","9,278,000","2,106,000","-5,088,000","4,282,000","4,120,000","1,336,000","-2,631,000","6,345,000","1,948,000","2,765,000","-5,528,000","-320,000","1,300,000","-600,000","-1,900,000","-2,000,000","400,000","500,000","-900,000","-100,000","-100,000","-700,000",
			NetIncomeDiscontinuousOperations,,,,,,,,,,,,,,,,,,,,,,,,,,,,,,,,,,,,,,,,,,,,,,,,,,,,,,,,,,,,,,,,,,,,,,,,,,,,,,,,,,,,,,,,,,,,,,,,,,,,,,,,,,,,,,,,,,,,,"-100,000","-100,000",,
			NetIncomeFromTaxLossCarryforward,,,,,,,,,,,,,,,,,,,,,,,,,,,,,,,,,,,,,,,,,,,,,,,,,,,,,,,,,,,,,,,,,,,,,,,,,,,,,,,,,,,,,,,,,,,,,,,,,,,,,,,,,,,,,,,,,,,,,"-300,000","-300,000",,
	PreferredStockDividends,,,,,,,,,,,,,,,,,,,,,,,,,,,,,,,,,,,,,,,,,,,,,,,,,,,,,,,,,,,,,,,,,,,,,,,,,,,,,,,,,,,,,,,,,,,,,,,,,,,,,,,,,,,,,,,,,"300,000","1,000,000",,,,,,
	OtherunderPreferredStockDividend,,,,,,,,,,,,,,,,,,"0","0","0","0","0","1,000,000","1,000,000","3,000,000","1,000,000","2,000,000","2,000,000","7,000,000","6,000,000","0","4,000,000","8,000,000","5,000,000","1,000,000","6,000,000","10,000,000",,,,,,,,,,,,,,,,,,,,,,,,,,,,,,,,,,,,,,,,,,,,,,,,,,,,,,,,,,,,,,,,,,,,,,,,,,,,,,,,,,,
DilutedNIAvailtoComStockholders,"2,699,000,000","564,000,000","639,000,000","876,000,000","619,000,000","509,000,000","604,000,000","580,000,000","505,000,000","525,000,000","204,000,000","328,000,000","447,000,000","651,000,000","260,000,000","402,000,000","500,000,000","-585,000,000","188,000,000","243,000,000","426,000,000","253,000,000","198,000,000","126,000,000","333,000,000","158,000,000","125,000,000","210,000,000","387,000,000","355,000,000","-23,000,000","200,000,000","285,000,000","168,000,000","55,000,000","318,000,000","446,000,000","330,000,000","226,000,000","185,000,000","384,000,000","99,000,000","148,000,000","335,000,000","503,000,000","-233,000,000","51,000,000","219,000,000","381,000,000","-286,000,000","15,000,000","195,000,000","189,000,000","-71,000,000","-108,000,000","59,015,000","44,163,000","272,196,000","698,000","27,826,000","-14,422,000","142,820,000","-24,302,000","-17,826,000","-9,219,000","67,945,000","-13,242,000","-3,585,000","3,573,000","97,262,000","25,543,000","11,957,000","6,664,000","76,981,000","-10,093,000","4,163,000","-7,957,000","44,347,000","9,086,000","20,704,000","10,884,000","39,110,000","2,215,000","29,000","875,000","20,505,000","4,306,000","-5,179,000","-52,878,000","22,301,000","1,063,000","-4,358,000","5,270,000","16,022,000","-2,234,000","-3,804,000","126,000","9,278,000","2,106,000","-5,088,000","4,282,000","4,120,000","1,336,000","-2,631,000","6,345,000","1,948,000","2,765,000","-5,528,000","-320,000","1,300,000","-600,000","-1,900,000","-2,300,000","-600,000","500,000","-900,000","-500,000","-500,000","-700,000",
BasicEPS,,"0.72","0.82","1.13","0.8","0.66","0.78","0.75","0.66","0.68","0.27","0.43","0.58","0.85","0.34","0.53","0.66","-0.77","0.25","0.32","0.57","0.34","0.27","0.17","0.45","0.22","0.17","0.29","0.54","0.49","-0.03","0.28","0.4","0.23","0.05","0.28","0.4","0.31","0.2","0.16","0.34","0.09","0.13","0.29","0.42",,"0.04","0.18","0.3",,"0.01","0.15","0.14",,"-0.08","0.1",,"0.465","0","0.05",,"0.255","-0.045","-0.03",,"0.125","-0.019","-0.008",,"0.197","0.051","0.025",,"0.163","-0.021","0.009",,"0.083","0.018","0.043",,"0.094","0.006","0",,"0.07","0.015","-0.018",,"0.074","0.001","-0.003",,"0.01","-0.001","-0.003",,"0.007","0.002","-0.005",,"0.004","0.001","-0.003",,"0.002","0.003","-0.005",,"0.001","-0.001","-0.002",,"-0.002","-0.001","-0.001",,"-0.002","-0.001",
DilutedEPS,,"0.72","0.82","1.12","0.79","0.65","0.78","0.75","0.65","0.68","0.26","0.43","0.58","0.84","0.34","0.52","0.65","-0.77","0.25","0.32","0.56","0.33","0.26","0.17","0.45","0.21","0.17","0.29","0.53","0.49","-0.03","0.28","0.4","0.22","0.05","0.28","0.4","0.31","0.2","0.16","0.33","0.08","0.13","0.29","0.42",,"0.04","0.17","0.3",,"0.01","0.15","0.14",,"-0.08","0.09",,"0.43","0","0.045",,"0.23","-0.045","-0.03",,"0.115","-0.019","-0.008",,"0.177","0.048","0.023",,"0.148","-0.021","0.008",,"0.079","0.016","0.039",,"0.083","0.005","0",,"0.058","0.014","-0.018",,"0.063","0.001","-0.003",,"0.009","-0.001","-0.003",,"0.007","0.002","-0.005",,"0.004","0.001","-0.003",,"0.002","0.003","-0.005",,"0.001","-0.001","-0.002",,"-0.002","-0.001","-0.001",,"-0.002","-0.001",
BasicAverageShares,,"779,000,000","778,000,000","777,000,000","775,000,000","773,000,000","772,000,000","771,000,000","769,000,000","768,000,000","767,000,000","766,000,000","764,000,000","763,000,000","763,000,000","761,000,000","759,000,000","757,000,000","755,000,000","754,000,000","749,000,000","744,000,000","742,000,000","739,000,000","735,000,000","733,000,000","730,000,000","727,000,000","723,000,000","720,000,000","718,000,000","716,000,000","709,000,000","745,000,000","1,122,000,000","1,118,000,000","1,113,000,000","1,111,000,000","1,109,000,000","1,109,000,000","1,120,000,000","1,139,000,000","1,140,000,000","1,141,000,000","1,173,000,000",,"1,212,000,000","1,232,000,000","1,248,000,000",,"1,271,000,000","1,289,000,000","1,308,000,000",,"1,271,000,000","592,646,000",,"582,352,000","574,630,000","567,126,000",,"565,024,000","561,254,000","556,670,000",,"549,930,000","725,659,191","538,269,209",,"497,112,921","492,437,599","489,806,619",,"473,378,996","470,173,823","469,555,188",,"534,421,277","534,221,287","480,287,984",,"418,851,056","398,872,055","361,265,936",,"293,301,334","286,005,699","296,241,187",,"300,884,955","1,761,429,989","1,643,234,111",,"709,606,694","1,579,413,142","1,438,824,812",,"1,335,781,032","1,158,607,107","1,022,382,178",,"1,052,734,301","1,046,069,306","992,924,131",,"1,093,347,650","1,082,942,586","1,034,033,944",,"975,644,472","975,644,472","975,644,472",,"269,578,762","808,766,570","808,766,570",,"239,614,202","718,895,927",
DilutedAverageShares,,"782,000,000","783,000,000","783,000,000","783,000,000","780,000,000","779,000,000","776,000,000","774,000,000","773,000,000","771,000,000","770,000,000","770,000,000","771,000,000","771,000,000","770,000,000","770,000,000","757,000,000","766,000,000","764,000,000","761,000,000","757,000,000","756,000,000","750,000,000","746,000,000","744,000,000","739,000,000","735,000,000","731,000,000","729,000,000","718,000,000","725,000,000","720,000,000","757,000,000","1,134,000,000","1,127,000,000","1,120,000,000","1,115,000,000","1,114,000,000","1,115,000,000","1,127,000,000","1,147,000,000","1,148,000,000","1,150,000,000","1,182,000,000",,"1,227,000,000","1,248,000,000","1,264,000,000",,"1,297,000,000","1,332,000,000","1,359,000,000",,"1,271,000,000","646,972,000",,"632,944,000","626,526,000","623,986,000",,"614,350,000","561,254,000","556,670,000",,"597,504,000","725,659,191","538,269,209",,"553,188,339","542,852,856","545,419,839",,"519,179,373","470,173,823","500,081,661",,"566,491,674","579,867,005","533,973,300",,"474,320,283","457,177,140","427,694,614",,"364,445,777","309,572,520","296,241,187",,"365,777,710","1,761,429,989","1,643,234,111",,"833,892,147","1,579,413,142","1,438,824,812",,"1,439,687,904","1,158,607,107","1,022,382,178",,"1,052,734,301","1,046,069,306","992,924,131",,"1,093,347,650","1,082,942,586","1,034,033,944",,"975,644,472","975,644,472","975,644,472",,"269,578,762","808,766,570","808,766,570",,"239,614,202","718,895,927",
TotalOperatingIncomeAsReported,"3,259,000,000","681,000,000","824,000,000","959,000,000","795,000,000","595,000,000","778,000,000","749,000,000","612,000,000","454,000,000","247,000,000","336,000,000","570,000,000","694,000,000","265,000,000","434,000,000","595,000,000","221,000,000","257,000,000","339,000,000","493,000,000","425,000,000","294,000,000","232,000,000","461,000,000","249,000,000","196,000,000","332,000,000","542,000,000","438,000,000","8,000,000","310,000,000","427,000,000","285,000,000","70,000,000","430,000,000","587,000,000","484,000,000","227,000,000","227,000,000","513,000,000","24,000,000","162,000,000","467,000,000","674,000,000","-396,000,000","55,000,000","300,000,000","511,000,000","-432,000,000","9,000,000","218,000,000","179,000,000","-147,000,000","-194,000,000","80,135,000","54,533,000","404,534,000","-9,545,000","30,092,000","-29,114,000","173,120,000","-37,410,000","-32,786,000","-26,115,000","84,067,000","-26,547,000","-13,448,000","-2,899,000","137,079,000","34,658,000","15,733,000","4,643,000","111,961,000","-16,933,000","5,146,000","-14,444,000","66,761,000","11,334,000","31,196,000","16,862,000","61,801,000","3,144,000","-1,235,000","2,015,000","34,754,000","9,536,000","-6,498,000","-65,991,000","38,241,000","3,525,000","-5,758,000","9,796,000","26,328,000","-2,783,000","-5,796,000","520,000","15,154,000","3,315,000","-8,353,000","6,054,000","6,210,000","1,769,000","-4,226,000","4,607,000","1,573,000","2,366,000","-6,014,000","-757,000","900,000","-1,000,000","-2,300,000","-2,200,000","500,000","500,000","-1,000,000",,,"-700,000","100,000"
TotalExpenses,"5,467,000,000","1,451,000,000","1,243,000,000","1,324,000,000","1,450,000,000","1,762,000,000","1,167,000,000","1,177,000,000","1,153,000,000","1,504,000,000","1,011,000,000","1,038,000,000","1,198,000,000","1,687,000,000","1,247,000,000","1,207,000,000","1,370,000,000","1,822,000,000","1,361,000,000","1,292,000,000","1,233,000,000","1,589,000,000","1,274,000,000","1,338,000,000","994,000,000","1,103,000,000","794,000,000","712,000,000","736,000,000","1,137,000,000","745,000,000","660,000,000","684,000,000","1,233,000,000","621,000,000","620,000,000","737,000,000","1,284,000,000","614,000,000","848,000,000","659,000,000","1,382,000,000","589,000,000","676,000,000","756,000,000","1,498,000,000","690,000,000","667,000,000","797,000,000","1,586,000,000","695,000,000","805,000,000","787,000,000","1,754,000,000","844,000,000","574,068,000","547,918,000","1,077,950,000","327,291,000","465,363,000","341,626,000","651,139,000","225,582,000","220,855,000","214,240,000","732,175,000","249,087,000","254,541,000","206,760,000","543,015,000","275,968,000","195,543,000","158,254,000","396,550,000","134,456,000","153,579,000","139,445,000","311,924,000","157,838,000","160,062,000","148,049,000","309,540,000","136,460,000","111,812,000","124,775,000","229,719,000","134,827,000","91,056,000","169,979,000","230,621,000","111,688,000","89,900,000","115,090,000","167,209,000","68,540,000","57,501,000","57,736,000","105,513,000","28,600,000","16,406,000","22,872,000","25,151,000","17,406,000","11,247,000","17,041,000","16,005,000","16,482,000","9,333,000","7,326,000","25,300,000","5,600,000","5,500,000","6,500,000","8,900,000","7,400,000","6,000,000",,,"4,900,000","4,400,000"
NetIncomeFromContinuingAndDiscontinuedOperation,"2,699,000,000","564,000,000","639,000,000","876,000,000","619,000,000","509,000,000","604,000,000","580,000,000","505,000,000","525,000,000","204,000,000","328,000,000","447,000,000","651,000,000","260,000,000","402,000,000","500,000,000","-585,000,000","188,000,000","243,000,000","426,000,000","253,000,000","199,000,000","127,000,000","336,000,000","159,000,000","127,000,000","212,000,000","394,000,000","361,000,000","-23,000,000","204,000,000","293,000,000","173,000,000","56,000,000","324,000,000","456,000,000","354,000,000","226,000,000","185,000,000","384,000,000","99,000,000","148,000,000","335,000,000","503,000,000","-233,000,000","51,000,000","219,000,000","381,000,000","-286,000,000","15,000,000","195,000,000","189,000,000","-71,000,000","-108,000,000","59,015,000","44,163,000","272,196,000","698,000","27,826,000","-14,422,000","142,820,000","-24,302,000","-17,826,000","-9,219,000","67,945,000","-13,242,000","-3,585,000","3,573,000","97,262,000","25,543,000","11,957,000","6,664,000","76,981,000","-10,093,000","4,163,000","-7,957,000","44,347,000","9,086,000","20,704,000","10,884,000","39,110,000","2,215,000","29,000","875,000","20,505,000","4,306,000","-5,179,000","-52,878,000","22,301,000","1,063,000","-4,358,000","5,270,000","16,022,000","-2,234,000","-3,804,000","126,000","9,278,000","2,106,000","-5,088,000","4,282,000","4,120,000","1,336,000","-2,631,000","6,345,000","1,948,000","2,765,000","-5,528,000","-320,000","1,300,000","-600,000","-1,900,000","-2,000,000","400,000","500,000","-900,000","-200,000","-200,000","-700,000",
NormalizedIncome,"2,740,650,000","597,592,476.489","671,760,000","824,670,000","643,300,000","558,724,689.165","635,080,000","584,800,000","524,320,000","545,440,000","223,680,000","313,760,000","492,030,000","651,000,000","289,200,000","402,000,000","500,000,000","-585,000,000","188,000,000","243,000,000","426,000,000","253,000,000","199,000,000","127,000,000","336,000,000","159,000,000","127,000,000","212,000,000","394,000,000","361,000,000","-23,000,000","204,000,000","293,000,000","173,000,000","56,000,000","324,000,000","454,452,000","355,453,798.768","225,008,771.93","183,384,279.476","383,252,918.288","108,750,000","148,000,000","335,714,285.714","515,649,408.284","-40,234,536.082","40,652,173.913","218,272,425.249","381,000,000","-15,779,310.345","8,250,000","208,417,431.193","194,000,000","-54,750,000","-73,694,117.647","59,015,000","43,469,122.54","272,194,693.1","698,000","27,826,000","-14,420,438.079","141,396,049.2","-24,302,000","-17,827,454.531","-9,220,200","65,796,506.935","-13,244,619.973","-4,390,800","3,573,000","97,262,000","25,220,485.645","11,957,000","6,660,017.332","76,980,349.96","-10,105,998.905","4,165,600.656","-8,058,717.559","44,262,522.21","9,123,114.445","20,704,000","10,884,000","39,110,000","2,215,000","29,000","875,000","20,505,000","4,306,000","-5,179,000","-52,878,000","22,301,000","1,157,516.894","-4,358,000","5,270,000","16,022,000","-1,970,775.714","-3,485,294.866","126,000","10,194,483.849","2,043,985.866","-5,088,000","4,282,000","4,120,000","1,336,000","-2,631,000","6,345,000","1,948,000","2,765,000","-5,528,000","-320,000","1,060,000","-840,000","-2,080,000","-2,000,000","400,000","500,000","-900,000","-100,000","-100,000","-640,000",
InterestIncome,"5,000,000","1,000,000","1,000,000","1,000,000","1,000,000","1,000,000","1,000,000","2,000,000","16,000,000","18,000,000","20,000,000","19,000,000",,,,,,,,,,,,,,,,,,,,,,,,,,,,,,,,,,,,,,"-1,000,000","4,000,000",,,,,,,,,,,,,,,,,,,,,,,,,,,,,,,,,,,,,,,,,,,,,,,,,,,,,,,,,,,,,,,,,,,,,
InterestExpense,"108,000,000","27,000,000","27,000,000","27,000,000","28,000,000","27,000,000","27,000,000","23,000,000","23,000,000","22,000,000","23,000,000","23,000,000",,,,,,,,,,,,,,,,,,,,,,,,,,,,,,,,,,,,,,"1,000,000","1,000,000",,,,,,,,,,,,,,,,,,,,,,,,,,,,,,,,,,,,,,,,,,,,,,,,,,,,,,,,,,,,,,,,,,,,,
NetInterestIncome,"-103,000,000","-26,000,000","-26,000,000","-26,000,000","-27,000,000","-26,000,000","-26,000,000","-21,000,000","-7,000,000","-4,000,000","-3,000,000","-4,000,000","-3,000,000","-4,000,000","-13,000,000","-26,000,000","-28,000,000","-25,000,000","-37,000,000","-46,000,000","-40,000,000","-33,000,000","-63,000,000","-65,000,000","-52,000,000","-47,000,000","-51,000,000","-50,000,000","-50,000,000","-52,000,000","-51,000,000","-50,000,000","-51,000,000","-52,000,000","-4,000,000",,,,,,,,,,,,,,,"-2,000,000","3,000,000",,,,,,,,,,,,,,,,,,,,,,,,,,,,,,,,,,,,,,,,,,,,,,,,,,,,,,,,,,,,,,,,,,,,,
EBIT,"3,272,000,000","665,000,000","786,000,000","1,029,000,000","793,000,000","590,000,000","749,000,000","750,000,000","627,000,000","469,000,000","272,000,000","393,000,000","627,000,000","694,000,000","265,000,000","434,000,000","595,000,000","221,000,000","257,000,000","339,000,000","493,000,000","425,000,000","294,000,000","232,000,000","461,000,000","249,000,000","196,000,000","332,000,000","542,000,000","444,000,000","8,000,000","310,000,000","427,000,000","290,000,000","70,000,000","430,000,000","587,000,000","492,000,000","227,000,000","227,000,000","513,000,000","7,000,000","165,000,000","470,000,000","693,000,000","-368,000,000","55,000,000","300,000,000","511,000,000","-434,000,000","21,000,000","233,000,000","194,000,000","-115,000,000","-133,000,000","80,135,000","54,533,000","404,534,000","-9,545,000","30,092,000","-29,114,000","173,120,000","-37,410,000","-32,786,000","-26,115,000","84,067,000","-26,547,000","-13,448,000","-2,899,000","137,079,000","34,658,000","15,733,000","4,643,000","111,961,000","-16,933,000","5,146,000","-14,444,000","66,761,000","11,334,000","31,196,000","16,862,000","61,801,000","3,144,000","-1,235,000","2,015,000","34,754,000","9,536,000","-6,498,000","-66,141,000","38,241,000","3,675,000","-5,758,000","9,796,000","26,328,000","-2,358,000","-5,621,000","520,000","16,628,000","3,315,000","-8,323,000","6,054,000","6,210,000","1,769,000","-4,226,000","4,607,000","1,573,000","2,366,000","-6,014,000","-757,000","900,000","-1,000,000","-2,300,000","-2,200,000","500,000","500,000","-1,000,000","-15,600,000","5,500,000","-700,000","100,000"
EBITDA,"3,712,000,000"
ReconciledCostOfRevenue,"2,317,000,000","658,000,000","527,000,000","555,000,000","578,000,000","817,000,000","469,000,000","469,000,000","505,000,000","657,000,000","442,000,000","433,000,000","563,000,000","832,000,000","513,000,000","510,000,000","662,000,000","803,000,000","552,000,000","561,000,000","585,000,000","776,000,000","529,000,000","598,000,000","491,000,000","538,000,000","337,000,000","297,000,000","413,000,000","631,000,000","253,000,000","300,000,000","342,000,000","654,000,000","175,000,000","285,000,000","416,000,000","707,000,000","231,000,000","370,000,000","354,000,000","722,000,000","237,000,000","343,000,000","452,000,000","877,000,000","349,000,000","367,000,000","533,000,000","1,012,000,000","339,000,000","472,000,000","484,000,000","1,233,000,000","408,000,000","380,174,000","350,229,000","762,290,000","204,956,000","327,960,000","216,007,000","483,180,000","141,078,000","137,789,000","128,309,000","498,325,000","141,458,000","172,270,000","141,544,000","397,292,000","187,091,000","119,019,000","105,262,000","268,445,000","91,189,000","102,251,000","96,069,000","253,302,000","103,977,000","111,825,000","105,646,000","253,644,000","101,322,000","74,120,000","89,366,000","178,794,000","89,170,000","43,632,000","60,049,000","146,221,000","67,367,000","54,061,000","54,392,000","129,860,000","47,797,000","33,859,000","35,096,000","75,411,000","10,621,000","3,683,000","10,723,000","11,878,000","5,712,000","1,509,000","6,321,000","7,131,000","6,743,000","1,554,000","1,434,000","15,800,000","1,500,000","1,800,000","2,400,000","5,100,000","3,700,000","3,100,000",,,"1,500,000","1,600,000"
ReconciledDepreciation,"440,000,000","96,000,000","96,000,000","109,000,000","139,000,000","153,000,000","82,000,000","72,000,000","139,000,000","144,000,000","90,000,000","128,000,000","191,000,000","375,000,000","150,000,000","168,000,000","305,000,000","327,000,000","254,000,000","305,000,000","313,000,000","318,000,000","226,000,000","349,000,000","257,000,000","126,000,000","103,000,000","103,000,000","162,000,000","154,000,000","57,000,000","65,000,000","70,000,000","107,000,000","35,000,000","66,000,000","107,000,000","136,000,000","45,000,000","94,000,000","53,000,000","207,000,000","52,000,000","81,000,000","95,000,000","238,000,000","78,000,000","80,000,000","121,000,000","249,000,000","96,000,000","146,000,000","137,000,000","297,000,000",,"30,188,000","35,449,000","92,653,000","29,054,000","86,391,000","56,472,000","55,859,000","9,241,000","25,561,000","9,832,000","128,334,000","25,544,000","24,993,000","12,077,000","63,046,000","36,049,000","34,329,000","14,709,000","46,734,000","15,957,000","21,296,000","29,669,000","43,423,000","18,508,000","20,695,000","12,296,000","36,167,000","12,560,000","7,650,000","7,294,000","30,834,000","23,039,000","14,026,000","68,634,000","34,240,000","11,889,000","9,817,000","28,705,000","2,059,000","1,431,000","1,348,000","1,341,000","2,071,000","902,000","898,000","304,000","321,000","321,000","321,000","320,000","321,000","321,000","321,000","542,000","800,000","300,000","300,000","700,000","200,000","400,000","400,000",,,"500,000","400,000"
NetIncomeFromContinuingOperationNetMinorityInterest,"2,699,000,000","564,000,000","639,000,000","876,000,000","619,000,000","509,000,000","604,000,000","580,000,000","505,000,000","525,000,000","204,000,000","328,000,000","447,000,000","651,000,000","260,000,000","402,000,000","500,000,000","-585,000,000","188,000,000","243,000,000","426,000,000","253,000,000","199,000,000","127,000,000","336,000,000","159,000,000","127,000,000","212,000,000","394,000,000","361,000,000","-23,000,000","204,000,000","293,000,000","173,000,000","56,000,000","324,000,000","456,000,000","354,000,000","226,000,000","185,000,000","384,000,000","99,000,000","148,000,000","335,000,000","503,000,000","-233,000,000","51,000,000","219,000,000","381,000,000","-286,000,000","15,000,000","195,000,000","189,000,000","-71,000,000","-108,000,000","59,015,000","44,163,000","272,196,000","698,000","27,826,000","-14,422,000","142,820,000","-24,302,000","-17,826,000","-9,219,000","67,945,000","-13,242,000","-3,585,000","3,573,000","97,262,000","25,543,000","11,957,000","6,664,000","76,981,000","-10,093,000","4,163,000","-7,957,000","44,347,000","9,086,000","20,704,000","10,884,000","39,110,000","2,215,000","29,000","875,000","20,505,000","4,306,000","-5,179,000","-52,878,000","22,301,000","1,063,000","-4,358,000","5,270,000","16,022,000","-2,234,000","-3,804,000","126,000","9,278,000","2,106,000","-5,088,000","4,282,000","4,120,000","1,336,000","-2,631,000","6,345,000","1,948,000","2,765,000","-5,528,000","-320,000","1,300,000","-600,000","-1,900,000","-2,000,000","400,000","500,000","-900,000","-100,000","-100,000","-700,000",
TotalUnusualItemsExcludingGoodwill,"-49,000,000","-38,000,000","-39,000,000","59,000,000","-30,000,000","-55,000,000","-37,000,000","-6,000,000","-23,000,000","-28,000,000","-24,000,000","16,000,000","-57,000,000","0","-40,000,000",,,"0",,,,"-82,000,000",,,,,,,,,,,,,,,"2,000,000","-2,000,000","1,000,000","2,000,000","1,000,000","-15,000,000","0","-1,000,000","-17,000,000","-321,000,000","14,000,000","1,000,000","0","-411,000,000","9,000,000","-15,000,000","-5,000,000","-25,000,000","-54,000,000",,"1,101,000","2,000",,,"-2,000","1,823,000",,"2,000","2,000","2,948,000","4,000","1,343,000","0",,"471,000",,"4,000","1,000","20,000","-4,000","159,000","132,000","-58,000",,,,,,,,,,,,"-150,000",,"0",,"-425,000","-514,000","0","-1,474,000","100,000",,,,,,,,,,,"400,000","400,000","300,000",,,,,,,"-100,000",
TotalUnusualItems,"-49,000,000","-38,000,000","-39,000,000","59,000,000","-30,000,000","-55,000,000","-37,000,000","-6,000,000","-23,000,000","-28,000,000","-24,000,000","16,000,000","-57,000,000","0","-40,000,000",,,"0",,,,"-82,000,000",,,,,,,,,,,,,,,"2,000,000","-2,000,000","1,000,000","2,000,000","1,000,000","-15,000,000","0","-1,000,000","-17,000,000","-321,000,000","14,000,000","1,000,000","0","-411,000,000","9,000,000","-15,000,000","-5,000,000","-25,000,000","-54,000,000",,"1,101,000","2,000",,,"-2,000","1,823,000",,"2,000","2,000","2,948,000","4,000","1,343,000","0",,"471,000",,"4,000","1,000","20,000","-4,000","159,000","132,000","-58,000",,,,,,,,,,,,"-150,000",,"0",,"-425,000","-514,000","0","-1,474,000","100,000",,,,,,,,,,,"400,000","400,000","300,000",,,,,,,"-100,000",
NormalizedEBITDA,"3,761,000,000","799,000,000","921,000,000","1,079,000,000","962,000,000","798,000,000","868,000,000","828,000,000","789,000,000","641,000,000","386,000,000","505,000,000","875,000,000","1,069,000,000","455,000,000","602,000,000","900,000,000","548,000,000","511,000,000","644,000,000","806,000,000","743,000,000","520,000,000","581,000,000","718,000,000","375,000,000","299,000,000","435,000,000","704,000,000","598,000,000","65,000,000","375,000,000","497,000,000","397,000,000","105,000,000","496,000,000","692,000,000","630,000,000","271,000,000","319,000,000","565,000,000","229,000,000","217,000,000","552,000,000","805,000,000","191,000,000","119,000,000","379,000,000","632,000,000","226,000,000","108,000,000","394,000,000","336,000,000","207,000,000","-79,000,000","110,323,000","88,881,000","497,185,000","19,509,000","116,483,000","27,360,000","227,156,000","-28,169,000","-7,227,000","-16,285,000","209,453,000","-1,007,000","10,202,000","9,178,000","200,125,000","70,236,000","50,062,000","19,348,000","158,694,000","-996,000","26,446,000","15,066,000","110,052,000","29,900,000","51,891,000","29,158,000","97,968,000","15,704,000","6,415,000","9,309,000","65,588,000","32,575,000","7,528,000","2,493,000","72,481,000","15,714,000","4,059,000","38,501,000","28,387,000","-502,000","-3,759,000","1,861,000","20,173,000","4,117,000","-7,425,000","6,358,000","6,531,000","2,090,000","-3,905,000","4,927,000","1,894,000","2,687,000","-5,693,000","-215,000","1,300,000","-1,100,000","-2,300,000","-1,500,000","800,000","900,000","-600,000","-15,600,000","5,500,000","-100,000","500,000"
TaxRateForCalcs,"0.15","0.116","0.16","0.13","0.19","0.096","0.16","0.2","0.16","0.27","0.18","0.11","0.21","0.057","0.27","0.01","0.12","0.4","0.15","0.17","0.06","0.157","0.14","0.24","0.18","0.213","0.13","0.25","0.199","0.07","0.35","0.215","0.221","0.258","0.152","0.247","0.226","0.273","0.009","0.192","0.253","0.35","0.103","0.286","0.256","0.399","0.261","0.272","0.254","0.343","0.25","0.106","0","0.35","0.365","0.352","0.37","0.347","0.35","0.332","0.219","0.219","0.173","0.273","0.4","0.271","0.345","0.4","0.4","0.307","0.315","0.33","0.004","0.35","0.35","0.35","0.36","0.36","0.36","0.36","0.378","0.37","0.37","0.37","0.367","0.37","0.372","0.37","0.261","0.37","0.37","0.37","0.379","0.371","0.381","0.38","0.379","0.378","0.38","0.379","0.315","0.354","0.336","0.328","0.4","0.017","0.004","0.4","0.4","0.4","0.4","0.4","0","0.2","0.4","0.4","0.4","0.4","0.4",
TaxEffectOfUnusualItems,"-7,350,000","-4,407,523.511","-6,240,000","7,670,000","-5,700,000","-5,275,310.835","-5,920,000","-1,200,000","-3,680,000","-7,560,000","-4,320,000","1,760,000","-11,970,000","0","-10,800,000","0","0","0","0","0","0","0","0","0","0","0","0","0","0","0","0","0","0","0","0","0","452,000","-546,201.232","8,771.93","384,279.476","252,918.288","-5,250,000","0","-285,714.286","-4,350,591.716","-128,234,536.082","3,652,173.913","272,425.249","0","-140,779,310.345","2,250,000","-1,582,568.807","0","-8,750,000","-19,694,117.647","0","407,122.54","693.1","0","0","-438.079","399,049.2","0","545.469","800","799,506.935","1,380.027","537,200","0","0","148,485.645","0","17.332","349.96","7,001.095","-1,399.344","57,282.441","47,522.21","-20,885.555","0","0","0","0","0","0","0","0","0","0","0","-55,483.106","0","0","0","-161,775.714","-195,294.866","0","-557,516.151","37,985.866","0","0","0","0","0","0","0","0","0","0","160,000","160,000","120,000","0","0","0","0","0","0","-40,000",