name,ttm,12/31/2021,09/30/2021,06/30/2021,03/31/2021,12/31/2020,09/30/2020,06/30/2020,03/31/2020,12/31/2019,09/30/2019,06/30/2019,03/31/2019,12/31/2018,09/30/2018,06/30/2018,03/31/2018,12/31/2017,09/30/2017,06/30/2017,03/31/2017,12/31/2016,09/30/2016,06/30/2016,03/31/2016,12/31/2015,09/30/2015,06/30/2015,03/31/2015,12/31/2014,09/30/2014,06/30/2014,03/31/2014,12/31/2013,09/30/2013,06/30/2013,03/31/2013,12/31/2012,09/30/2012,06/30/2012,03/31/2012,12/31/2011,09/30/2011,06/30/2011,03/31/2011,12/31/2010,09/30/2010,06/30/2010,03/31/2010,12/31/2009,09/30/2009,06/30/2009,03/31/2009,12/31/2008,09/30/2008,06/30/2008,03/31/2008,12/31/2007,09/30/2007,06/30/2007,03/31/2007,12/31/2006,09/30/2006,06/30/2006,03/31/2006,12/31/2005,09/30/2005,06/30/2005,03/31/2005,12/31/2004,09/30/2004,06/30/2004,03/31/2004,12/31/2003,09/30/2003,06/30/2003,03/31/2003,12/31/2002,09/30/2002,06/30/2002,03/31/2002,12/31/2001,09/30/2001,06/30/2001,03/31/2001,12/31/2000,09/30/2000,06/30/2000,03/31/2000,12/31/1999,09/30/1999,06/30/1999,03/31/1999,12/31/1998,09/30/1998,06/30/1998,03/31/1998,12/31/1997,09/30/1997,06/30/1997,03/31/1997,12/31/1996,09/30/1996,06/30/1996,03/31/1996,12/31/1995,09/30/1995,06/30/1995,03/31/1995,12/31/1994,09/30/1994,06/30/1994,03/31/1994
TotalRevenue,"2,294,850,000","601,197,000","580,774,000","561,743,000","551,135,000","555,802,000","567,404,000","576,405,000","601,651,000","593,566,000","587,613,000","577,263,000","566,184,000","578,520,000","575,982,000","569,239,000","560,792,000","555,291,000","550,500,000","530,512,000","522,326,000","518,240,000","516,211,000","502,307,000","508,498,000","480,841,000","475,360,000","457,459,000","442,367,000","440,654,000","430,525,000","413,806,000","400,075,000","382,450,000","393,127,000","389,234,000","312,131,000","257,384,000","271,904,000","258,805,000","252,454,000","241,091,000","251,077,000","244,859,000","235,808,000","231,892,000","225,558,000","220,468,000","215,587,000","193,741,000","222,051,000","222,144,000","219,483,000","220,353,000","218,492,000","214,222,000","211,838,000","212,386,000","208,124,000","201,936,000","196,706,000","193,800,000","187,667,000","180,675,000","173,807,000","174,977,000","169,992,000","171,877,000","168,711,000","161,413,000","167,573,000","162,258,000","156,879,000","155,233,000","153,573,000","154,712,000","153,956,000","161,347,000","160,358,000","160,785,000","160,104,000","160,272,000","163,269,000","162,359,000","155,757,000","151,998,000","146,351,000","139,958,000","135,088,000","112,044,000","140,900,000","125,600,000","126,100,000","116,084,000","119,900,000","71,100,000","45,400,000","37,234,000","32,700,000","29,800,000","26,300,000","24,693,000","23,100,000","18,400,000","16,500,000","15,200,000","13,600,000","15,300,000","11,900,000","11,000,000","10,500,000","9,000,000","1,500,000"
	OperatingRevenue,"2,294,850,000","601,197,000","580,774,000","561,743,000","551,135,000","555,802,000","567,404,000","576,405,000","601,651,000","593,566,000","587,613,000","577,263,000","566,184,000","578,520,000","575,982,000","569,239,000","560,792,000","555,291,000","550,500,000","530,512,000","522,326,000","518,240,000","516,211,000","502,307,000","508,498,000","480,841,000","475,360,000","457,459,000","442,367,000","440,654,000","430,525,000","413,806,000","400,075,000","382,450,000","393,127,000","389,234,000","312,131,000","257,384,000","271,904,000","258,805,000","252,454,000","241,091,000","251,077,000","244,859,000","235,808,000","231,892,000","225,558,000","220,468,000","215,587,000","193,741,000","222,051,000","222,144,000","219,483,000","220,353,000","218,492,000","214,222,000","211,872,000","212,181,000","208,067,000","201,740,000","197,251,000","200,079,000","188,761,000","180,882,000","173,807,000","175,206,000","170,200,000","172,325,000","175,325,000","161,844,000","167,916,000","162,570,000","157,086,000","184,208,000","153,573,000","156,269,000","155,386,000","161,598,000","161,169,000","162,059,000","161,803,000","160,272,000","163,269,000","163,820,000","162,580,000","151,998,000","146,351,000","139,958,000","135,088,000","112,044,000","140,900,000","125,600,000","126,100,000","124,800,000","119,900,000","71,100,000","45,400,000","37,200,000","32,700,000","29,800,000","26,300,000","24,700,000","23,100,000","18,400,000","16,500,000","15,200,000","13,600,000","15,300,000","11,900,000","11,000,000","10,500,000","9,000,000","1,500,000"
CostOfRevenue,"853,942,000","211,047,000","221,036,000","212,398,000","209,460,000","213,138,000","212,843,000","198,103,000","199,019,000","190,391,000","197,819,000","195,111,000","184,784,000","192,737,000","194,148,000","191,753,000","191,920,000","181,807,000","187,288,000","180,253,000","175,974,000","169,444,000","177,127,000","170,010,000","166,693,000","158,240,000","166,071,000","157,982,000","159,839,000","152,574,000","150,208,000","143,498,000","143,027,000","135,899,000","140,328,000","132,094,000","106,934,000","99,140,000","96,549,000","94,154,000","90,435,000","87,762,000","94,552,000","92,752,000","92,912,000","93,064,000","89,794,000","89,060,000","88,203,000","81,057,000","90,265,000","89,099,000","65,145,000","149,126,000","65,405,000",,,,,,,,,,,,,,,,,,,,,,,,,,,,,,,,,,,,,,,,,,,,,,,,,,,,,,,,,,
GrossProfit,"1,440,908,000","390,150,000","359,738,000","349,345,000","341,675,000","342,664,000","354,561,000","378,302,000","402,632,000","403,175,000","389,794,000","382,152,000","381,400,000","385,783,000","381,834,000","377,486,000","368,872,000","373,484,000","363,212,000","350,259,000","346,352,000","348,796,000","339,084,000","332,297,000","341,805,000","322,601,000","309,289,000","299,477,000","282,528,000","288,080,000","280,317,000","270,308,000","257,048,000","246,551,000","252,799,000","257,140,000","205,197,000","158,244,000","175,355,000","164,651,000","162,019,000","153,329,000","156,525,000","152,107,000","142,896,000","138,828,000","135,764,000","131,408,000","127,384,000","112,684,000","131,786,000","16,231,000","154,338,000","71,227,000","153,087,000",,,,,,,,,,,,,,,,,,,,,,,,,,,,,,,,,,,,,,,,,,,,,,,,,,,,,,,,,,
OperatingExpense,"828,207,000","213,517,000","211,104,000","202,937,000","200,649,000","191,288,000","189,333,000","191,822,000","195,231,000","183,967,000","178,232,000","181,658,000","175,745,000","173,266,000","170,443,000","171,129,000","172,723,000","168,965,000","156,645,000","155,386,000","153,827,000","150,448,000","143,657,000","144,480,000","138,620,000","132,041,000","130,687,000","130,255,000","127,451,000","124,764,000","123,126,000","120,615,000","115,603,000","110,689,000","170,560,000","207,451,000","119,868,000","70,295,000","74,370,000","73,191,000","72,701,000","69,442,000","68,349,000","71,039,000","68,591,000","67,486,000","64,965,000","61,520,000","64,990,000","86,081,000","60,710,000","59,127,000","81,590,000","10,088,000","77,736,000","138,935,000","137,031,000","-100,709,000","132,930,000","128,108,000","126,318,000","121,774,000","116,613,000","116,253,000","111,516,000","114,055,000","112,274,000","110,755,000","111,548,000","106,735,000","111,712,000","107,265,000","105,074,000","236,155,000","102,725,000","100,495,000","100,051,000","224,747,000","101,062,000","95,477,000","93,087,000","91,049,000","91,162,000","89,647,000","87,532,000","84,850,000","82,506,000","80,955,000","76,934,000","527,616,000","-74,300,000","-69,800,000","-70,500,000","343,891,000","-67,000,000","-39,600,000","-24,000,000","133,223,000","-17,100,000","-15,900,000","-13,600,000","93,137,000","-12,400,000","-9,800,000","-8,900,000","-8,500,000","-7,800,000","-7,200,000","-7,000,000","-8,100,000","-5,100,000","-4,200,000","-700,000"
	SellingGeneralAndAdministration,"69,611,000","16,481,000","17,313,000","18,465,000","17,352,000","13,465,000","13,985,000","15,573,000","17,320,000","12,602,000","12,769,000","18,965,000","13,688,000","14,352,000","13,905,000","14,444,000","13,664,000","11,865,000","11,655,000","13,947,000","13,206,000","10,428,000","11,928,000","12,011,000","11,404,000","9,782,000","10,503,000","11,628,000","10,598,000","10,680,000","11,290,000","10,220,000","9,236,000","8,311,000","9,878,000","11,345,000","10,039,000","7,703,000","8,372,000","8,316,000","9,710,000","7,847,000","6,087,000","8,145,000","7,292,000","6,871,000","7,039,000","4,041,000","8,895,000","10,360,000","5,750,000","5,390,000","7,247,000","15,960,000","9,318,000","9,383,000","8,119,000","8,427,000","6,645,000","6,642,000","6,780,000","6,372,000","5,633,000","6,479,000","6,283,000","6,483,000","5,857,000","6,262,000","7,159,000","6,303,000","3,729,000","4,071,000","3,971,000","3,098,000","3,382,000","3,623,000","3,631,000","4,112,000","3,042,000","3,483,000","3,694,000","4,255,000","3,421,000","3,743,000","3,805,000","3,422,000","3,359,000","3,285,000","2,947,000","2,402,000","2,300,000","2,400,000","2,400,000","2,174,000","2,600,000","1,800,000","2,000,000","1,708,000","1,700,000","1,500,000","1,400,000","1,195,000","1,000,000","900,000","900,000","700,000","700,000","600,000","500,000","500,000","600,000","500,000","100,000"
		GeneralAndAdministrativeExpense,"69,611,000","16,481,000","17,313,000","18,465,000","17,352,000","13,465,000","13,985,000","15,573,000","17,320,000","12,602,000","12,769,000","18,965,000","13,688,000","14,352,000","13,905,000","14,444,000","13,664,000","11,865,000","11,655,000","13,947,000","13,206,000","10,428,000","11,928,000","12,011,000","11,404,000","9,782,000","10,503,000","11,628,000","10,598,000","10,680,000","11,290,000","10,220,000","9,236,000","8,311,000","9,878,000","11,345,000","10,039,000","7,703,000",,,,,,,,,,,,,,,,,,"9,383,000","8,119,000",,"6,645,000","6,642,000","6,780,000","6,372,000","5,633,000","6,479,000","6,283,000","6,483,000","5,857,000","6,262,000","7,159,000","6,303,000","3,729,000","4,071,000","3,971,000","3,098,000","3,382,000","3,623,000","3,631,000",,"3,042,000","3,483,000","3,694,000",,"3,421,000","3,743,000","3,805,000",,"3,359,000","3,285,000","2,947,000",,"2,300,000","2,400,000","2,400,000","2,174,000","2,600,000","1,800,000","2,000,000","1,708,000","1,700,000","1,500,000","1,400,000","1,195,000","1,000,000","900,000","900,000","700,000","700,000","600,000","500,000","500,000","600,000","500,000","100,000"
			SalariesAndWages,,,,,,,,,,,,,,,,,,,,,,,,,,,,,,,,,,,,,,,,,,,,,,,,,,,,,,,,"9,383,000","8,119,000",,"6,645,000","6,642,000","6,780,000","6,372,000","5,633,000","6,479,000","6,283,000","6,483,000","5,857,000","6,262,000","7,159,000","6,303,000","3,729,000","4,071,000","3,971,000","3,098,000","3,382,000","3,623,000","3,631,000",,"3,042,000","3,483,000","3,694,000",,"3,421,000","3,743,000","3,805,000",,"3,359,000","3,285,000","2,947,000",,"2,300,000","2,400,000","2,400,000","2,200,000","2,600,000","1,800,000","2,000,000","1,700,000","1,700,000","1,500,000","1,400,000","1,000,000","1,000,000","900,000","900,000","700,000","700,000","600,000","500,000","500,000","600,000","500,000","100,000"
			OtherGandA,"69,611,000","16,481,000","17,313,000","18,465,000","17,352,000","13,465,000","13,985,000","15,573,000","17,320,000","12,602,000","12,769,000","18,965,000","13,688,000","14,352,000","13,905,000","14,444,000","13,664,000","11,865,000","11,655,000","13,947,000","13,206,000","10,428,000","11,928,000","12,011,000","11,404,000","9,782,000","10,503,000","11,628,000","10,598,000","10,680,000","11,290,000","10,220,000","9,236,000","8,311,000","9,878,000","11,345,000","10,039,000","7,703,000",,,,,,,,,,,,,,,,,,,,,,,,,,,,,,,,,,,,,,,,,,,,,,,,,,,,,,,,,,,,,,,,,,,,,,,,,,,
		SellingAndMarketingExpense,"3,812,000",,,,,,,,,"1,286,000","1,108,000",,,,,,,,,,,,,,,,,,,,,,,,,,,,,,,,,,,,,,,,,,,,,,,,,,,,,,,,,,,,,,,,,,,,,,,,,,,,,,,,,,,,,,,,,,,,,,,,,,,,,,
	ResearchAndDevelopment,,,,,,,,,,,,,,,,,,,,,,,,,,,,,,,,,,,,,,,"608,000","901,000","239,000",,"633,000","1,353,000",,,"737,000","443,000","505,000",,,,,,,,,,,,,,,,,,,,,,,,,,,,,,,,,,,,,,,,,,,,,,,,,,,,,,,,,,,,,,,,
	DepreciationAmortizationDepletionIncomeStatement,"758,596,000","197,036,000","193,791,000","184,472,000","183,297,000","177,823,000","175,348,000","176,249,000","177,911,000","171,365,000","165,463,000","162,693,000","162,057,000","158,914,000","156,538,000","156,685,000","159,059,000","157,100,000","144,990,000","141,439,000","140,621,000","140,020,000","131,729,000","132,469,000","127,216,000","122,259,000","120,184,000","118,627,000","116,853,000","114,084,000","111,836,000","110,395,000","106,367,000","102,378,000","160,682,000","196,106,000","109,829,000","62,592,000","65,998,000","64,875,000","62,991,000","61,595,000","62,262,000","62,894,000","61,299,000","60,615,000","57,926,000","57,479,000","56,095,000","49,811,000","54,960,000","53,737,000","52,627,000","51,164,000","49,397,000","48,450,000","47,682,000","47,178,000","45,682,000","44,195,000","44,094,000","41,378,000","40,364,000","41,238,000","39,619,000","40,686,000","39,196,000","40,202,000","41,106,000","38,929,000","42,451,000","40,173,000","39,571,000","38,556,000","37,996,000","38,185,000","37,971,000","38,559,000","36,942,000","35,044,000","33,933,000","34,624,000","32,165,000","32,161,000","31,129,000","31,383,000","30,599,000","31,209,000","29,419,000",,,,,,,,,,,,,,,,,,,,,,,,
		DepreciationAndAmortizationInIncomeStatement,"758,596,000","197,036,000","193,791,000","184,472,000","183,297,000","177,823,000","175,348,000","176,249,000","177,911,000","171,365,000","165,463,000","162,693,000","162,057,000","158,914,000","156,538,000","156,685,000","159,059,000","157,100,000","144,990,000","141,439,000","140,621,000","140,020,000","131,729,000","132,469,000","127,216,000","122,259,000","120,184,000","118,627,000","116,853,000","114,084,000","111,836,000","110,395,000","106,367,000","102,378,000","160,682,000","196,106,000","109,829,000","62,592,000","65,998,000","64,875,000","62,991,000","61,595,000","62,262,000","62,894,000","61,299,000","60,615,000","57,926,000","57,479,000","56,095,000","49,811,000","54,960,000","53,737,000","52,627,000","51,164,000","49,397,000","48,450,000","47,682,000","47,178,000","45,682,000","44,195,000","44,094,000","41,378,000","40,364,000","41,238,000","39,619,000","40,686,000","39,196,000","40,202,000","41,106,000","38,929,000","42,451,000","40,173,000","39,571,000","38,556,000","37,996,000","38,185,000","37,971,000","38,559,000","36,942,000","35,044,000","33,933,000","34,624,000","32,165,000","32,161,000","31,129,000","31,383,000","30,599,000","31,209,000","29,419,000",,,,,,,,,,,,,,,,,,,,,,,,
			DepreciationIncomeStatement,"758,596,000","197,036,000","193,791,000","184,472,000","183,297,000","177,823,000","175,348,000","176,249,000","177,911,000","171,365,000","165,463,000","162,693,000","162,057,000","158,914,000","156,538,000","156,685,000","159,059,000","157,100,000","144,990,000","141,439,000","140,621,000","140,020,000","131,729,000","132,469,000","127,216,000","122,259,000","120,184,000","118,627,000","116,853,000","114,084,000","111,836,000","110,395,000","106,367,000","102,378,000","160,682,000","196,106,000","109,829,000","62,592,000","65,998,000","64,875,000","62,991,000","61,595,000","62,262,000","62,894,000","61,299,000","60,615,000","57,926,000","57,479,000","56,095,000","49,811,000","54,960,000","53,737,000","52,627,000","51,164,000","49,397,000","48,450,000","47,682,000","47,178,000","45,682,000","44,195,000","44,094,000","41,378,000","40,364,000","41,238,000","39,619,000","40,686,000","39,196,000","40,202,000","41,106,000","38,929,000","42,451,000","40,173,000","39,571,000","38,556,000","37,996,000","38,185,000","37,971,000","38,559,000","36,942,000","35,044,000","33,933,000","34,624,000","32,165,000","32,161,000","31,129,000",,,,"29,419,000",,,,,,,,,,,,,,,,,,,,,,,,
	OtherTaxes,,,,,,,,,,,,,,,,,,,,,,,,,,,,,,,,,,,,,,,,,,,,,,,,,,,,"20,731,000","21,716,000",,"19,021,000","19,302,000","-137,031,000","458,576,000","-132,930,000","-128,108,000","-126,404,000","-121,774,000","-116,613,000","-116,253,000",,"-114,055,000","-112,274,000","-110,755,000","-111,548,000","-106,983,000","-111,964,000","-107,617,000","-105,399,000",,,"-100,495,000","-100,051,000","-103,367,000","-101,062,000","-95,477,000","-93,087,000",,,"-89,825,000","-87,532,000",,,,,,"-76,600,000","-72,200,000","-72,900,000","-74,300,000","-69,600,000","-41,400,000","-26,000,000","-21,300,000","-18,800,000","-17,400,000","-15,000,000","-14,000,000","-13,400,000","-10,700,000","-9,800,000","-9,200,000","-8,500,000","-7,800,000","-7,500,000","-8,600,000","-5,700,000","-4,700,000","-800,000"
	OtherOperatingExpenses,,,,,,,,,,,,,,,,,,,,,,,,,,,,,,,,,,,,,,,,,,,,,,,,,,,,,,,"-47,385,000","61,800,000","218,261,000",,"213,533,000","205,379,000","201,848,000","195,798,000","187,229,000","184,789,000","65,614,000","180,941,000","179,495,000","175,046,000","174,831,000","168,486,000","177,496,000","170,638,000","166,931,000","595,058,000","61,347,000","159,182,000","158,500,000","285,443,000","162,140,000","152,427,000","148,547,000","52,170,000","55,576,000","143,568,000","140,130,000","50,045,000","48,548,000","46,461,000","44,568,000",,,,,,,,,,,,,,,,,,,,,,,,
OperatingIncome,"612,701,000","176,633,000","148,634,000","146,408,000","141,026,000","151,376,000","165,228,000","186,480,000","207,401,000","219,208,000","211,562,000","200,494,000","205,655,000","212,517,000","211,391,000","206,357,000","196,149,000","204,519,000","206,567,000","194,873,000","192,525,000","198,348,000","195,427,000","187,817,000","203,185,000","190,560,000","178,602,000","169,222,000","155,077,000","163,316,000","157,191,000","149,693,000","141,445,000","135,862,000","82,239,000","49,689,000","85,329,000","87,949,000","100,985,000","91,460,000","89,318,000","83,887,000","88,176,000","81,068,000","74,305,000","71,342,000","70,799,000","69,888,000","62,394,000","26,603,000","71,076,000","73,918,000","72,748,000","61,139,000","75,351,000","75,287,000","74,807,000","70,393,000","75,194,000","73,828,000","70,388,000","72,026,000","71,054,000","64,422,000","62,291,000","60,922,000","57,718,000","61,122,000","57,163,000","54,678,000","55,861,000","54,993,000","51,805,000","-80,922,000","50,848,000","54,217,000","53,905,000","-63,400,000","59,296,000","65,308,000","67,017,000","69,223,000","72,107,000","72,712,000","68,225,000","67,148,000","63,845,000","59,003,000","58,154,000","-415,572,000","215,200,000","195,400,000","196,600,000","-227,807,000","186,900,000","110,700,000","69,400,000","-95,989,000","49,800,000","45,700,000","39,900,000","-68,444,000","35,500,000","28,200,000","25,400,000","23,700,000","21,400,000","22,500,000","18,900,000","19,100,000","15,600,000","13,200,000","2,200,000"
NetNonOperatingInterestIncomeExpense,"-220,415,000","-55,711,000","-55,987,000","-56,104,000","-52,613,000","-51,589,000","-53,249,000","-53,399,000","-55,914,000","-54,190,000","-51,493,000","-50,010,000","-47,892,000","-55,179,000","-54,097,000","-56,585,000","-55,113,000","-52,523,000","-47,741,000","-50,102,000","-49,295,000","-49,648,000","-47,871,000","-46,581,000","-43,410,000","-42,217,000","-43,234,000","-44,590,000","-45,573,000","-47,987,000","-46,376,000","-43,722,000","-42,533,000","-44,630,000","-43,945,000","-43,169,000","-38,174,000","-36,116,000","-33,985,000","-33,193,000","-33,626,000","-34,083,000","-43,970,000","-45,855,000","-44,271,000","-46,949,000","-44,262,000","-41,458,000","-42,541,000","-42,487,000","-41,208,000","-37,385,000","-29,157,000","-29,256,000","-28,364,000","-29,598,000",,,,,,,,,,,,,,,,,,,,,,,,,,,,,,,,,,,,,,,,,,,,,,,,,,,,,,,,,
	InterestExpenseNonOperating,"220,415,000","55,711,000","55,987,000","56,104,000","52,613,000","51,589,000","53,249,000","53,399,000","55,914,000","54,190,000","51,493,000","50,010,000","47,892,000","55,179,000","54,097,000","56,585,000","55,113,000","52,523,000","47,741,000","50,102,000","49,295,000","49,648,000","47,871,000","46,581,000","43,410,000","42,217,000","43,234,000","44,590,000","45,573,000","47,987,000","46,376,000","43,722,000","42,533,000","44,630,000","43,945,000","43,169,000","38,174,000","36,117,000",,,"33,626,000",,,"45,855,000","44,271,000",,,"41,458,000","42,541,000","42,487,000","41,208,000","37,385,000","29,157,000","29,256,000","28,364,000",,,,,,,,,,,,,,,,,,,,,,,,,,,,,,,,,,,,,,,,,,,,,,,,,,,,,,,,,,
	TotalOtherFinanceCost,"203,585,000",,,,,,,,,"54,190,000","51,493,000","50,010,000","47,892,000","55,179,000","54,097,000","56,585,000","55,113,000","52,523,000","47,741,000","50,102,000","49,295,000","49,648,000","47,871,000","46,581,000","43,410,000","42,217,000","43,234,000","44,590,000","45,573,000","47,987,000","46,376,000","43,722,000","42,533,000","44,630,000","43,945,000","43,169,000","38,174,000","36,116,000","33,985,000","33,193,000","33,626,000","34,083,000","43,970,000","45,855,000",,"46,949,000","44,262,000","41,458,000","42,541,000",,,,,,"28,364,000","29,598,000",,,,,,,,,,,,,,,,,,,,,,,,,,,,,,,,,,,,,,,,,,,,,,,,,,,,,,,,,
OtherIncomeExpense,"617,803,000","218,675,000","-11,621,000","357,683,000","53,066,000","239,149,000","35,711,000","36,655,000","16,610,000","4,478,000","130,824,000","17,821,000","12,667,000","228,050,000","35,142,000","104,829,000","554,000","85,529,000","79,397,000","20,481,000","92,571,000","93,693,000","208,795,000","56,119,000","78,139,000","8,870,000","70,708,000","47,621,000","98,549,000","36,565,000","130,186,000","66,226,000","4,508,000","-8,840,000","-52,400,000","-4,468,000","-58,623,000","9,664,000","19,747,000","2,353,000","996,000","-333,000","2,279,000","395,000","503,000","398,000","-325,000","463,000","227,000","1,041,000","431,000","-19,810,000","3,457,000",,"1,190,000",,,"57,039,000",,,"1,090,000","-304,000","1,010,000",,"13,166,000",,,,,,,,,,,,,,,,,,,,"4,901,000",,,,,,"6,900,000","100,000","-11,400,000",,,,,,,,,,,,,,,,,,,,
	GainOnSaleOfSecurity,"603,355,000","214,401,000","1,759,000","333,954,000","53,241,000","247,607,000","31,090,000","36,799,000","27,939,000","-965,000","129,449,000","20,564,000","15,102,000","242,542,000","27,255,000","105,571,000","-47,000","81,692,000","27,618,000","44,067,000","88,315,000","89,344,000","212,941,000","31,133,000","51,430,000","9,474,000","35,216,000","9,625,000","70,958,000","24,470,000","-1,079,000","60,945,000",,"0","-53,484,000","240,000",,,,,,,,,,,,,,,,,,,,,,,,,"545,000","-152,000","505,000",,,,,,,,,,,,,,,,,,,,,,"4,901,000",,,,,,"7,000,000","200,000","5,100,000",,,,,,,,,,,,,,,,,,,,
	EarningsFromEquityInterest,"38,585,000","5,626,000","6,867,000","26,559,000","-467,000","-348,000","5,083,000","512,000","1,175,000","7,872,000","1,643,000","197,000","-1,060,000","2,710,000","10,031,000","789,000","1,740,000","358,000","52,568,000","1,146,000","16,672,000","10,183,000","-342,000","27,151,000","27,969,000","1,093,000","20,554,000","13,806,000","34,566,000","5,239,000","130,592,000","7,710,000","5,223,000","5,090,000","3,260,000","-940,000","-18,564,000","-3,081,000","19,747,000","2,073,000","2,175,000","1,607,000","2,615,000","395,000","503,000","398,000","-325,000","463,000","227,000","-2,698,000","190,000","492,000","3,457,000",,"1,190,000",,,,,,,,,,,,,,,,,,,,,,,,,,,,,,,,,,,,,,,,,,,,,,,,,,,,,,,,,,
	SpecialIncomeCharges,"-20,906,000","-21,000","-19,830,000","-1,177,000","122,000","4,289,000","-462,000","-656,000","-12,504,000","-2,429,000","-268,000","-2,940,000","-1,375,000","-17,202,000","-2,144,000","-1,531,000","-1,139,000","3,479,000","-789,000","-24,732,000","-12,416,000","-5,834,000","-3,804,000","-2,165,000","-1,260,000","-1,697,000","14,938,000","24,190,000","-6,975,000","6,856,000","-406,000","-2,429,000","-715,000","-13,930,000","-2,176,000","-3,768,000","-40,059,000","12,465,000","0","280,000","-1,179,000","-1,940,000","-336,000","-1,341,000",,,"0","0","227,000","3,739,000","241,000","-20,302,000",,"-57,899,000","0","0","0","0","0","0","545,000","-152,000","505,000","0","13,166,000",,,,,,,,,,,,,,,,,,,,,,,,,,"-100,000","-100,000","-16,500,000",,,,,,,,,,,,,,,,,,,,
		RestructuringAndMergernAcquisition,"3,231,000","1,331,000",,"1,653,000",,"8,110,000","567,000","388,000","3,334,000","2,429,000","175,000","2,711,000","1,095,000","1,600,000","1,020,000","889,000","800,000","649,000","789,000","570,000","728,000","1,220,000","3,804,000","1,436,000","3,462,000","1,571,000","3,391,000","673,000","1,187,000","-6,856,000","406,000","2,017,000","715,000","-991,000","2,176,000","3,768,000","40,059,000","9,601,000",,,,,,,,,,,,,,,,,,,,,,,,,,,,,,,,,,,,,,,,,,,,,,,,,,,,,,,,,,,,,,,,,,,,,,,,,,,
		ImpairmentOfCapitalAssets,"0",,,,,,,,,,"0",,,"827,000","-554,000",,"-58,000","-5,438,000","0","0","11,688,000","0",,"-1,732,000","-2,202,000","126,000","658,000","-17,114,000","5,788,000",,,,,"0",,,,"1,449,000","0",,,"0","14,052,000",,,,"0","0",,"850,000","0","20,302,000",,,,,,,,,,,,,,,,,,,,,,,,,,,,,,,,,,,,,,,,,,,,,,,,,,,,,,,,,,,,,
		OtherSpecialCharges,"20,906,000","21,000","19,830,000","1,177,000","-122,000","0","-105,000","268,000","9,170,000","0","93,000","229,000","280,000","15,602,000","1,124,000","642,000","339,000","-4,128,000",,"24,162,000","11,688,000","4,614,000",,"729,000","-2,202,000","126,000","-18,329,000","-24,863,000","5,788,000","0",,"412,000",,"14,921,000",,,,"1,449,000",,,,,,,,,"325,000","-463,000",,,"2,507,000","2,696,000",,,,,,,,,,,,,,,,,,,,,,,,,,,,,,,,,,,,,,,,,,,,,,,,,,,,,,,,,,,,,
		GainOnSaleOfBusiness,"166,105,000",,,,,,,,,"256,000","130,484,000","20,530,000","14,835,000","242,532,000","27,243,000","105,201,000","0","92,845,000","27,738,000","44,067,000","87,949,000","90,041,000","202,163,000","30,990,000","51,430,000","9,474,000","35,216,000","0","70,936,000","23,980,000","0","60,945,000",,,,,,,"14,194,000",,,,,,,,,,,,,,,,,,,,,,,,,,,,,,,,,,,,,,,,,,,,,,,,,,,,,,,,,,,,,,,,,,,,,,,,,,
		GainOnSaleOfPPE,,,,,,"249,106,000","31,607,000","35,295,000","24,436,000","256,000","130,484,000","20,530,000","14,835,000","242,532,000","27,243,000","105,201,000","0","92,845,000","27,738,000","44,067,000","87,949,000","90,041,000","202,163,000","30,990,000","51,430,000","9,474,000","35,216,000","0","70,936,000","23,980,000","0","60,945,000",,,,,,,"0","280,000",,"0","13,716,000",,,,"0",,,"4,589,000","241,000",,,"0","0","0","0","0","0","0","545,000","-152,000","505,000","0","13,166,000",,,,,,,,,,,,,,,,,,,,,,,,,,,,,,,,,,,,,,,,,,,,,,,,
	OtherNonOperatingIncomeExpenses,"-3,231,000","-1,331,000","-417,000","-1,653,000","170,000",,,,,,,,,,"-1,726,000",,,,,,,,,,,,,,,,,,"-979,000","-836,000","-1,043,000","-1,096,000","-1,015,000","-1,545,000",,,,,,,,,,,,,,,,,,,,,,,,,,,,,,,,,,,,,,,,,,,,,,,,,,,,,,,,,,,,,,,,,,,,,,,,,,,
PretaxIncome,"1,010,089,000","339,597,000","81,026,000","447,987,000","141,479,000","338,936,000","147,690,000","169,736,000","168,097,000","169,496,000","290,893,000","168,305,000","170,430,000","385,388,000","192,436,000","254,601,000","141,590,000","237,525,000","238,223,000","165,252,000","235,801,000","242,393,000","356,351,000","197,355,000","237,914,000","157,213,000","206,076,000","172,253,000","208,053,000","151,894,000","241,001,000","172,197,000","103,420,000","82,392,000","-14,106,000","2,052,000","-11,468,000","61,497,000","86,747,000","60,620,000","56,688,000","49,471,000","46,485,000","35,608,000","30,537,000",,"26,212,000",,,,,,,,,,,,,,,,,,,,,,,,,,,,,,,,,,,,,,,,,,,,,,,,,,,,,,,,,,,,,,,,"3,200,000","3,200,000","500,000"
TaxProvision,"5,733,000","4,299,000","2,179,000","10,000","-755,000","-2,178,000","-27,000","-1,133,000","91,000","1,825,000","11,184,000","0","12,000","-247,000","29,000","58,000","0","39,000","24,000","58,000","20,000","210,000","22,000","36,000","37,000","215,000","39,000","1,293,000",,"9,332,000",,,,,,,,,,,,,,,,,,,,,,,,,,,,,,,,,,,,,,,,,,,,,,,,,,,,,,,,,,,,,,,,,,,,,,,,,,,,,,,,,"900,000","800,000","100,000"
NetIncomeCommonStockholders,"1,002,199,000","334,552,000","78,754,000","447,051,000","141,899,000","340,331,000","147,361,000","170,438,000","167,544,000","167,242,000","278,973,000","167,846,000","169,865,000","384,617,000","191,931,000","253,935,000","141,213,000","236,904,000","237,576,000","164,757,000","235,223,000","241,661,000","355,520,000","196,928,000","237,299,000","155,098,000","205,675,000","171,879,000","207,615,000","141,973,000","240,734,000","157,832,000","141,507,000","251,815,000","-10,699,000","36,159,000","75,288,000","121,093,000","86,844,000","156,909,000","57,758,000","323,085,000","44,824,000","43,373,000","30,341,000","27,027,000","24,654,000","51,125,000","72,523,000","32,394,000","58,154,000","17,674,000","47,425,000","-1,806,000","231,406,000","125,159,000","46,275,000","129,645,000","126,594,000","48,877,000","44,345,000","47,102,000","42,901,000","67,794,000","111,902,000","94,554,000","96,953,000","54,736,000","67,435,000","111,894,000","43,191,000","32,859,000","23,102,000","98,108,000","55,212,000","74,042,000","33,700,000","63,033,000","24,685,000","32,315,000","35,690,000","56,486,000","79,229,000","39,131,000","41,654,000","44,336,000","48,550,000","40,712,000","37,227,000","64,297,000","34,200,000","24,300,000","9,900,000","22,160,000","23,700,000","13,700,000","9,000,000","9,361,000","8,200,000","7,200,000","6,700,000","2,762,000","5,800,000","3,600,000","3,200,000","3,100,000","2,100,000","4,400,000","1,900,000","2,400,000","2,300,000","2,400,000","400,000"
	NetIncome,"1,004,299,000","335,209,000","78,914,000","447,953,000","142,223,000","341,128,000","147,703,000","170,828,000","167,971,000","167,650,000","279,677,000","168,281,000","170,366,000","385,734,000","192,486,000","254,662,000","141,643,000","237,573,000","238,248,000","165,225,000","235,875,000","242,235,000","356,392,000","197,444,000","237,931,000","155,428,000","206,142,000","172,324,000","208,144,000","142,638,000","241,100,000","158,086,000","141,739,000","252,212,000","-10,715,000","36,218,000","75,427,000","122,357,000","86,844,000","156,909,000","57,758,000","323,085,000","44,824,000","43,373,000","30,341,000","27,027,000","24,654,000","51,125,000","72,523,000","32,394,000","58,154,000","17,674,000","47,101,000","2,123,000","233,581,000","127,334,000","48,450,000","131,820,000","128,769,000","51,052,000","46,520,000","49,277,000","45,076,000","69,969,000","114,077,000","96,729,000","99,128,000","56,911,000","69,610,000","114,069,000","45,366,000","35,034,000","25,277,000","100,283,000","57,387,000","76,468,000","37,388,000","66,842,000","28,711,000","37,346,000","40,721,000","62,212,000","86,668,000","48,518,000","51,599,000","54,281,000","58,494,000","50,657,000","47,172,000","74,276,000","44,100,000","34,200,000","19,800,000","31,734,000","31,500,000","18,200,000","13,000,000","12,041,000","10,600,000","8,500,000","7,800,000","7,026,000","5,800,000","3,600,000","3,200,000","3,100,000","2,100,000","4,400,000","1,900,000","2,400,000","2,300,000","2,400,000","400,000"
		NetIncomeIncludingNoncontrollingInterests,"1,004,356,000","335,298,000","78,847,000","447,977,000","142,234,000","341,114,000","147,717,000","170,869,000","168,006,000","167,671,000","279,709,000","168,305,000","170,418,000","385,635,000","192,407,000","254,543,000","141,590,000","237,486,000","238,199,000","165,194,000","235,781,000","242,183,000","356,329,000","197,319,000","237,877,000","155,352,000","206,076,000","172,253,000","208,053,000","142,526,000","241,001,000","172,197,000","141,599,000","252,090,000","-10,885,000","36,097,000","75,469,000","122,384,000","86,747,000","156,821,000","57,609,000","322,965,000","44,677,000","43,192,000","30,537,000","26,665,000","23,980,000","51,066,000","72,366,000","32,350,000","58,101,000","16,723,000","46,777,000","1,866,000","232,886,000","127,439,000","48,556,000","130,584,000","129,100,000","51,509,000","46,969,000","50,245,000","44,941,000","70,097,000","114,209,000","97,044,000","99,443,000","57,248,000","70,123,000","113,386,000","45,925,000","35,454,000","25,132,000","100,528,000","57,689,000","76,702,000","37,986,000","67,601,000","29,385,000","38,032,000","41,173,000","62,287,000","86,702,000","48,682,000","51,274,000","54,690,000","58,979,000","51,132,000","47,711,000","77,751,000","43,600,000","33,700,000","19,400,000","33,976,000","31,000,000","17,900,000","12,800,000","12,811,000","10,500,000","8,400,000","7,700,000","7,545,000","5,700,000","3,600,000","3,200,000","3,100,000","2,100,000","4,400,000","1,900,000","2,400,000","2,300,000","2,400,000","400,000"
			NetIncomeContinuousOperations,"1,004,356,000","335,298,000","78,847,000","447,977,000","142,234,000","341,114,000","147,717,000","170,869,000","168,006,000","167,671,000","279,709,000","168,305,000","170,418,000","385,635,000","192,407,000","254,543,000","141,590,000","237,486,000","238,199,000","165,194,000","235,781,000","242,183,000","356,329,000","197,319,000","237,877,000","155,352,000","206,076,000","172,253,000","208,053,000","142,526,000","241,001,000","172,197,000","103,420,000","82,392,000","-14,106,000","2,052,000","-11,468,000","61,497,000","86,747,000","60,620,000","56,688,000","49,471,000","46,485,000","35,608,000","30,537,000","24,791,000","26,212,000","28,893,000","20,080,000","-14,843,000","30,299,000","16,723,000","47,048,000","-25,522,000","48,177,000","49,384,000","46,730,000","103,291,000","49,677,000","50,513,000","46,520,000","49,276,000","45,076,000","37,906,000","46,888,000","29,747,000","25,824,000","28,854,000","31,111,000","22,236,000","22,153,000","22,051,000","19,546,000","21,388,000","41,534,000","20,594,000","20,368,000","17,193,000","27,616,000","32,315,000","35,690,000","26,131,000","79,229,000","39,131,000","41,654,000","84,115,000","48,550,000","40,712,000","37,227,000","74,276,000","44,100,000","34,200,000","19,800,000","31,734,000","31,500,000","18,200,000","13,000,000","12,041,000","10,600,000","8,500,000","7,800,000","7,356,000","5,800,000","4,100,000","3,200,000","3,100,000","2,100,000","4,400,000","1,900,000","2,400,000","2,300,000","2,400,000","400,000"
			NetIncomeDiscontinuousOperations,,,,,,,,,,,,,,,,,,,,,,,,,,"0","0","0","0","0","0","0","38,179,000","169,698,000","3,221,000","34,045,000","86,937,000","60,887,000","0","96,201,000","921,000","273,494,000","-1,808,000","7,584,000","0","1,874,000","-2,232,000","22,173,000","52,286,000","47,193,000","27,802,000","0","53,000","27,645,000","185,404,000","77,950,000","1,720,000","28,529,000","79,092,000","539,000","0","1,000","0","32,063,000","67,189,000","66,982,000","73,304,000","28,057,000","38,499,000","91,833,000","23,213,000","12,983,000","1,184,000","78,895,000","15,853,000","55,874,000","17,020,000","49,649,000","1,095,000",,,,,,,,,,,,,,,,,,,,,,,,,,,,,,,,,,
			NetIncomeExtraordinary,,,,,,,,,,,,,,,,,,,,,,,,,,,,,,,,,,,,,,,,,,,,,,,,,,,,,,,,,,,,,,,,,,"0","0","0","0","0","0","0","4,547,000",,,,,"0","0","0","0",,,,,,,,,,,,,,,,,,,,,,,,,,,,,,,,
			NetIncomeFromTaxLossCarryforward,,,,,,,,,,,,,,,,,,,,,,,,,,,,,,,,,,,,,,,,,,,,,,,,,,,,,,,,,,,,,,,,,,,,,,,,,,,,,,,,,,,,,,,,,,,,,,,,,,,,,,"0",,"-500,000",,,,,,,,,
		MinorityInterests,"-57,000","-89,000","67,000","-24,000","-11,000","14,000","-14,000","-41,000","-35,000","-21,000","-32,000","-24,000","-52,000","99,000","79,000","119,000","53,000","87,000","49,000","31,000","94,000","52,000","63,000","125,000","54,000","76,000","66,000","71,000","91,000","112,000","99,000","-14,111,000","140,000","122,000","170,000","121,000","-42,000","-27,000","97,000","88,000","149,000","120,000","147,000","181,000","-196,000","362,000","674,000","59,000","157,000","44,000","53,000","951,000","324,000","257,000","695,000","-105,000","-106,000",,"-331,000","-457,000","-449,000","-968,000","135,000","-128,000","-132,000","-315,000","-315,000","-337,000","-513,000","683,000","-559,000","-420,000","145,000","-245,000","-302,000","-234,000","-598,000","-759,000","-674,000","-686,000","-452,000","-75,000","-34,000","-164,000","325,000","-409,000","-485,000","-475,000","-539,000","-3,475,000","500,000","500,000","400,000","-2,242,000","500,000","300,000","200,000","-770,000","100,000","100,000","100,000","-519,000","100,000",,,,,,,,,,
	PreferredStockDividends,,,,,,,,,,,,,,,,,,,,,,,,,,,,,,,,,,,,,,,,,,,,,,,,,,,,,,"3,929,000","2,175,000",,"2,175,000","2,175,000","2,175,000","2,175,000","2,175,000","2,175,000","2,175,000","2,175,000","2,175,000","2,175,000","2,175,000","2,175,000","2,175,000","2,175,000","2,175,000","2,175,000","2,175,000","2,175,000","2,175,000","2,426,000","3,688,000","3,809,000","4,026,000","5,031,000","5,031,000","5,726,000","7,439,000","9,387,000","9,945,000","9,945,000","9,944,000","9,945,000","9,945,000","9,979,000","9,900,000","9,900,000","9,900,000","9,574,000","7,800,000","4,500,000","4,000,000","2,680,000","2,400,000","1,300,000","1,100,000",,,,,,,,,,,,
	OtherunderPreferredStockDividend,"2,100,000","657,000","160,000","902,000","324,000","797,000","342,000","390,000","427,000","408,000","704,000","435,000","501,000","1,117,000","555,000","727,000","430,000","669,000","672,000","468,000","652,000","574,000","872,000","516,000","632,000","330,000","467,000","445,000","529,000","665,000","366,000","254,000","232,000","397,000","-16,000","59,000","139,000",,,,,,,,,,,,,,,"-951,000","-324,000",,,"2,175,000",,,,,,,,,,,,,,,,,,,,,,,,,,,,,,,,,,,,,,,,,,,,,,,,,,,,,,,,,
AverageDilutionEarnings,"2,148,000","669,000","172,000","914,000","336,000","809,000","354,000","402,000","439,000","12,000","11,000","447,000","11,000","-1,711,000","566,000","738,000","441,000","679,000","683,000","478,000","663,000","585,000","882,000","526,000","642,000","340,000","476,000","454,000","538,000","674,000","375,000","263,000","241,000","405,000","-8,000","67,000","147,000",,,,,,,,,,,,,,,,,,,,,,,,,,,,,,,,,,,,,,,,,,,,,,,,,,,,,,,,,,,,,,,,,,,,,,,,,,,,
DilutedNIAvailtoComStockholders,"1,004,347,000","335,221,000","78,926,000","447,965,000","142,235,000","341,140,000","147,715,000","170,840,000","167,983,000","169,351,000","278,973,000","168,293,000","169,865,000","382,862,000","192,497,000","254,673,000","141,654,000","237,583,000","238,259,000","165,235,000","235,886,000","242,246,000","356,402,000","197,454,000","237,941,000","155,438,000","206,151,000","172,333,000","208,153,000","142,647,000","241,109,000","158,095,000","141,748,000","252,220,000","-10,707,000","36,226,000","75,435,000","122,385,000","86,844,000","156,909,000","57,758,000","323,085,000","44,824,000","43,373,000","30,341,000","27,027,000","24,654,000","51,125,000","72,523,000","32,394,000","58,154,000","17,674,000","47,425,000","-1,806,000","231,406,000","125,159,000","46,275,000","129,645,000","126,594,000","48,877,000","44,345,000","47,102,000","42,901,000","67,794,000","111,902,000","94,554,000","96,953,000","54,736,000","67,435,000","111,894,000","43,191,000","32,859,000","23,102,000","98,108,000","55,212,000","74,042,000","33,700,000","63,033,000","24,685,000","32,315,000","35,690,000","56,486,000","79,229,000","39,131,000","41,654,000","44,336,000","48,550,000","40,712,000","37,227,000","64,297,000","34,200,000","24,300,000","9,900,000","22,160,000","23,700,000","13,700,000","9,000,000","9,361,000","8,200,000","7,200,000","6,700,000","2,762,000","5,800,000","3,600,000","3,200,000","3,100,000","2,100,000","4,400,000","1,900,000","2,400,000","2,300,000","2,400,000","400,000"
BasicEPS,,"2.4","0.57","3.21","1.02","2.44","1.05","1.21","1.19","1.2","2","1.21","1.23","2.79","1.39","1.84","1.03","1.72","1.73","1.2","1.72","1.76","2.6","1.44","1.73","1.13","1.54","1.3","1.57","1.08","1.83","1.22","1.09","1.95","-0.08","0.28","0.63","1.19","0.89","1.64","0.61",,"0.49","0.5","0.35",,"0.29","0.61","0.89",,"0.72","0.22","0.6",,"3.01","1.63","0.6",,"1.6","0.62","0.57",,"0.58","0.91","1.52",,"1.32","0.75","0.93",,"0.6","0.46","0.33",,"0.8","1.1","0.5",,"0.36","0.47","0.52",,"1.16","0.58","0.62",,"0.72","0.61","0.56",,"0.52","0.37","0.15",,"0.37","0.35","0.34",,"0.36","0.33","0.33",,"0.31","0.2","0.19",,"0.18","0.38","0.17",,"0.2","0.21","0.03"
DilutedEPS,,"2.4","0.56","3.21","1.02","2.44","1.05","1.21","1.19","1.2","2","1.21","1.23","2.79","1.39","1.84","1.03","1.72","1.72","1.2","1.72","1.76","2.59","1.44","1.73","1.13","1.53","1.29","1.56","1.08","1.83","1.21","1.09","1.95","-0.08","0.28","0.63","1.19","0.89","1.63","0.6",,"0.49","0.49","0.35",,"0.29","0.61","0.88",,"0.72","0.22","0.59",,"2.98","1.61","0.6",,"1.58","0.61","0.56",,"0.57","0.9","1.49",,"1.3","0.74","0.92",,"0.6","0.46","0.32",,"0.79","1.08","0.49",,"0.35","0.46","0.51",,"1.14","0.57","0.61",,"0.71","0.6","0.55",,"0.52","0.37","0.15",,"0.37","0.34","0.34",,"0.36","0.33","0.33",,"0.31","0.2","0.19",,"0.18","0.38","0.17",,"0.2","0.21","0.03"
BasicAverageShares,,"139,790,984","139,670,482","139,655,102","139,609,404","139,601,172","140,597,502","140,772,364","140,734,522","139,761,996","139,691,534","139,473,842","138,738,917","138,322,285","138,247,503","138,234,894","138,183,976","138,110,099","138,104,883","137,971,632","137,448,610","137,341,078","137,333,785","137,277,401","137,149,999","136,981,717","133,973,114","132,319,255","132,219,579","132,119,949","131,529,503","130,065,698","129,288,771","129,225,745","129,208,839","129,179,471","119,680,510","102,401,254","97,044,603","95,308,163","95,274,494",,"91,388,357","86,746,992","86,168,732",,"84,968,804","83,517,908","81,897,566",,"80,132,409","79,662,223","78,752,744",,"76,879,070","76,753,951","77,125,000",,"79,121,250","78,833,871","77,798,246",,"73,967,241","74,498,901","73,619,737",,"73,449,242","72,981,333","72,510,753",,"71,985,000","71,432,609","70,006,061",,"69,015,000","67,310,909","67,400,000",,"68,569,444","68,755,319","68,634,615",,"68,300,862","67,467,241","67,183,871",,"67,430,556","66,740,984","66,476,786",,"65,769,231","65,675,676","66,000,000",,"64,054,054","26,470,588","26,470,588",,"22,777,778","21,818,182","20,303,030",,"18,709,677","13,227,000","11,558,000",,"11,666,667","11,578,947","11,176,471",,"11,500,000","11,428,571","13,333,333"
DilutedAverageShares,,"139,928,816","139,737,725","139,655,102","139,609,404","139,632,368","140,603,722","140,772,364","140,777,873","139,968,027","139,852,674","139,618,231","138,832,201","138,463,943","138,323,064","138,234,894","138,183,976","138,245,981","138,307,046","138,173,151","137,531,242","137,519,045","137,505,054","137,437,733","137,383,044","137,349,671","134,709,460","133,086,439","133,175,773","132,677,639","131,905,995","130,248,321","129,629,557","129,611,467","129,620,138","129,595,399","120,111,128","102,863,336","97,546,569","95,992,825","95,653,779",,"92,340,368","87,597,981","86,997,530",,"85,768,696","84,245,105","82,310,670",,"80,609,277","80,042,294","79,792,281",,"77,653,020","77,578,617","77,125,000",,"80,122,785","80,126,230","79,187,500",,"75,264,912","75,326,667","75,102,013",,"74,579,231","73,967,568","73,298,913",,"71,985,000","71,432,609","72,193,750",,"69,888,608","68,557,407","68,775,510",,"70,528,571","70,250,000","69,980,392",,"69,499,123","68,650,877","68,285,246",,"68,380,282","67,853,333","67,685,455",,"65,769,231","65,675,676","66,000,000",,"64,054,054","26,470,588","26,470,588",,"22,777,778","21,818,182","20,303,030",,"18,709,677","13,227,000","11,558,000",,"11,666,667","11,578,947","11,176,471",,"11,500,000","11,428,571","13,333,333"
TotalExpenses,"1,682,149,000","424,564,000","432,140,000","415,335,000","410,109,000","404,426,000","402,176,000","389,925,000","394,250,000","374,358,000","376,051,000","376,769,000","360,529,000","366,003,000","364,591,000","362,882,000","364,643,000","350,772,000","343,933,000","335,639,000","329,801,000","319,892,000","320,784,000","314,490,000","305,313,000","290,281,000","296,758,000","288,237,000","287,290,000","277,338,000","273,334,000","264,113,000","258,630,000","246,588,000","310,888,000","339,545,000","226,802,000","169,435,000","170,919,000","167,345,000","163,136,000","157,204,000","162,901,000","163,791,000","161,503,000","160,550,000","154,759,000","150,580,000","153,193,000","167,138,000","150,975,000","148,226,000","146,735,000","159,214,000","143,141,000","138,935,000","137,031,000","141,993,000","132,930,000","128,108,000","126,318,000","121,774,000","116,613,000","116,253,000","111,516,000","114,055,000","112,274,000","110,755,000","111,548,000","106,735,000","111,712,000","107,265,000","105,074,000","236,155,000","102,725,000","100,495,000","100,051,000","224,747,000","101,062,000","95,477,000","93,087,000","91,049,000","91,162,000","89,647,000","87,532,000","84,850,000","82,506,000","80,955,000","76,934,000","527,616,000","-74,300,000","-69,800,000","-70,500,000","343,891,000","-67,000,000","-39,600,000","-24,000,000","133,223,000","-17,100,000","-15,900,000","-13,600,000","93,137,000","-12,400,000","-9,800,000","-8,900,000","-8,500,000","-7,800,000","-7,200,000","-7,000,000","-8,100,000","-5,100,000","-4,200,000","-700,000"
NetIncomeFromContinuingAndDiscontinuedOperation,"1,004,299,000","335,209,000","78,914,000","447,953,000","142,223,000","341,128,000","147,703,000","170,828,000","167,971,000","167,650,000","279,677,000","168,281,000","170,366,000","385,734,000","192,486,000","254,662,000","141,643,000","237,573,000","238,248,000","165,225,000","235,875,000","242,235,000","356,392,000","197,444,000","237,931,000","155,428,000","206,142,000","172,324,000","208,144,000","142,638,000","241,100,000","158,086,000","141,739,000","252,212,000","-10,715,000","36,218,000","75,427,000","122,357,000","86,844,000","156,909,000","57,758,000","323,085,000","44,824,000","43,373,000","30,341,000","27,027,000","24,654,000","51,125,000","72,523,000","32,394,000","58,154,000","17,674,000","47,101,000","2,123,000","233,581,000","127,334,000","48,450,000","131,820,000","128,769,000","51,052,000","46,520,000","49,277,000","45,076,000","69,969,000","114,077,000","96,729,000","99,128,000","56,911,000","69,610,000","114,069,000","45,366,000","35,034,000","20,730,000","100,283,000","57,387,000","76,468,000","37,388,000","66,842,000","28,711,000","37,346,000","40,721,000","68,624,000","86,668,000","48,518,000","51,599,000","54,281,000","58,494,000","50,657,000","47,172,000","74,276,000","44,100,000","34,200,000","19,800,000","31,734,000","31,500,000","18,200,000","13,000,000","12,041,000","10,600,000","8,500,000","7,800,000","7,537,000","5,800,000","4,100,000","3,200,000","3,100,000","2,100,000","4,400,000","1,900,000","2,400,000","2,300,000","2,400,000","400,000"
NormalizedIncome,"425,155,827.622","123,542,862.667","96,499,023.782","115,183,428.274","103,268,010","157,243,920","125,344,560","144,443,610","152,544,355.801","171,007,456.07","155,462,638.262","150,657,000","156,639,966.52","221,235,800","167,378,784.214","150,645,701.085","142,829,000","152,415,984.503","211,421,702.913","145,896,786.181","159,982,437.547","158,797,349.862","147,267,911.467","168,481,284.123","187,768,802.357","150,761,800","176,049,600","152,035,000","169,754,200","122,276,100","241,363,900","120,050,600","104,024,750","91,568,500","41,724,000","4,466,200","28,549,000","53,185,750","86,844,000","60,526,000","57,603,350","50,852,000","46,850,400","35,789,000","30,341,000","25,153,000","26,886,000","28,952,000","20,237,000","-17,229,350","30,195,350","30,870,300","47,048,000","12,112,350","48,177,000","49,384,000","46,730,000","103,645,250","49,677,000","50,513,000","45,811,500","49,458,400","44,470,000","37,906,000","38,988,400","29,747,000","25,824,000","28,854,000","31,111,000","22,236,000","22,153,000","22,051,000","19,546,000","21,388,000","41,534,000","20,594,000","20,368,000","17,193,000","27,616,000","37,346,000","40,721,000","5,772,000","86,668,000","48,518,000","48,658,400","54,281,000","58,494,000","50,657,000","47,172,000","74,276,000","39,960,000","34,140,000","26,640,000","27,764,000","31,500,000","18,200,000","13,000,000","12,041,000","10,600,000","8,500,000","7,800,000","7,537,000","5,800,000","4,100,000","3,200,000","3,100,000","2,100,000","4,400,000","1,900,000","2,400,000","2,300,000","2,400,000","400,000"
InterestExpense,"220,415,000","55,711,000","55,987,000","56,104,000","52,613,000","51,589,000","53,249,000","53,399,000","55,914,000","54,190,000","51,493,000","50,010,000","47,892,000","55,179,000","54,097,000","56,585,000","55,113,000","52,523,000","47,741,000","50,102,000","49,295,000","49,648,000","47,871,000","46,581,000","43,410,000","42,217,000","43,234,000","44,590,000","45,573,000","47,987,000","46,376,000","43,722,000","42,533,000","44,630,000","43,945,000","43,169,000","38,174,000","36,117,000",,,"33,626,000",,,"45,855,000","44,271,000",,,"41,458,000","42,541,000","42,487,000","41,208,000","37,385,000","29,157,000","29,256,000","28,364,000",,,,,,,,,,,,,,,,,,,,,,,,,,,,,,,,,,,,,,,,,,,,,,,,,,,,,,,,,,
NetInterestIncome,"-220,415,000","-55,711,000","-55,987,000","-56,104,000","-52,613,000","-51,589,000","-53,249,000","-53,399,000","-55,914,000","-54,190,000","-51,493,000","-50,010,000","-47,892,000","-55,179,000","-54,097,000","-56,585,000","-55,113,000","-52,523,000","-47,741,000","-50,102,000","-49,295,000","-49,648,000","-47,871,000","-46,581,000","-43,410,000","-42,217,000","-43,234,000","-44,590,000","-45,573,000","-47,987,000","-46,376,000","-43,722,000","-42,533,000","-44,630,000","-43,945,000","-43,169,000","-38,174,000","-36,116,000","-33,985,000","-33,193,000","-33,626,000","-34,083,000","-43,970,000","-45,855,000","-44,271,000","-46,949,000","-44,262,000","-41,458,000","-42,541,000","-42,487,000","-41,208,000","-37,385,000","-29,157,000","-29,256,000","-28,364,000","-29,598,000",,,,,,,,,,,,,,,,,,,,,,,,,,,,,,,,,,,,,,,,,,,,,,,,,,,,,,,,,
EBIT,"1,230,504,000","395,308,000","137,013,000","504,091,000","194,092,000","390,525,000","200,939,000","223,135,000","224,011,000","223,686,000","342,386,000","218,315,000","218,322,000","440,567,000","246,533,000","311,186,000","196,703,000","290,048,000","285,964,000","215,354,000","285,096,000","292,041,000","404,222,000","243,936,000","281,324,000","199,430,000","249,310,000","216,843,000","253,626,000","199,881,000","287,377,000","215,919,000","145,953,000","127,022,000","29,839,000","45,221,000","26,706,000","120,709,000","100,985,000","91,460,000","90,314,000","83,887,000","88,176,000","81,068,000","74,808,000","71,342,000","70,799,000","69,888,000","62,394,000","26,603,000","71,076,000","73,918,000","72,748,000","61,139,000","75,351,000","75,287,000","74,807,000","70,393,000","75,194,000","73,828,000","70,388,000","72,026,000","71,054,000","64,422,000","62,291,000","60,922,000","57,718,000","61,122,000","57,163,000","54,678,000","55,861,000","54,993,000","51,805,000","-80,922,000","50,848,000","54,217,000","53,905,000","-63,400,000","59,296,000","65,308,000","67,017,000","69,223,000","72,107,000","72,712,000","68,225,000","67,148,000","63,845,000","59,003,000","58,154,000","-415,572,000","215,200,000","195,400,000","196,600,000","-227,807,000","186,900,000","110,700,000","69,400,000","-95,989,000","49,800,000","45,700,000","39,900,000","-68,444,000","35,500,000","28,200,000","25,400,000","23,700,000","21,400,000","22,500,000","18,900,000","19,100,000","15,600,000","13,200,000","2,200,000"
EBITDA,"1,989,100,000"
ReconciledCostOfRevenue,"853,942,000","211,047,000","221,036,000","212,398,000","209,460,000","213,138,000","212,843,000","198,103,000","199,019,000","190,391,000","197,818,000","195,112,000","184,784,000","192,737,000","194,147,000","191,754,000","191,920,000","181,807,000","187,288,000","180,253,000","175,974,000","169,444,000","177,127,000","170,010,000","166,693,000","158,240,000","166,071,000","157,982,000","159,839,000","152,574,000","150,208,000","143,498,000","143,027,000","135,899,000","148,453,000","132,749,000","106,934,000","100,035,000","96,549,000","94,010,000","90,114,000","86,043,000","94,078,000","92,726,000","92,912,000","93,064,000","88,967,000","89,060,000","88,203,000","74,275,000","89,909,000","89,099,000","65,132,000","149,335,000","74,033,000",,,,,,,,,,,,,,,,,,,,,,,,,,,,,,,,,,,,,,,,,,,,,,,,,,,,,,,,,,
ReconciledDepreciation,"758,596,000","197,036,000","193,791,000","184,472,000","183,297,000","177,823,000","175,348,000","176,249,000","177,911,000","171,365,000","165,464,000","162,692,000","162,057,000","158,914,000","156,539,000","156,684,000","159,059,000","157,100,000","144,990,000","141,439,000","140,621,000","140,020,000","131,729,000","132,469,000","127,216,000","122,259,000","120,184,000","118,627,000","116,853,000","114,084,000","111,836,000","110,395,000","106,367,000","102,378,000","152,557,000","195,451,000","109,829,000","61,697,000","65,998,000","65,019,000","63,312,000","63,314,000","62,736,000","62,920,000","61,299,000","60,615,000","58,753,000","57,479,000","56,095,000","56,593,000","55,316,000","53,737,000","52,640,000","50,955,000","40,769,000","58,936,000","48,792,000","36,368,000","49,092,000","46,632,000","49,633,000","43,265,000","121,525,000","3,045,000","5,156,000","43,585,000","41,005,000","42,122,000","43,689,000","41,613,000","43,792,000","41,436,000","40,758,000","40,490,000","39,245,000","39,112,000","39,133,000","39,519,000","37,756,000","36,376,000","34,923,000","36,125,000","33,008,000","32,989,000","31,563,000","32,406,000","31,163,000","31,791,000","30,667,000","29,823,000","28,500,000","27,400,000","28,000,000","31,524,000","24,200,000","14,600,000","9,900,000","7,909,000","7,000,000","6,400,000","5,700,000","5,389,000","5,100,000","4,200,000","4,000,000","3,800,000","3,300,000","3,300,000","3,300,000","2,700,000","2,800,000","2,500,000","400,000"
NetIncomeFromContinuingOperationNetMinorityInterest,"1,004,299,000","335,209,000","78,914,000","447,953,000","142,223,000","341,128,000","147,703,000","170,828,000","167,971,000","167,650,000","279,677,000","168,281,000","170,366,000","385,734,000","192,486,000","254,662,000","141,643,000","237,573,000","238,248,000","165,225,000","235,875,000","242,235,000","356,392,000","197,444,000","237,931,000","155,428,000","206,142,000","172,324,000","208,144,000","142,638,000","241,100,000","158,086,000","103,560,000","82,514,000","-13,936,000","2,173,000","-11,510,000","61,470,000","86,844,000","60,708,000","56,837,000","49,591,000","46,632,000","35,789,000","30,341,000","25,153,000","26,886,000","28,952,000","20,237,000","-14,799,000","30,352,000","17,674,000","47,048,000","-25,522,000","48,177,000","49,384,000","46,730,000","103,291,000","49,677,000","50,513,000","46,520,000","49,276,000","45,076,000","37,906,000","46,888,000","29,747,000","25,824,000","28,854,000","31,111,000","22,236,000","22,153,000","22,051,000","19,546,000","21,388,000","41,534,000","20,594,000","20,368,000","17,193,000","27,616,000","37,346,000","40,721,000","5,772,000","86,668,000","48,518,000","51,599,000","54,281,000","58,494,000","50,657,000","47,172,000","74,276,000","44,100,000","34,200,000","19,800,000","27,764,000","31,500,000","18,200,000","13,000,000","12,041,000","10,600,000","8,500,000","7,800,000","7,537,000","5,800,000","4,100,000","3,200,000","3,100,000","2,100,000","4,400,000","1,900,000","2,400,000","2,300,000","2,400,000","400,000"
TotalUnusualItemsExcludingGoodwill,"582,449,000","214,380,000","-18,071,000","332,777,000","53,363,000","251,896,000","30,628,000","36,143,000","15,435,000","-3,394,000","129,181,000","17,624,000","13,727,000","225,340,000","25,111,000","104,040,000","-1,186,000","85,171,000","26,829,000","19,335,000","75,899,000","83,510,000","209,137,000","28,968,000","50,170,000","7,777,000","50,154,000","33,815,000","63,983,000","31,326,000","-406,000","58,516,000","-715,000","-13,930,000","-55,660,000","-3,528,000","-40,059,000","12,745,000","0","280,000","-1,179,000","-1,940,000","-336,000","-1,341,000",,,"0","0","227,000","3,739,000","241,000","-20,302,000",,"-57,899,000","0","0","0","-545,000","0","0","1,090,000","-304,000","1,010,000","0","13,166,000",,,,,,,,,,,,,,,,,,,,"4,901,000",,,,,,"6,900,000","100,000","-11,400,000",,,,,,,,,,,,,,,,,,,,
TotalUnusualItems,"582,449,000","214,380,000","-18,071,000","332,777,000","53,363,000","251,896,000","30,628,000","36,143,000","15,435,000","-3,394,000","129,181,000","17,624,000","13,727,000","225,340,000","25,111,000","104,040,000","-1,186,000","85,171,000","26,829,000","19,335,000","75,899,000","83,510,000","209,137,000","28,968,000","50,170,000","7,777,000","50,154,000","33,815,000","63,983,000","31,326,000","-406,000","58,516,000","-715,000","-13,930,000","-55,660,000","-3,528,000","-40,059,000","12,745,000","0","280,000","-1,179,000","-1,940,000","-336,000","-1,341,000",,,"0","0","227,000","3,739,000","241,000","-20,302,000",,"-57,899,000","0","0","0","-545,000","0","0","1,090,000","-304,000","1,010,000","0","13,166,000",,,,,,,,,,,,,,,,,,,,"4,901,000",,,,,,"6,900,000","100,000","-11,400,000",,,,,,,,,,,,,,,,,,,,
NormalizedEBITDA,"1,406,651,000","377,964,000","348,875,000","355,786,000","324,026,000","316,452,000","345,659,000","363,241,000","386,487,000","398,445,000","378,669,000","363,384,000","366,652,000","374,141,000","377,961,000","363,831,000","356,948,000","361,977,000","404,125,000","337,458,000","349,818,000","348,551,000","326,814,000","347,437,000","358,370,000","313,912,000","319,340,000","301,655,000","306,496,000","282,639,000","399,619,000","267,798,000","253,035,000","243,330,000","246,181,000","244,855,000","176,594,000","170,556,000","166,983,000","156,199,000","154,805,000","149,141,000","151,248,000","143,988,000","136,107,000","131,957,000","129,552,000","127,367,000","118,489,000","79,457,000","126,151,000","147,957,000","125,388,000","170,202,000","124,748,000","134,223,000","123,599,000","118,116,000","124,286,000","120,460,000","118,931,000","115,595,000","191,569,000","105,660,000","88,744,000","104,507,000","98,723,000","103,244,000","100,852,000","96,291,000","99,653,000","96,429,000","92,563,000","-40,432,000","90,093,000","93,329,000","93,038,000","-23,881,000","97,052,000","101,684,000","101,940,000","105,348,000","105,115,000","105,701,000","94,887,000","99,554,000","95,008,000","90,794,000","88,821,000","-385,749,000","236,800,000","222,700,000","236,000,000","-196,283,000","211,100,000","125,300,000","79,300,000","-88,080,000","56,800,000","52,100,000","45,600,000","-63,055,000","40,600,000","32,400,000","29,400,000","27,500,000","24,700,000","25,800,000","22,200,000","21,800,000","18,400,000","15,700,000","2,600,000"
TaxRateForCalcs,"0.006","0.013","0.027","0","0.27","0.27","0.27","0.27","0.001","0.011","0.038","0","0","0.27","0","0","0","0","0","0","0","0.001","0","0","0","0.4","0.4","0.4","0.4","0.35","0.35","0.35","0.35","0.35","0","0.35","0","0.35","0.35","0.35","0.35","0.35","0.35","0.35","0.35","0.35","0.35","0.35","0.35","0.35","0.35","0.35","0.35","0.35","0.35","0.35","0.35","0.35","0.35","0.35","0.35","0.4","0.4","0.4","0.4","0.4","0.4","0.4","0.4","0.4","0.4","0.4","0.4","0.4","0.4","0.4","0.4","0.4","0.4","0.4","0.4","0.4","0.4","0.4","0.4","0.4","0.4","0.4","0.4","0.4","0.4","0.4","0.4","0.4","0.4","0.4","0.4","0.4","0.4","0.4","0.4","0.4","0.4","0.4","0.4","0.4","0.4","0.4","0.4","0.4","0.281","0.25","0.2"
TaxEffectOfUnusualItems,"3,305,827.622","2,713,862.667","-485,976.218","7,428.274","14,408,010","68,011,920","8,269,560","9,758,610","8,355.801","-36,543.93","4,966,638.262","0","966.52","60,841,800","3,784.214","23,701.085","0","13,984.503","2,702.913","6,786.181","6,437.547","72,349.862","12,911.467","5,284.123","7,802.357","3,110,800","20,061,600","13,526,000","25,593,200","10,964,100","-142,100","20,480,600","-250,250","-4,875,500","0","-1,234,800","0","4,460,750","0","98,000","-412,650","-679,000","-117,600","0","0","0","0","0","0","1,308,650","84,350","-7,105,700","0","-20,264,650","0","0","0","-190,750","0","0","381,500","-121,600","404,000","0","5,266,400","0","0","0","0","0","0","0","0","0","0","0","0","0","0","0","0","0","0","0","1,960,400","0","0","0","0","0","2,760,000","40,000","-4,560,000","0","0","0","0","0","0","0","0","0","0","0","0","0","0","0","0","0","0","0","0"