name,ttm,12/31/2021,09/30/2021,06/30/2021,03/31/2021,12/31/2020,09/30/2020,06/30/2020,03/31/2020,12/31/2019,09/30/2019,06/30/2019,03/31/2019,12/31/2018,09/30/2018,06/30/2018,03/31/2018,12/31/2017,09/30/2017,06/30/2017,03/31/2017,12/31/2016,09/30/2016,06/30/2016,03/31/2016,12/31/2015,09/30/2015,06/30/2015,03/31/2015,12/31/2014,09/30/2014,06/30/2014,03/31/2014,12/31/2013,09/30/2013,06/30/2013,03/31/2013,12/31/2012,09/30/2012,06/30/2012,03/31/2012,12/31/2011,09/30/2011,06/30/2011,03/31/2011,12/31/2010,09/30/2010,06/30/2010,03/31/2010,12/31/2009,09/30/2009,06/30/2009,03/31/2009,12/31/2008,09/30/2008,06/30/2008,03/31/2008,12/31/2007,09/30/2007,06/30/2007,03/31/2007,12/31/2006,09/30/2006,06/30/2006,03/31/2006,12/31/2005,09/30/2005,06/30/2005,03/31/2005,12/31/2004,09/30/2004,06/30/2004,03/31/2004,12/31/2003,09/30/2003,06/30/2003,03/31/2003,12/31/2002,09/30/2002,06/30/2002,03/31/2002,12/31/2001,09/30/2001,06/30/2001,03/31/2001,12/31/2000,09/30/2000,06/30/2000,03/31/2000,12/31/1999,09/30/1999,06/30/1999,03/31/1999,12/31/1998,09/30/1998,06/30/1998,03/31/1998,12/31/1997,09/30/1997,06/30/1997,03/31/1997,12/31/1996,09/30/1996,06/30/1996,03/31/1996,12/31/1995,09/30/1995,06/30/1995,03/31/1995,12/31/1994,09/30/1994,06/30/1994,03/31/1994,12/31/1993,09/30/1993,06/30/1993,03/31/1993,12/31/1992,09/30/1992,06/30/1992,03/31/1992,12/31/1991,09/30/1991,06/30/1991,03/31/1991,08/31/1990,05/31/1990,02/28/1990,11/30/1989,08/31/1989,05/31/1989,02/28/1989,11/30/1988,08/31/1988,05/31/1988,02/29/1988,11/30/1987,08/31/1987,05/31/1987,02/28/1987,11/30/1986,08/31/1986,05/31/1986,02/28/1986,11/30/1985,08/31/1985
TotalRevenue,"8,408,300,000","2,183,200,000","2,071,800,000","2,102,000,000","2,051,300,000","1,990,900,000","1,729,100,000","1,528,500,000","1,723,000,000","1,772,900,000","1,761,400,000","1,795,700,000","1,740,100,000","1,768,700,000","1,759,700,000","1,854,200,000","1,776,400,000","1,735,300,000","1,679,500,000","1,626,900,000","1,572,100,000","1,550,800,000","1,508,700,000","1,541,500,000","1,485,500,000","1,454,800,000","1,468,100,000","1,516,000,000","1,528,000,000","1,604,800,000","1,559,600,000","1,615,800,000","1,550,100,000","1,583,900,000","1,504,900,000","1,552,300,000","1,498,900,000","1,532,200,000","1,487,800,000","1,532,300,000","1,483,300,000","941,700,000","1,699,600,000","1,725,700,000","1,659,300,000","1,637,100,000","1,640,800,000","1,680,100,000","1,554,700,000","1,521,800,000","1,549,300,000","1,455,400,000","1,426,200,000","1,511,500,000","1,724,800,000","1,828,900,000","1,645,200,000","1,714,000,000","1,680,400,000","1,523,500,000","1,389,900,000","1,411,400,000","1,417,600,000","1,409,700,000","1,337,200,000","1,346,100,000","1,362,500,000","1,418,600,000","1,346,300,000","1,434,000,000","1,336,200,000","1,324,000,000","1,246,700,000","1,231,100,000","1,204,100,000","1,192,200,000","1,150,600,000","1,105,300,000","1,114,500,000","1,056,300,000","930,800,000","912,600,000","966,700,000","960,800,000","963,200,000","933,100,000","1,001,700,000","993,400,000","965,300,000","944,800,000","961,000,000","928,500,000","933,900,000","884,600,000","860,200,000","871,500,000","843,600,000","836,400,000","835,600,000","844,800,000","828,900,000","808,900,000","819,300,000","797,700,000","796,600,000","776,700,000","783,500,000","780,500,000","773,200,000","736,700,000","733,700,000","718,600,000","667,700,000","641,900,000","638,100,000","662,200,000","666,500,000","629,700,000","655,900,000","667,500,000","669,800,000","649,400,000","609,200,000","626,600,000","659,900,000","448,600,000","469,900,000","431,400,000","449,800,000","422,700,000","446,000,000","413,900,000","416,600,000","381,600,000","409,900,000","373,900,000","387,000,000","367,100,000","380,600,000","330,800,000","329,600,000","271,600,000","280,200,000","249,700,000","250,900,000","226,300,000"
	OperatingRevenue,"8,408,300,000","2,183,200,000","2,071,800,000","2,102,000,000","2,051,300,000","1,990,900,000","1,729,100,000","1,528,500,000","1,723,000,000","1,772,900,000","1,761,400,000","1,795,700,000","1,740,100,000","1,768,700,000","1,759,700,000","1,854,200,000","1,776,400,000","1,735,300,000","1,679,500,000","1,626,900,000","1,572,100,000","1,550,800,000","1,508,700,000","1,541,500,000","1,485,500,000","1,454,800,000","1,468,100,000","1,516,000,000","1,528,000,000","1,604,800,000","1,559,600,000","1,615,800,000","1,550,100,000","1,583,900,000","1,504,900,000","1,552,300,000","1,498,900,000","1,532,200,000","1,487,800,000","1,532,300,000","1,483,300,000","941,700,000","1,699,600,000","1,725,700,000","1,659,300,000","1,637,100,000","1,640,800,000","1,680,100,000","1,554,700,000","1,521,800,000","1,549,300,000","1,455,400,000","1,426,200,000","1,511,500,000","1,724,800,000","1,828,900,000","1,645,200,000","1,714,000,000","1,680,400,000","1,523,500,000","1,389,900,000","1,411,400,000","1,417,600,000","1,409,700,000","1,337,200,000","1,346,100,000","1,362,500,000","1,418,600,000","1,346,300,000","1,434,000,000","1,336,200,000","1,324,000,000","1,246,700,000","1,231,100,000","1,204,100,000","1,192,200,000","1,150,600,000","1,105,300,000","1,114,500,000","1,056,300,000","930,800,000","912,600,000","966,700,000","960,800,000","963,200,000","933,100,000","1,001,700,000","993,400,000","965,300,000","944,800,000","961,000,000","928,500,000","933,900,000","884,600,000","860,200,000","871,500,000","843,600,000","836,400,000","835,600,000","844,800,000","828,900,000","808,900,000","819,300,000","797,700,000","796,600,000","776,700,000","783,500,000","780,500,000","773,200,000","736,700,000","733,700,000","718,600,000","667,700,000","641,900,000","638,100,000","662,200,000","666,500,000","629,700,000","655,900,000","667,500,000","669,800,000","649,400,000","609,200,000","626,600,000","659,900,000","448,600,000","469,900,000","431,400,000","449,800,000","422,700,000","446,000,000","413,900,000","416,600,000","381,600,000","409,900,000","373,900,000","387,000,000","367,100,000","380,600,000","330,800,000","329,600,000","271,600,000","280,200,000","249,700,000","250,900,000","226,300,000"
CostOfRevenue,"6,095,500,000","1,598,100,000","1,517,400,000","1,525,700,000","1,454,300,000","1,419,800,000","1,244,900,000","1,145,600,000","1,237,900,000","1,288,200,000","1,289,700,000","1,313,400,000","1,274,700,000","1,297,200,000","1,300,500,000","1,352,800,000","1,293,000,000","1,269,700,000","1,227,900,000","1,174,300,000","1,129,700,000","1,125,400,000","1,091,100,000","1,107,400,000","1,062,900,000","1,062,500,000","1,062,200,000","1,098,400,000","1,098,000,000","1,189,700,000","1,158,900,000","1,187,600,000","1,142,900,000","1,167,600,000","1,102,700,000","1,134,800,000","1,097,200,000","1,134,500,000","1,095,800,000","1,132,500,000","1,095,700,000","781,300,000","1,263,900,000","1,254,800,000","1,204,900,000","1,195,300,000","1,187,800,000","1,189,700,000","1,113,900,000","1,106,700,000","1,113,300,000","1,065,100,000","1,081,100,000","1,133,100,000","1,290,500,000","1,338,600,000","1,221,200,000","1,231,400,000","1,214,800,000","1,113,700,000","1,025,500,000","1,021,900,000","1,026,900,000","1,016,700,000","982,000,000","934,800,000","966,500,000","992,600,000","958,500,000","1,001,000,000","946,800,000","933,400,000","880,200,000","858,400,000","848,600,000","820,800,000","786,500,000","760,200,000","761,300,000","709,800,000","621,900,000","616,000,000","653,900,000","649,000,000","644,200,000","579,700,000","622,400,000","610,500,000","591,800,000","576,900,000","595,600,000","578,400,000","585,500,000","558,900,000","547,300,000","548,900,000","533,100,000","530,600,000","536,300,000","542,100,000","537,200,000","517,100,000","529,900,000","521,400,000","522,400,000","509,100,000","521,700,000","519,100,000","498,800,000","474,100,000","475,100,000","466,100,000","431,100,000","413,300,000","415,800,000","432,200,000","433,900,000","406,600,000","422,300,000","425,600,000","436,300,000","390,900,000","407,300,000","423,700,000","434,700,000","295,100,000","304,500,000","280,100,000","301,200,000","276,600,000","300,700,000",,,,,,,,,,,,,,,
GrossProfit,"2,312,800,000","585,100,000","554,400,000","576,300,000","597,000,000","571,100,000","484,200,000","382,900,000","485,100,000","484,700,000","471,700,000","482,300,000","465,400,000","471,500,000","459,200,000","501,400,000","483,400,000","465,600,000","451,600,000","452,600,000","442,400,000","425,400,000","417,600,000","434,100,000","422,600,000","392,300,000","405,900,000","417,600,000","430,000,000","415,100,000","400,700,000","428,200,000","407,200,000","416,300,000","402,200,000","417,500,000","401,700,000","397,700,000","392,000,000","399,800,000","387,600,000","160,400,000","435,700,000","470,900,000","454,400,000","441,800,000","453,000,000","490,400,000","440,800,000","415,100,000","436,000,000","390,300,000","345,100,000","378,400,000","434,300,000","490,300,000","424,000,000","482,600,000","465,600,000","409,800,000","364,400,000","389,500,000","390,700,000","393,000,000","355,200,000","411,300,000","396,000,000","426,000,000","387,800,000","433,000,000","389,400,000","390,600,000","366,500,000","372,700,000","355,500,000","371,400,000","364,100,000","345,100,000","353,200,000","346,500,000","308,900,000","296,600,000","312,800,000","311,800,000","319,000,000","353,400,000","379,300,000","382,900,000","373,500,000","367,900,000","365,400,000","350,100,000","348,400,000","325,700,000","312,900,000","322,600,000","310,500,000","305,800,000","299,300,000","302,700,000","291,700,000","291,800,000","289,400,000","276,300,000","274,200,000","267,600,000","261,800,000","261,400,000","274,400,000","262,600,000","258,600,000","252,500,000","236,600,000","228,600,000","222,300,000","230,000,000","232,600,000","223,100,000","233,600,000","241,900,000","233,500,000","258,500,000","201,900,000","202,900,000","225,200,000","153,500,000","165,400,000","151,300,000","148,600,000","146,100,000","145,300,000",,,,,,,,,,,,,,,
OperatingExpense,"1,248,500,000","332,300,000","296,900,000","307,000,000","312,300,000","301,800,000","258,300,000","219,400,000","281,000,000","273,100,000","265,300,000","265,700,000","276,300,000","274,500,000","270,500,000","287,500,000","295,000,000","286,000,000","277,200,000","276,700,000","283,300,000","279,800,000","270,300,000","269,200,000","278,200,000","266,300,000","268,100,000","273,800,000","300,900,000","285,300,000","276,300,000","297,000,000","296,700,000","298,900,000","285,700,000","293,500,000","300,900,000","296,300,000","293,900,000","292,700,000","296,500,000","150,000,000","326,400,000","330,000,000","364,500,000","345,000,000","346,400,000","338,900,000","340,100,000","341,400,000","323,100,000","300,100,000","304,200,000","309,800,000","325,500,000","341,000,000","328,000,000","333,000,000","330,400,000","270,800,000","248,300,000","262,400,000","252,600,000","251,300,000","244,800,000","281,400,000","266,900,000","292,500,000","292,000,000","307,100,000","273,100,000","274,300,000","257,900,000","269,000,000","253,300,000","265,500,000","249,500,000","236,500,000","239,500,000","231,400,000","205,700,000","203,300,000","209,600,000","208,400,000","209,200,000","241,900,000","254,800,000","257,900,000","253,600,000","252,400,000","252,600,000","243,200,000","244,800,000","232,100,000","220,900,000","227,300,000","220,100,000","216,800,000","213,100,000","217,600,000","209,100,000","210,200,000","210,000,000","202,800,000","202,800,000","199,500,000","193,900,000","194,700,000","209,600,000","207,700,000","205,300,000","196,300,000","185,100,000","186,700,000","180,400,000","184,000,000","187,000,000","184,100,000","191,700,000","193,900,000","189,900,000","219,800,000","171,500,000","167,800,000","187,100,000","126,200,000","124,100,000","110,000,000","107,000,000","111,800,000","99,500,000",,,,,,,,,,,,,,,
	SellingGeneralAndAdministration,"1,248,500,000","332,300,000","296,900,000","307,000,000","312,300,000","301,800,000","258,300,000","219,400,000","281,000,000","273,100,000","265,300,000","265,700,000","276,300,000","274,500,000","270,500,000","287,500,000","295,000,000","286,000,000","277,200,000","276,700,000","283,300,000","279,800,000","270,300,000","269,200,000","278,200,000","266,300,000","268,100,000","273,800,000","300,900,000","285,300,000","276,300,000","297,000,000","296,700,000","298,900,000","285,700,000","293,500,000","300,900,000","296,300,000","293,900,000","292,700,000","296,500,000","150,000,000","326,400,000","330,000,000","364,500,000","345,000,000","346,400,000","338,900,000","340,100,000","341,400,000","323,100,000","300,100,000","304,200,000","309,800,000","325,500,000","341,000,000","328,000,000","333,000,000","330,400,000","270,800,000","248,300,000","262,400,000","252,600,000","251,300,000","244,800,000","281,400,000","266,900,000","292,500,000","292,000,000","307,100,000","273,100,000","274,300,000","257,900,000","269,000,000","253,300,000","265,500,000","249,500,000","236,500,000","239,500,000","231,400,000","205,700,000","203,300,000","209,600,000","208,400,000","209,200,000","202,600,000","215,800,000","218,700,000","214,200,000","212,300,000","214,700,000","207,300,000","208,300,000","198,200,000","188,900,000","196,000,000","190,100,000","186,900,000","183,900,000","188,700,000","180,300,000","181,100,000","181,100,000","174,900,000","175,300,000","170,400,000","167,100,000","172,300,000","180,000,000","180,100,000","179,300,000","171,500,000","161,000,000","160,100,000","157,000,000","161,200,000","164,400,000","162,200,000","165,800,000","171,100,000","166,600,000","169,700,000","156,000,000","161,900,000","166,300,000","113,800,000","110,100,000","98,900,000","106,300,000","96,400,000","88,700,000",,,,,,,,,,,,,,,
		GeneralAndAdministrativeExpense,,,,,,,,,,,,,,,,,,"286,000,000",,"276,700,000",,"279,800,000",,"269,200,000",,"266,300,000",,"273,800,000",,"285,300,000","276,300,000","297,000,000",,,"285,700,000",,,,,,,,,,,,,,,,,,,,,,,,,,,,,,,,,,,,,,,,,,,,,,,,,,,,,,,,,,,,,,,,,,,,,,,,,,,,,,,,,,,,,,,,,,,,,,,,,,,,,,,,,,,,,,,
			OtherGandA,,,,,,,,,,,,,,,,,,"286,000,000",,"276,700,000",,"279,800,000",,"269,200,000",,"266,300,000",,"273,800,000",,"285,300,000","276,300,000","297,000,000",,,"285,700,000",,,,,,,,,,,,,,,,,,,,,,,,,,,,,,,,,,,,,,,,,,,,,,,,,,,,,,,,,,,,,,,,,,,,,,,,,,,,,,,,,,,,,,,,,,,,,,,,,,,,,,,,,,,,,,,
		SellingAndMarketingExpense,,,,,,,,,,,,,,,,,,,,,,,,,,,,,,,,,,,,,,,,,"296,500,000",,,,,,,,,,,,,,,,,,,,,,,,,,,,,,,,,,,,,,,,,,,,,,,,,,,,,,,,,,,,,,,,,,,,,,,,,,,,,,,,,,,,,,,,,,,,,,,,,,,,,,,,,
	DepreciationAmortizationDepletionIncomeStatement,,,,,,,,,,,,,,,,,,,,,,,,,,,,,,,,,,,,,,,,,,,,,,,,,,,,,,,,,,,,,,,,,,,,,,,,,,,,,,,,,,,,,,"39,300,000","39,000,000","39,200,000","39,400,000","40,100,000","37,900,000","35,900,000","36,500,000","33,900,000","32,000,000","31,300,000","30,000,000","29,900,000","29,200,000","28,900,000","28,800,000","29,100,000","28,900,000","27,900,000","27,500,000","29,100,000","26,800,000","22,400,000","29,600,000","27,600,000","26,000,000","24,800,000","24,100,000","26,600,000","23,400,000","22,800,000","22,600,000","21,900,000","25,900,000","22,800,000","23,300,000","50,100,000","15,500,000","5,900,000","20,800,000","12,400,000","14,000,000","11,100,000","700,000","15,400,000","10,800,000",,,,,,,,,,,,,,,
		DepreciationAndAmortizationInIncomeStatement,,,,,,,,,,,,,,,,,,,,,,,,,,,,,,,,,,,,,,,,,,,,,,,,,,,,,,,,,,,,,,,,,,,,,,,,,,,,,,,,,,,,,,"39,300,000","39,000,000","39,200,000","39,400,000","40,100,000","37,900,000","35,900,000","36,500,000","33,900,000","32,000,000","31,300,000","30,000,000","29,900,000","29,200,000","28,900,000","28,800,000","29,100,000","28,900,000","27,900,000","27,500,000","29,100,000","26,800,000","22,400,000","29,600,000","27,600,000","26,000,000","24,800,000","24,100,000","26,600,000","23,400,000","22,800,000","22,600,000","21,900,000","25,900,000","22,800,000","23,300,000","50,100,000","15,500,000","5,900,000","20,800,000","12,400,000","14,000,000","11,100,000","700,000","15,400,000","10,800,000",,,,,,,,,,,,,,,
	OtherOperatingExpenses,,,,,,,,,,,,,,,,,,,,,,,,,,,,,,,,,,,,,,,,,,,,,,,,"4,600,000","6,300,000",,"35,500,000",,,,,,,,,,,,,,,,,,,,,,,,,,,,,,,,,,,,,,,,,,,,,,,,,,,,,,,,,,,,,,,,,,,,,,,,,,,,,,,,,,,,,,,,,,,,,,,
OperatingIncome,"1,064,300,000","252,800,000","257,500,000","269,300,000","284,700,000","269,300,000","225,900,000","163,500,000","204,100,000","211,600,000","206,400,000","216,600,000","189,100,000","197,000,000","188,700,000","213,900,000","188,400,000","179,600,000","174,400,000","175,900,000","159,100,000","145,600,000","147,300,000","164,900,000","144,400,000","126,000,000","137,800,000","143,800,000","129,100,000","129,800,000","124,400,000","131,200,000","110,500,000","117,400,000","116,500,000","124,000,000","100,800,000","101,400,000","98,100,000","107,100,000","91,100,000","10,400,000","109,300,000","140,900,000","89,900,000","96,800,000","106,600,000","151,500,000","100,700,000","73,700,000","112,900,000","90,200,000","40,900,000","68,600,000","108,800,000","149,300,000","96,000,000","149,600,000","135,200,000","139,000,000","116,100,000","127,100,000","138,100,000","141,700,000","110,400,000","129,900,000","129,100,000","133,500,000","95,800,000","125,900,000","116,300,000","116,300,000","108,600,000","103,700,000","102,200,000","105,900,000","114,600,000","108,600,000","113,700,000","115,100,000","103,200,000","93,300,000","103,200,000","103,400,000","109,800,000","111,500,000","124,500,000","125,000,000","119,900,000","115,500,000","112,800,000","106,900,000","103,600,000","93,600,000","92,000,000","95,300,000","90,400,000","89,000,000","86,200,000","85,100,000","82,600,000","81,600,000","79,400,000","73,500,000","71,400,000","68,100,000","67,900,000","66,700,000","64,800,000","54,900,000","53,300,000","56,200,000","51,500,000","41,900,000","41,900,000","46,000,000","45,600,000","39,000,000","41,900,000","48,000,000","43,600,000","38,700,000","30,400,000","35,100,000","38,100,000","27,300,000","41,300,000","41,300,000","41,600,000","34,300,000","45,800,000","413,900,000","-1,013,700,000","381,600,000","409,900,000","373,900,000","-953,800,000","367,100,000","380,600,000","330,800,000","-700,200,000","271,600,000","280,200,000","249,700,000","-588,900,000","226,300,000"
NetNonOperatingInterestIncomeExpense,"-70,200,000","-20,000,000","-18,000,000","-16,000,000","-16,200,000","-15,600,000","-15,600,000","-20,000,000","-18,800,000","-17,800,000","-19,000,000","-19,500,000","-19,500,000","-16,300,000","-14,700,000","-14,300,000","-13,200,000","-13,300,000","-16,800,000","-16,200,000","-16,700,000","-14,500,000","-14,700,000","-15,400,000","-15,300,000","-15,200,000","-14,700,000","-15,300,000","-15,300,000","-16,900,000","-15,400,000","-15,600,000","-15,400,000","-16,000,000","-16,000,000","-14,800,000","-12,200,000","-17,900,000","-18,000,000","-18,600,000","-18,300,000","-17,500,000","-17,900,000","-17,700,000","-17,900,000","-18,900,000","-19,100,000","-21,100,000","-17,500,000","-18,300,000","-19,100,000","-20,400,000","-27,500,000",,,,,,,,,,,,,,,,,,,,,,,,,,,,,,,,,,,,,,,,,,,,,,,,,,,,,,,,,,,,,,,,,,,,,,,,,,,,,,,,,,,,,,,,,,,,,
	InterestExpenseNonOperating,"70,200,000","20,000,000","18,000,000","16,000,000","16,200,000","15,600,000","15,600,000","20,000,000","18,800,000","17,800,000","19,000,000","19,500,000","19,500,000","16,300,000","14,700,000","14,300,000","13,200,000","13,300,000","16,800,000","16,200,000","16,700,000","14,500,000","14,700,000","15,400,000","15,300,000","15,200,000","14,700,000","15,300,000","15,300,000","16,900,000","15,400,000","15,600,000","15,400,000","16,000,000","16,000,000","14,800,000","12,200,000","17,900,000","18,000,000","18,600,000","18,300,000","17,500,000","17,900,000","17,700,000","17,900,000","18,900,000","19,100,000","21,100,000","17,500,000","18,300,000","19,100,000","20,400,000","27,500,000",,,,,,,,,,,,,,,,,,,,,,,,,,,,,,,,,,,,,,,,,,,,,,,,,,,,,,,,,,,,,,,,,,,,,,,,,,,,,,,,,,,,,,,,,,,,,
OtherIncomeExpense,"-1,500,000","11,200,000","-15,100,000","2,000,000","400,000","1,600,000","-12,500,000","-40,200,000","-4,400,000","-28,500,000","-7,500,000","-8,400,000","-454,000,000","-92,900,000","-6,000,000","-59,700,000","-16,100,000","-9,000,000","-10,800,000","-10,200,000","-6,500,000","-4,800,000","-4,600,000","-50,200,000","-5,600,000","-19,300,000","-7,000,000","-27,700,000","-14,300,000","-14,600,000","-7,800,000","-38,500,000","-7,300,000","-3,700,000","-25,700,000","300,000","-7,500,000","-28,300,000","-21,900,000","-11,500,000","-7,700,000","-9,100,000","-20,500,000","-12,400,000","4,600,000","-6,300,000","-10,500,000","-4,600,000","-6,300,000","-28,900,000","-35,500,000","-29,600,000","-929,300,000","-12,300,000","-12,500,000","-5,800,000","-5,600,000","-16,200,000","-33,600,000","-7,500,000","-2,100,000","-5,100,000","-19,500,000","-4,000,000","-7,600,000","-56,900,000","-1,300,000","-2,100,000","-3,300,000","0",,"-13,800,000","-21,400,000","-34,300,000","-200,000","4,000,000",,"-16,900,000","-15,200,000",,,,,,,,,,,"0",,,"-65,000,000",,,,,,,,,"0","2,100,000",,,,,,,,,,,,,,,,,,,,,,,,,,,,,,,,,,,,,,,,,,,
	GainOnSaleOfSecurity,"23,000,000","18,100,000","4,900,000",,,"6,900,000","-1,500,000",,,,,,,"0","-3,400,000",,,,,,,,,,,,,,,,,,,,,,,,,,,,,,,,,,,,,,,,,,,,,,,,,,,,,,,,,,,,,,,,,,,,,,,,,,,,,,,,,,,,,,,,,,,,,,,,,,,,,,,,,,,,,,,,,,,,,,,,,,,,,,,,,,,
	SpecialIncomeCharges,"-28,600,000","-27,500,000","-1,500,000","600,000","-200,000","-6,400,000","-10,900,000","-39,300,000","-2,400,000","-31,500,000","-6,700,000","-7,500,000","-7,500,000","-3,000,000","6,400,000","-57,100,000","-12,800,000","-9,000,000","-10,800,000","-10,200,000","-6,500,000","-4,800,000","-4,600,000","-50,200,000","-5,600,000","-19,300,000","-7,000,000","-27,700,000","-14,300,000","-14,600,000","-7,800,000","-38,500,000","-7,300,000","-3,700,000","-15,700,000","300,000","-7,500,000","-28,300,000","-21,900,000","-11,500,000","-7,700,000","-9,100,000","-20,500,000","-12,400,000","4,600,000","-6,300,000","-10,500,000","-4,600,000","-6,300,000","-28,900,000","-35,500,000","-29,600,000","-929,300,000","-12,300,000","-12,500,000","-5,800,000","-5,600,000","-16,200,000","-33,600,000","-7,500,000","-2,100,000","-5,100,000","-19,500,000","-4,000,000","-7,600,000","-56,900,000","-1,300,000","-2,100,000","-3,300,000","0",,"-13,800,000","-21,400,000","-34,300,000","-200,000","4,000,000",,"-16,900,000","-15,200,000",,,,,,,,,,,"0",,,"-65,000,000",,,,,,,,,"0","2,100,000",,,,,,,,,,,,,,,,,,,,,,,,,,,,,,,,,,,,,,,,,,,
		RestructuringAndMergernAcquisition,"31,400,000","26,300,000","1,100,000","1,600,000","2,400,000","6,900,000","6,500,000","37,500,000","2,400,000","28,100,000","3,300,000","6,100,000","10,400,000","2,000,000","-7,100,000","58,800,000","4,800,000","11,000,000","9,000,000","9,900,000","6,500,000","4,900,000","3,900,000","5,300,000","5,200,000","17,500,000","4,700,000","16,800,000","13,500,000","6,700,000","5,100,000","35,900,000","7,000,000","6,300,000","8,700,000","5,400,000","6,800,000",,,,,,,,,,,,,,,,,,"8,700,000","7,200,000","3,300,000",,"7,500,000","900,000","2,100,000",,"4,500,000","4,700,000","5,400,000",,,,,,,,,,,,,,,,,,,,,,,,,,,,,,,,,,,,,,,,,,,,,,,,,,,,,,,,,,,,,,,,,,,,,,,,,,,,,,,,,
		ImpairmentOfCapitalAssets,,,,,,,,,,,,,,,,,,,,,,,,,,"0","0",,,"0","3,000,000",,,,,,,,,,,,,,,"0","0","0","0","0","0","0","832,000,000",,,,,,,,,,,,,,,,,,,,,,,,,,,,,,,,,,,,,,,,,,,,,,,,,,,,,,,,,,,,,,,,,,,,,,,,,,,,,,,,,,,,,,,,,,,,,
		WriteOff,"3,100,000","1,200,000","1,300,000","100,000","500,000","0","4,400,000","1,800,000",,"3,400,000","0","1,400,000","300,000","1,000,000","700,000","600,000","8,400,000","100,000","1,800,000","300,000","0","1,300,000","700,000","2,800,000","400,000","1,500,000","1,900,000","3,200,000","2,400,000","6,900,000","1,600,000","2,600,000","300,000","1,400,000","8,000,000","2,400,000","1,300,000",,,,,,,,,,,,,,,,,,,,,,,,,,,,,,,,,,,,,,,,,,,,,,,,,,,,,,,,,,,,,,,,,,,,,,,,,,,,,,,,,,,,,,,,,,,,,,,,,,,,,,,,,,,,,
		OtherSpecialCharges,"-400,000","0",,"-2,500,000","2,100,000",,,,,"0","3,400,000",,,"0","3,400,000",,,,,,,"0",,"41,400,000",,"0","200,000",,"-500,000","1,000,000",,"600,000",,"0","-1,600,000","2,500,000",,,,,"7,700,000",,,,,"6,300,000","10,500,000","4,600,000","6,300,000","28,900,000","35,500,000","29,600,000","97,300,000",,"3,800,000","-1,400,000","2,300,000",,"26,100,000","6,600,000",,,"15,000,000","-700,000","2,200,000",,,,,,,,,,,,,,,,,,,,,,,,,,,,,,,,,,,,,,,,,,,,,,,,,,,,,,,,,,,,,,,,,,,,,,,,,,,,,,,,,
		GainOnSaleOfBusiness,"5,700,000","0","900,000","0","4,800,000",,,,,,,,,,,,,,,,,"0","0","-400,000","0","0","-200,000","-7,700,000","-600,000","0","0","0","0","-1,100,000","-1,100,000","-300,000","-700,000",,,,,,,,,,,,,,,,,,,,,,,,,,,,,,,,,,,,,,,,,,,,,,,,,,,,,,,,,,,,,,,,,,,,,,,,,,,,,,,,,,,,,,,,,,,,,,,,,,,,,,,,,,,,,
		GainOnSaleOfPPE,"-200,000","0","0","-200,000","4,800,000","500,000",,"0","0","0","0","0","3,200,000","0","0","2,300,000","400,000","2,100,000",,"0",,"1,400,000",,"-300,000","0","0","0","0","1,700,000","0","1,900,000","600,000","0","5,100,000","500,000","10,900,000","1,300,000",,,,,,,,,,,,,,,,,,,,,,,,,,,,,,,,,,,,,,,,,,,,,,,,,,,,,,,,,,,,,,,,,,,,,,,,,,,,,,,,,,,,,,,,,,,,,,,,,,,,,,,,,,,,,
	OtherNonOperatingIncomeExpenses,"4,100,000","20,600,000","-18,500,000","1,400,000","600,000","1,100,000","-100,000","-900,000","-2,000,000","3,000,000","-800,000","-900,000","-446,500,000","-89,900,000","-9,000,000","-2,600,000","-3,300,000","-9,000,000","-10,800,000","-10,200,000","-6,500,000","0","-4,600,000","-41,400,000","-5,600,000","-19,300,000","-7,000,000","-27,700,000","-14,300,000","-1,000,000","-7,800,000","-600,000","-7,300,000","0","-10,000,000","300,000","-7,500,000","-28,300,000",,,,,,,,,,,,,,,,,,,,,,,,,,,,,,,,,,,,,,,,,,,,,,,,,,,,,,,,,,,,,,,,,,,,,,,,,,,,,,,,,,,,,,,,,,,,,,,,,,,,,,,,,,,,
PretaxIncome,"992,600,000","244,000,000","224,400,000","255,300,000","268,900,000","255,300,000","197,800,000","103,300,000","180,900,000","165,300,000","179,900,000","188,700,000","-284,400,000","87,800,000","168,000,000","139,900,000","159,100,000","157,300,000","146,800,000","149,500,000","135,900,000","126,300,000","128,000,000","99,300,000","123,500,000","91,500,000","116,100,000","100,800,000","99,500,000","98,300,000","101,200,000","77,100,000","87,800,000","97,700,000","74,800,000","109,500,000","81,100,000","55,200,000","58,200,000","77,000,000","65,100,000","-16,200,000","70,900,000","110,800,000","67,400,000","71,600,000","77,000,000","125,800,000","76,900,000","26,500,000","58,300,000","40,200,000","-915,900,000","28,200,000","67,300,000","114,200,000","60,900,000","99,100,000","65,900,000","111,400,000","98,900,000","108,700,000","104,500,000","124,100,000","88,300,000","60,100,000","113,100,000","115,600,000","78,000,000","109,700,000","102,500,000","88,700,000","72,500,000","55,000,000","88,100,000","95,400,000","99,700,000","78,700,000","86,700,000","105,500,000","93,900,000","83,100,000","90,800,000","89,900,000","96,000,000","98,000,000","110,300,000","110,400,000","107,600,000","103,300,000","101,200,000","97,700,000","28,200,000","84,300,000","83,300,000","86,800,000","82,300,000","82,600,000","78,200,000","76,300,000","74,100,000","72,600,000","71,400,000","64,100,000","62,500,000","59,000,000","55,900,000","55,000,000","54,800,000","45,000,000","43,600,000","44,300,000","40,000,000","30,600,000","30,200,000","35,600,000","35,800,000","29,900,000","30,500,000","36,500,000","33,300,000","29,900,000","20,900,000","25,800,000","28,200,000","21,900,000","34,100,000","33,200,000","36,100,000","29,100,000","40,200,000",,,,,,,,,,,,,,,
TaxProvision,"248,600,000","60,900,000","59,200,000","70,400,000","58,100,000","62,900,000","46,300,000","22,200,000","46,300,000","2,200,000","34,600,000","44,900,000","-138,400,000","-9,500,000","17,700,000","43,900,000","33,300,000","216,900,000","38,500,000","28,600,000","23,700,000","64,300,000","38,900,000","19,300,000","33,900,000","35,000,000","34,800,000","36,500,000","27,900,000","28,200,000","36,200,000","32,700,000","16,200,000","53,000,000","12,800,000","38,700,000","14,300,000","21,800,000","20,100,000","25,700,000","18,800,000","-2,700,000","21,100,000","37,500,000","22,600,000","-42,600,000","12,800,000","42,000,000","22,200,000","-23,400,000","-4,200,000","400,000","-17,000,000","-14,400,000","4,600,000","21,800,000","-7,500,000","19,000,000","7,500,000","25,600,000","19,700,000","6,800,000","19,200,000","27,700,000","19,400,000","1,600,000","26,900,000","26,200,000","20,300,000","26,100,000","27,500,000","20,200,000","19,900,000","15,100,000","23,300,000","25,700,000","28,900,000","23,200,000","23,600,000","31,700,000","29,100,000","25,000,000","29,100,000","30,100,000","32,200,000","30,500,000","37,300,000","37,600,000","37,400,000","36,000,000","35,200,000","34,000,000","9,800,000","28,400,000","27,500,000","29,400,000","28,100,000","28,200,000","25,600,000","26,700,000","25,900,000","24,900,000","24,800,000","22,500,000","22,500,000","21,300,000","20,100,000","19,300,000","20,300,000","16,500,000","15,800,000","16,400,000","14,800,000","11,300,000","11,200,000","12,800,000","13,600,000","11,000,000","11,900,000","14,200,000","13,000,000","12,200,000","8,300,000","10,200,000","11,100,000","8,600,000","13,000,000","12,800,000","12,900,000","10,200,000","16,100,000",,,,,,,,,,,,,,,
EarningsFromEquityInterestNetOfTax,"-3,900,000","-400,000","-1,100,000","-1,100,000","-1,300,000","-900,000","-1,000,000","-1,400,000","-400,000","-600,000","-700,000","-400,000","-900,000","-200,000","-800,000","-400,000","-600,000",,,,,,,,,,,,,,,,,,,,,,,,,,,,,,,,,,,,,,,,,,,,,,,,,,,,,,,,,,,,,,,,,,,,,,,,,,,,,,,,,,,,,,,,,,,,,,,,,,,,,,,,,,,,,,,,,,,,,,,,,,,,,,,,,
NetIncomeCommonStockholders,"740,100,000","182,700,000","164,100,000","183,800,000","209,500,000","191,500,000","150,500,000","79,700,000","134,200,000","162,500,000","144,600,000","143,400,000","-146,900,000","97,100,000","149,500,000","95,600,000","125,200,000","-59,600,000","108,300,000","120,900,000","112,200,000","62,000,000","89,100,000","80,000,000","89,600,000","57,000,000","81,700,000","63,300,000","71,600,000","70,900,000","64,300,000","42,500,000","71,200,000","42,700,000","46,500,000","68,800,000","57,800,000","49,000,000","58,300,000","64,200,000","43,900,000","22,200,000","49,800,000","73,300,000","44,800,000","114,200,000","64,200,000","83,800,000","54,700,000","49,900,000","62,500,000","39,800,000","-898,900,000","42,600,000","62,700,000","92,400,000","68,400,000","80,100,000","58,400,000","85,800,000","79,200,000","101,500,000","85,000,000","112,000,000","68,700,000","-6,900,000","86,200,000","89,400,000","57,700,000","83,600,000","75,000,000","68,500,000","52,600,000","59,300,000","66,500,000","71,300,000","70,800,000","55,500,000","63,100,000","73,800,000","64,800,000","58,100,000","61,700,000","59,800,000","63,600,000","67,500,000","73,000,000","72,800,000","70,200,000","67,300,000","66,000,000","63,700,000","18,400,000","55,900,000","55,800,000","57,400,000","54,200,000","54,400,000","52,600,000","49,600,000","48,200,000","47,700,000","46,600,000","41,600,000","40,000,000","37,700,000","35,800,000","35,700,000","34,500,000","28,500,000","27,800,000","27,900,000","25,200,000","19,300,000","19,000,000","22,800,000","23,300,000","18,900,000","18,600,000","22,300,000","20,300,000","17,700,000","12,600,000","15,600,000","17,100,000","13,300,000","21,100,000","20,400,000","23,200,000","18,900,000","24,100,000",,,,,,,,,,,,,,,
	NetIncome,"740,100,000","182,700,000","164,100,000","183,800,000","209,500,000","191,500,000","150,500,000","79,700,000","134,200,000","162,500,000","144,600,000","143,400,000","-146,900,000","97,100,000","149,500,000","95,600,000","125,200,000","-59,600,000","108,300,000","120,900,000","112,200,000","62,000,000","89,100,000","80,000,000","89,600,000","57,000,000","81,700,000","63,300,000","71,600,000","70,900,000","64,300,000","42,500,000","71,200,000","42,700,000","46,500,000","68,800,000","57,800,000","49,000,000","58,300,000","64,200,000","43,900,000","22,200,000","49,800,000","73,300,000","44,800,000","114,200,000","64,200,000","83,800,000","54,700,000","49,900,000","62,500,000","39,800,000","-898,900,000","42,600,000","62,700,000","92,400,000","68,400,000","80,100,000","58,400,000","85,800,000","79,200,000","101,500,000","85,000,000","112,000,000","68,700,000","-6,900,000","86,200,000","89,400,000","57,700,000","83,600,000","75,000,000","68,500,000","52,600,000","59,300,000","66,500,000","71,300,000","70,800,000","55,500,000","63,100,000","73,800,000","64,800,000","58,100,000","61,700,000","59,800,000","63,600,000","67,500,000","73,000,000","72,800,000","70,200,000","67,300,000","66,000,000","63,700,000","18,400,000","55,900,000","55,800,000","57,400,000","54,200,000","54,400,000","52,600,000","49,600,000","48,200,000","47,700,000","46,600,000","41,600,000","40,000,000","37,700,000","35,800,000","35,700,000","34,500,000","28,500,000","27,800,000","27,900,000","25,200,000","19,300,000","19,000,000","22,800,000","23,300,000","18,900,000","18,600,000","22,300,000","20,300,000","17,700,000","12,600,000","15,600,000","17,100,000","13,300,000","21,100,000","20,400,000","23,200,000","18,900,000","24,100,000",,,,,,,,,,,,,,,
		NetIncomeIncludingNoncontrollingInterests,"740,100,000","182,700,000","164,100,000","183,800,000","209,500,000","191,500,000","150,500,000","79,700,000","134,200,000","162,500,000","144,600,000","143,400,000","-146,900,000","97,100,000","149,500,000","95,600,000","125,200,000","-59,600,000","108,300,000","120,900,000","112,200,000","62,000,000","89,100,000","80,000,000","89,600,000","57,000,000","81,700,000","63,300,000","71,600,000","70,900,000","64,300,000","42,500,000","71,200,000","42,700,000","46,500,000","68,800,000","57,800,000","49,000,000","58,300,000","64,200,000","43,900,000","22,200,000","49,800,000","73,300,000","44,800,000","114,200,000","64,200,000","83,800,000","54,700,000","49,900,000","62,500,000","39,800,000","-898,900,000","42,600,000","62,700,000","92,400,000","68,400,000","80,100,000","58,400,000","85,800,000","79,200,000","101,500,000","85,000,000","112,000,000","68,700,000","-6,900,000","86,200,000","89,400,000","57,700,000","83,600,000","75,000,000","68,500,000","52,600,000","59,300,000","66,500,000","71,300,000","70,800,000","55,500,000","63,100,000","73,800,000","64,800,000","58,100,000","61,700,000","59,800,000","63,600,000","67,500,000","73,000,000","72,800,000","70,200,000","67,300,000","66,000,000","63,700,000","18,400,000","55,900,000","55,800,000","57,400,000","54,200,000","54,400,000","52,600,000","49,600,000","48,200,000","47,700,000","46,600,000","41,600,000","40,000,000","37,700,000","35,800,000","35,700,000","34,500,000","28,500,000","27,800,000","27,900,000","25,200,000","19,300,000","19,000,000","22,800,000","23,300,000","18,900,000","18,600,000","22,300,000","20,300,000","17,700,000","12,600,000","15,600,000","17,100,000","13,300,000","21,100,000","20,400,000","23,200,000","18,900,000","24,100,000","20,300,000","21,100,000","17,100,000","22,000,000","17,400,000","-7,000,000","12,700,000","15,900,000","13,000,000","13,400,000","10,400,000","12,900,000","11,900,000","12,800,000","10,300,000"
			NetIncomeContinuousOperations,"740,100,000","182,700,000","164,100,000","183,800,000","209,500,000","191,500,000","150,500,000","79,700,000","134,200,000","162,500,000","144,600,000","143,400,000","-146,900,000","97,100,000","149,500,000","95,600,000","125,200,000","-59,600,000","108,300,000","120,900,000","112,200,000","62,000,000","89,100,000","80,000,000","89,600,000","56,500,000","81,300,000","64,300,000","71,600,000","70,100,000","65,000,000","44,400,000","71,600,000","44,700,000","62,000,000","70,800,000","66,800,000","33,400,000","38,100,000","51,300,000","46,300,000","-13,500,000","49,800,000","73,300,000","44,800,000","114,200,000","64,200,000","83,800,000","54,700,000","49,900,000","62,500,000","39,800,000","-898,900,000","42,600,000","62,700,000","92,400,000","68,400,000","80,100,000","58,400,000","85,800,000","79,200,000","101,900,000","85,300,000","96,400,000","68,900,000","58,500,000","86,200,000","89,400,000","57,700,000","83,600,000","75,000,000","68,500,000","52,600,000","39,900,000","64,800,000","69,700,000","70,800,000","55,500,000","63,100,000","73,800,000","64,800,000","58,100,000","61,700,000","59,800,000","63,800,000","67,500,000","73,000,000","72,800,000","70,200,000","67,300,000","66,000,000","63,700,000","18,400,000","55,900,000","55,800,000","57,400,000","54,200,000","54,400,000","52,600,000","49,600,000","48,200,000","47,700,000","46,600,000","41,600,000","40,000,000","37,700,000","35,800,000","35,700,000","34,500,000","28,500,000","27,800,000","27,900,000","25,200,000","19,300,000","19,000,000","22,800,000","22,200,000","18,900,000","18,600,000","22,300,000","20,300,000","17,700,000","12,600,000","15,600,000","17,100,000","13,300,000","21,100,000","20,400,000","23,200,000","18,900,000","24,100,000","20,300,000","21,100,000","17,100,000","22,000,000","17,400,000","-7,000,000","12,700,000","15,900,000","13,000,000","13,400,000","10,400,000","12,900,000","11,900,000","12,800,000","10,300,000"
			NetIncomeDiscontinuousOperations,,,,,,,,,,,,,,,,,,,,,,,"0","0",,"500,000","400,000","-1,000,000","0","800,000","-700,000","-1,900,000","-400,000","-2,000,000","-15,500,000","-2,000,000","-9,000,000","15,600,000","20,200,000","12,900,000","-2,400,000","-6,800,000",,,,,,,,,,,,,,,,,,,,"-400,000","-300,000","15,600,000","-200,000",,,,,,,,,"19,400,000","1,700,000","1,600,000",,,,,,,,,,,,,,,,,,,,,,,,,,,,,,,,,,,,,,,,,,,,,,,,,,,,,,,,,,,,,,,,,,,,,,
			NetIncomeExtraordinary,,,,,,,,,,,,,,,,,,,,,,,,,,,,,,,,,,,,,,,,,,,,,,,,,,,,,,,,,,,,,,,,,,,,,,,,,,,,,,,,,,"0",,,"-200,000",,,,,,,,,,,,,,,,,,,,,,,,,,,,,"0",,,"1,100,000",,,,,,,,,,,,,,,,,,,,,,,,,,,,,
DilutedNIAvailtoComStockholders,"740,100,000","182,700,000","164,100,000","183,800,000","209,500,000","191,500,000","150,500,000","79,700,000","134,200,000","162,500,000","144,600,000","143,400,000","-146,900,000","97,100,000","149,500,000","95,600,000","125,200,000","-59,600,000","108,300,000","120,900,000","112,200,000","62,000,000","89,100,000","80,000,000","89,600,000","57,000,000","81,700,000","63,300,000","71,600,000","70,900,000","64,300,000","42,500,000","71,200,000","42,700,000","46,500,000","68,800,000","57,800,000","49,000,000","58,300,000","64,200,000","43,900,000","22,200,000","49,800,000","73,300,000","44,800,000","114,200,000","64,200,000","83,800,000","54,700,000","49,900,000","62,500,000","39,800,000","-898,900,000","42,600,000","62,700,000","92,400,000","68,400,000","80,100,000","58,400,000","85,800,000","79,200,000","101,500,000","85,000,000","112,000,000","68,700,000","-6,900,000","86,200,000","89,400,000","57,700,000","83,600,000","75,000,000","68,500,000","52,600,000","59,300,000","66,500,000","71,300,000","70,800,000","55,500,000","63,100,000","73,800,000","64,800,000","58,100,000","61,700,000","59,800,000","63,600,000","67,500,000","73,000,000","72,800,000","70,200,000","67,300,000","66,000,000","63,700,000","18,400,000","55,900,000","55,800,000","57,400,000","54,200,000","54,400,000","52,600,000","49,600,000","48,200,000","47,700,000","46,600,000","41,600,000","40,000,000","37,700,000","35,800,000","35,700,000","34,500,000","28,500,000","27,800,000","27,900,000","25,200,000","19,300,000","19,000,000","22,800,000","23,300,000","18,900,000","18,600,000","22,300,000","20,300,000","17,700,000","12,600,000","15,600,000","17,100,000","13,300,000","21,100,000","20,400,000","23,200,000","18,900,000","24,100,000",,,,,,,,,,,,,,,
BasicEPS,,"2.207","1.98","2.214","2.524","2.296","1.803","0.955","1.611","1.949","1.73","1.7","-1.74","1.146","1.718","1.091","1.422","-0.677","1.23","1.365","1.264","0.702","1.003","0.897","1.003","0.626","0.894","0.695","0.791","0.778","0.696","0.452","0.744","0.444","0.381","0.699","0.577","0.49","0.57","0.627","0.41","0.21","0.47","0.69","0.42",,"0.584","0.759","0.488",,"0.554","0.353","-8.99",,"0.64","0.94","0.7",,"0.59","0.88","0.81",,"0.85","1.12","0.69",,"0.86","0.89","0.58",,"0.75","0.69","0.53",,"0.67","0.72","0.71",,"0.64","0.75","0.66",,"0.63","0.61","0.65",,"0.74","0.74","0.7",,"0.66","0.64","0.19",,"0.55","0.56","0.53",,"0.51","0.48","0.47",,"0.23","0.2","0.19",,"0.17","0.17","0.17",,"0.13","0.13","0.12",,"0.09","0.1","0.11",,"0.08","0.1","0.09",,"0.05","0.07","0.07","0.08","0.12","0.12",,"0.11","0.14","0.12",,"0.1","0.13","0.1",,"0.08","0.1","0.045",,"0.035","0.045","0.04",,"0.035"
DilutedEPS,,"2.19","1.96","2.19","2.5","2.28","1.79","0.95","1.6","1.92","1.71","1.69","-1.74","1.11","1.69","1.07","1.4","-0.677","1.2","1.34","1.25","0.69","0.98","0.88","0.98","0.62","0.88","0.68","0.77","0.76","0.68","0.44","0.73","0.43","0.37","0.68","0.57","0.48","0.57","0.62","0.41","0.21","0.47","0.69","0.42",,"0.584","0.759","0.488",,"0.554","0.353","-8.99",,"0.63","0.93","0.69",,"0.59","0.87","0.8",,"0.85","1.12","0.69",,"0.86","0.89","0.57",,"0.75","0.68","0.52",,"0.67","0.71","0.71",,"0.64","0.74","0.66",,"0.63","0.61","0.65",,"0.73","0.73","0.7",,"0.65","0.63","0.18",,"0.54","0.55","0.52",,"0.5","0.47","0.45",,"0.23","0.2","0.19",,"0.17","0.17","0.17",,"0.13","0.13","0.12",,"0.09","0.1","0.11",,"0.08","0.1","0.09",,"0.05","0.07","0.07","0.08","0.12","0.12",,"0.11","0.14","0.12",,"0.1","0.13","0.1",,"0.08","0.1","0.045",,"0.035","0.045","0.04",,"0.035"
BasicAverageShares,,"82,605,953","82,833,721","82,951,904","83,056,656","83,151,174","83,451,316","83,448,042","83,321,087","83,366,840","83,584,779","84,300,000","84,300,000","84,723,655","87,013,446","87,613,941","88,015,267","88,011,541","88,080,629","88,390,029","88,714,837","88,308,860","89,194,833","88,927,397","89,276,441","89,967,697","91,328,446","91,572,765","90,834,254","90,458,956","92,391,023","94,113,941","95,734,525","96,178,411","97,225,758","98,484,345","100,137,807","99,915,457","102,200,000","102,339,587","106,200,000","106,800,000","106,600,000","106,900,000","107,000,000",,"105,833,213","105,400,000","105,557,660",,"102,200,000","100,000,000","100,000,000",,"98,500,000","98,500,000","98,400,000",,"98,300,000","98,000,000","98,000,000",,"100,100,000","100,000,000","99,800,000",,"100,200,000","100,200,000","100,100,000",,"99,900,000","99,900,000","99,700,000",,"99,400,000","99,400,000","99,300,000",,"98,500,000","98,300,000","98,000,000",,"97,900,000","97,800,000","97,600,000",,"98,100,000","98,700,000","98,800,000",,"100,000,000","99,531,250","96,842,105",,"101,454,545","102,500,000","102,264,151",,"103,137,255","103,333,333","102,553,191",,"104,422,000","105,600,000","105,600,000",,"106,200,000","106,282,000","106,600,000",,"110,524,000","111,200,000","112,400,000",,"115,600,000","117,000,000","117,516,000",,"124,126,000","124,126,000","122,506,000",,"124,026,000","123,958,000","123,990,000","88,738,000","88,730,000","88,564,000",,"88,374,000","88,322,000","88,162,000",,"88,030,000","87,864,000","87,938,000",,"87,704,000","87,704,000","87,704,000",,"79,444,000","79,388,000","79,364,000",,"79,304,000"
DilutedAverageShares,,"83,600,000","83,700,000","83,800,000","83,900,000","84,100,000","84,000,000","83,800,000","84,100,000","84,500,000","84,800,000","85,100,000","84,300,000","87,200,000","88,500,000","89,000,000","89,600,000","89,900,000","89,900,000","89,900,000","90,000,000","90,100,000","90,600,000","90,700,000","91,100,000","92,500,000","93,200,000","93,000,000","92,400,000","93,000,000","95,200,000","96,700,000","98,000,000","98,500,000","99,600,000","100,800,000","101,500,000","101,200,000","102,200,000","104,300,000","106,200,000","106,800,000","106,600,000","106,900,000","107,000,000",,"107,100,000","106,800,000","106,400,000",,"106,000,000","105,700,000","100,000,000",,"98,900,000","98,900,000","98,600,000",,"98,900,000","98,700,000","98,800,000",,"100,500,000","100,400,000","100,100,000",,"100,600,000","100,600,000","100,700,000",,"100,600,000","100,500,000","100,300,000",,"100,000,000","100,100,000","100,000,000",,"99,300,000","99,400,000","98,900,000",,"98,600,000","98,700,000","98,500,000",,"99,400,000","100,400,000","100,800,000",,"101,538,462","101,111,111","102,222,222",,"103,333,333","104,363,636","104,230,769",,"105,200,000","105,531,915","107,111,111",,"104,422,000","105,600,000","105,600,000",,"106,200,000","106,282,000","106,600,000",,"110,524,000","111,200,000","112,400,000",,"115,600,000","117,000,000","117,516,000",,"124,126,000","124,126,000","122,506,000",,"124,026,000","123,958,000","123,990,000","88,738,000","88,730,000","88,564,000",,"88,374,000","88,322,000","88,162,000",,"88,030,000","87,864,000","87,938,000",,"87,704,000","87,704,000","87,704,000",,"79,444,000","79,388,000","79,364,000",,"79,304,000"
TotalExpenses,"7,344,000,000","1,930,400,000","1,814,300,000","1,832,700,000","1,766,600,000","1,721,600,000","1,503,200,000","1,365,000,000","1,518,900,000","1,561,300,000","1,555,000,000","1,579,100,000","1,551,000,000","1,571,700,000","1,571,000,000","1,640,300,000","1,588,000,000","1,555,700,000","1,505,100,000","1,451,000,000","1,413,000,000","1,405,200,000","1,361,400,000","1,376,600,000","1,341,100,000","1,328,800,000","1,330,300,000","1,372,200,000","1,398,900,000","1,475,000,000","1,435,200,000","1,484,600,000","1,439,600,000","1,466,500,000","1,388,400,000","1,428,300,000","1,398,100,000","1,430,800,000","1,389,700,000","1,425,200,000","1,392,200,000","931,300,000","1,590,300,000","1,584,800,000","1,569,400,000","1,540,300,000","1,534,200,000","1,528,600,000","1,454,000,000","1,448,100,000","1,436,400,000","1,365,200,000","1,385,300,000","1,442,900,000","1,616,000,000","1,679,600,000","1,549,200,000","1,564,400,000","1,545,200,000","1,384,500,000","1,273,800,000","1,284,300,000","1,279,500,000","1,268,000,000","1,226,800,000","1,216,200,000","1,233,400,000","1,285,100,000","1,250,500,000","1,308,100,000","1,219,900,000","1,207,700,000","1,138,100,000","1,127,400,000","1,101,900,000","1,086,300,000","1,036,000,000","996,700,000","1,000,800,000","941,200,000","827,600,000","819,300,000","863,500,000","857,400,000","853,400,000","821,600,000","877,200,000","868,400,000","845,400,000","829,300,000","848,200,000","821,600,000","830,300,000","791,000,000","768,200,000","776,200,000","753,200,000","747,400,000","749,400,000","759,700,000","746,300,000","727,300,000","739,900,000","724,200,000","725,200,000","708,600,000","715,600,000","713,800,000","708,400,000","681,800,000","680,400,000","662,400,000","616,200,000","600,000,000","596,200,000","616,200,000","620,900,000","590,700,000","614,000,000","619,500,000","626,200,000","610,700,000","578,800,000","591,500,000","621,800,000","421,300,000","428,600,000","390,100,000","408,200,000","388,400,000","400,200,000",,,,,,,,,,,,,,,
NetIncomeFromContinuingAndDiscontinuedOperation,"740,100,000","182,700,000","164,100,000","183,800,000","209,500,000","191,500,000","150,500,000","79,700,000","134,200,000","162,500,000","144,600,000","143,400,000","-146,900,000","97,100,000","149,500,000","95,600,000","125,200,000","-59,600,000","108,300,000","120,900,000","112,200,000","62,000,000","89,100,000","80,000,000","89,600,000","57,000,000","81,700,000","63,300,000","71,600,000","70,900,000","64,300,000","42,500,000","71,200,000","42,700,000","46,500,000","68,800,000","57,800,000","49,000,000","58,300,000","64,200,000","43,900,000","22,200,000","49,800,000","73,300,000","44,800,000","114,200,000","64,200,000","83,800,000","54,700,000","49,900,000","62,500,000","39,800,000","-898,900,000","42,600,000","62,700,000","92,400,000","68,400,000","80,100,000","58,400,000","85,800,000","79,200,000","101,500,000","85,000,000","112,000,000","68,700,000","-6,900,000","86,200,000","89,400,000","57,700,000","83,600,000","75,000,000","68,500,000","52,600,000","59,300,000","66,500,000","71,300,000","70,800,000","55,500,000","63,100,000","73,800,000","64,800,000","58,100,000","61,700,000","59,800,000","63,800,000","67,500,000","73,000,000","72,800,000","70,200,000","67,300,000","66,000,000","63,700,000","18,400,000","55,900,000","55,800,000","57,400,000","54,200,000","54,400,000","52,600,000","49,600,000","48,200,000","47,700,000","46,600,000","41,600,000","40,000,000","37,700,000","35,800,000","35,700,000","34,500,000","28,500,000","27,800,000","27,900,000","25,200,000","19,300,000","19,000,000","22,800,000","22,200,000","18,900,000","18,600,000","22,300,000","20,300,000","17,700,000","12,600,000","15,600,000","17,100,000","13,300,000","21,100,000","20,400,000","23,200,000","18,900,000","24,100,000",,,,,,,,,,,,,,,
NormalizedIncome,"744,300,000","189,753,852.459","161,597,600","183,365,600","209,656,800","191,123,188.406","159,998,400","110,550,500","135,985,600","193,580,762.25","150,013,600","149,115,000","-141,425,000","99,290,000","146,815,000","134,770,600","135,324,800","-54,200,000","116,270,400","129,151,800","117,569,000","64,880,000","92,301,600","120,461,200","93,665,600","68,417,486.339","86,200,000","81,972,600","81,896,000","80,511,597.152","70,007,600","69,425,000","77,556,800","47,105,000","75,015,300","70,605,900","72,980,000","50,523,550.725","52,444,500","59,005,000","51,767,000","-5,916,666.667","64,199,153.738","81,503,249.097","41,742,433.234","118,295,000","72,954,545.455","86,864,228.935","59,181,274.382","68,685,000","85,575,000","69,105,472.637","13,151,282.891","50,595,000","74,345,616.642","97,092,819.615","72,040,000","93,194,046.418","88,176,024.279","91,576,481.149","80,881,698.686","106,680,956.762","101,217,224.88","99,507,171.636","74,830,237.826","113,885,191.348","87,190,804.598","91,024,048.443","60,141,153.846","83,600,000","75,000,000","79,157,271.702","68,126,068.966","64,783,090.909","64,947,105.562","66,777,568.134","70,800,000","67,418,043.202","74,162,514.418","73,800,000","64,800,000","58,100,000","61,700,000","59,800,000","63,800,000","67,500,000","73,000,000","72,800,000","70,200,000","67,300,000","66,000,000","63,700,000","60,811,347.518","55,900,000","55,800,000","57,400,000","54,200,000","54,400,000","52,600,000","49,600,000","48,200,000","47,700,000","45,229,411.765","41,600,000","40,000,000","37,700,000","35,800,000","35,700,000","34,500,000","28,500,000","27,800,000","27,900,000","25,200,000","19,300,000","19,000,000","22,800,000","22,200,000","18,900,000","18,600,000","22,300,000","20,300,000","17,700,000","12,600,000","15,600,000","17,100,000","13,300,000","21,100,000","20,400,000","23,200,000","18,900,000","24,100,000",,,,,,,,,,,,,,,
InterestExpense,"70,200,000","20,000,000","18,000,000","16,000,000","16,200,000","15,600,000","15,600,000","20,000,000","18,800,000","17,800,000","19,000,000","19,500,000","19,500,000","16,300,000","14,700,000","14,300,000","13,200,000","13,300,000","16,800,000","16,200,000","16,700,000","14,500,000","14,700,000","15,400,000","15,300,000","15,200,000","14,700,000","15,300,000","15,300,000","16,900,000","15,400,000","15,600,000","15,400,000","16,000,000","16,000,000","14,800,000","12,200,000","17,900,000","18,000,000","18,600,000","18,300,000","17,500,000","17,900,000","17,700,000","17,900,000","18,900,000","19,100,000","21,100,000","17,500,000","18,300,000","19,100,000","20,400,000","27,500,000",,,,,,,,,,,,,,,,,,,,,,,,,,,,,,,,,,,,,,,,,,,,,,,,,,,,,,,,,,,,,,,,,,,,,,,,,,,,,,,,,,,,,,,,,,,,,
NetInterestIncome,"-70,200,000","-20,000,000","-18,000,000","-16,000,000","-16,200,000","-15,600,000","-15,600,000","-20,000,000","-18,800,000","-17,800,000","-19,000,000","-19,500,000","-19,500,000","-16,300,000","-14,700,000","-14,300,000","-13,200,000","-13,300,000","-16,800,000","-16,200,000","-16,700,000","-14,500,000","-14,700,000","-15,400,000","-15,300,000","-15,200,000","-14,700,000","-15,300,000","-15,300,000","-16,900,000","-15,400,000","-15,600,000","-15,400,000","-16,000,000","-16,000,000","-14,800,000","-12,200,000","-17,900,000","-18,000,000","-18,600,000","-18,300,000","-17,500,000","-17,900,000","-17,700,000","-17,900,000","-18,900,000","-19,100,000","-21,100,000","-17,500,000","-18,300,000","-19,100,000","-20,400,000","-27,500,000",,,,,,,,,,,,,,,,,,,,,,,,,,,,,,,,,,,,,,,,,,,,,,,,,,,,,,,,,,,,,,,,,,,,,,,,,,,,,,,,,,,,,,,,,,,,,
EBIT,"1,062,800,000","264,000,000","242,400,000","271,300,000","285,100,000","270,900,000","213,400,000","123,300,000","199,700,000","183,100,000","198,900,000","208,200,000","-264,900,000","104,100,000","182,700,000","154,200,000","172,300,000","170,600,000","163,600,000","165,700,000","152,600,000","140,800,000","142,700,000","114,700,000","138,800,000","106,700,000","130,800,000","116,100,000","114,800,000","115,200,000","116,600,000","92,700,000","103,200,000","113,700,000","90,800,000","124,300,000","93,300,000","73,100,000","76,200,000","95,600,000","83,400,000","1,300,000","88,800,000","128,500,000","85,300,000","90,500,000","96,100,000","146,900,000","94,400,000","44,800,000","77,400,000","60,600,000","-888,400,000","68,600,000","108,800,000","149,300,000","96,000,000","149,600,000","135,200,000","139,000,000","116,100,000","127,100,000","138,100,000","141,700,000","110,400,000","129,900,000","129,100,000","133,500,000","95,800,000","125,900,000","116,300,000","116,300,000","108,600,000","103,700,000","102,200,000","105,900,000","114,600,000","108,600,000","113,700,000","115,100,000","103,200,000","93,300,000","103,200,000","103,400,000","109,800,000","111,500,000","124,500,000","125,000,000","119,900,000","115,500,000","112,800,000","106,900,000","103,600,000","93,600,000","92,000,000","95,300,000","90,400,000","89,000,000","86,200,000","85,100,000","82,600,000","81,600,000","79,400,000","73,500,000","71,400,000","68,100,000","67,900,000","66,700,000","64,800,000","54,900,000","53,300,000","56,200,000","51,500,000","41,900,000","41,900,000","46,000,000","45,600,000","39,000,000","41,900,000","48,000,000","43,600,000","38,700,000","30,400,000","35,100,000","38,100,000","27,300,000","41,300,000","41,300,000","41,600,000","34,300,000","45,800,000","413,900,000","-1,013,700,000","381,600,000","409,900,000","373,900,000","-953,800,000","367,100,000","380,600,000","330,800,000","-700,200,000","271,600,000","280,200,000","249,700,000","-588,900,000","226,300,000"
EBITDA,"1,306,900,000"
ReconciledCostOfRevenue,"6,095,500,000","1,598,100,000","1,517,400,000","1,525,700,000","1,454,300,000","1,419,800,000","1,244,900,000","1,145,600,000","1,237,900,000","1,288,200,000","1,289,700,000","1,313,400,000","1,274,700,000","1,297,200,000","1,300,500,000","1,352,800,000","1,293,000,000","1,269,700,000","1,227,900,000","1,174,300,000","1,129,700,000","1,125,400,000","1,091,100,000","1,107,400,000","1,062,900,000","1,062,500,000","1,062,200,000","1,098,400,000","1,098,000,000","1,189,700,000","1,158,900,000","1,187,600,000","1,142,900,000","1,167,600,000","1,102,700,000","1,134,800,000","1,097,200,000","1,134,500,000","1,095,800,000","1,132,500,000","1,095,700,000","781,300,000","1,263,900,000","1,254,800,000","1,204,900,000","1,195,300,000","1,187,800,000","1,189,700,000","1,113,900,000","1,106,700,000","1,113,300,000","1,065,100,000","1,081,100,000","1,133,100,000","1,290,500,000","1,338,600,000","1,221,200,000","1,231,400,000","1,214,800,000","1,113,700,000","1,025,500,000","1,021,900,000","1,026,900,000","1,016,700,000","982,000,000","934,800,000","966,500,000","992,600,000","958,500,000","1,001,000,000","946,800,000","933,400,000","880,200,000","858,400,000","848,600,000","820,800,000","786,500,000","760,200,000","761,300,000","709,800,000","621,900,000","616,000,000","653,900,000","649,000,000","644,200,000","579,700,000","622,400,000","610,500,000","591,800,000","576,900,000","595,600,000","578,400,000","585,500,000","558,900,000","547,300,000","548,900,000","533,100,000","530,600,000","536,300,000","542,100,000","537,200,000","517,100,000","529,900,000","521,400,000","522,400,000","509,100,000","521,700,000","519,100,000","498,800,000","474,100,000","475,100,000","466,100,000","431,100,000","413,300,000","415,800,000","432,200,000","433,900,000","406,600,000","422,300,000","425,600,000","436,300,000","390,900,000","407,300,000","423,700,000","434,700,000","295,100,000","304,500,000","280,100,000","301,200,000","276,600,000","300,700,000",,,,,,,,,,,,,,,
ReconciledDepreciation,"244,100,000","72,600,000","61,900,000","55,200,000","54,400,000","55,500,000","52,000,000","50,300,000","47,500,000","45,600,000","44,000,000","44,900,000","44,500,000","45,000,000","46,700,000","44,800,000","44,500,000","43,900,000","44,000,000","46,200,000","44,600,000","44,600,000","46,100,000","45,100,000","44,300,000","45,500,000","46,100,000","47,400,000","49,300,000","53,100,000","49,100,000","49,400,000","50,000,000","48,900,000","52,400,000","51,800,000","51,500,000","56,500,000","53,500,000","51,200,000","59,400,000","61,800,000","61,400,000","63,000,000","60,300,000","59,700,000","66,300,000","59,800,000","61,800,000","73,300,000","61,400,000","61,400,000","71,200,000","72,300,000","70,900,000","67,300,000","67,900,000","70,200,000","63,600,000","52,300,000","48,500,000","49,400,000","49,300,000","49,500,000","49,700,000","52,000,000","49,300,000","50,400,000","49,800,000","49,100,000","46,500,000","46,400,000","46,200,000","48,500,000","44,800,000","41,800,000","44,200,000","41,600,000","38,900,000","36,000,000","36,300,000","39,000,000","38,700,000","39,100,000","39,200,000","39,300,000","39,000,000","39,200,000","39,400,000","40,100,000","37,900,000","35,900,000","36,500,000","33,900,000","32,000,000","31,300,000","30,000,000","29,900,000","29,200,000","28,900,000","28,800,000","29,100,000","28,900,000","27,900,000","27,500,000","29,100,000","26,800,000","22,400,000","29,600,000","27,600,000","26,000,000","24,800,000","24,100,000","26,600,000","23,400,000","22,800,000","22,600,000","21,900,000","25,900,000","22,800,000","23,300,000","50,100,000","15,500,000","5,900,000","20,800,000","12,400,000","14,000,000","11,100,000","700,000","15,400,000","10,800,000",,,,,,,,,,,,,,,
NetIncomeFromContinuingOperationNetMinorityInterest,"740,100,000","182,700,000","164,100,000","183,800,000","209,500,000","191,500,000","150,500,000","79,700,000","134,200,000","162,500,000","144,600,000","143,400,000","-146,900,000","97,100,000","149,500,000","95,600,000","125,200,000","-59,600,000","108,300,000","120,900,000","112,200,000","62,000,000","89,100,000","80,000,000","89,600,000","56,500,000","81,300,000","64,300,000","71,600,000","70,100,000","65,000,000","44,400,000","71,600,000","44,700,000","62,000,000","70,800,000","66,800,000","33,400,000","38,100,000","51,300,000","46,300,000","-13,500,000","49,800,000","73,300,000","44,800,000","114,200,000","64,200,000","83,800,000","54,700,000","49,900,000","62,500,000","39,800,000","-898,900,000","42,600,000","62,700,000","92,400,000","68,400,000","80,100,000","58,400,000","85,800,000","79,200,000","101,900,000","85,300,000","96,400,000","68,900,000","58,500,000","86,200,000","89,400,000","57,700,000","83,600,000","75,000,000","68,500,000","52,600,000","39,900,000","64,800,000","69,700,000","70,800,000","55,500,000","63,100,000","73,800,000","64,800,000","58,100,000","61,700,000","59,800,000","63,800,000","67,500,000","73,000,000","72,800,000","70,200,000","67,300,000","66,000,000","63,700,000","18,400,000","55,900,000","55,800,000","57,400,000","54,200,000","54,400,000","52,600,000","49,600,000","48,200,000","47,700,000","46,600,000","41,600,000","40,000,000","37,700,000","35,800,000","35,700,000","34,500,000","28,500,000","27,800,000","27,900,000","25,200,000","19,300,000","19,000,000","22,800,000","22,200,000","18,900,000","18,600,000","22,300,000","20,300,000","17,700,000","12,600,000","15,600,000","17,100,000","13,300,000","21,100,000","20,400,000","23,200,000","18,900,000","24,100,000",,,,,,,,,,,,,,,
TotalUnusualItemsExcludingGoodwill,"-5,600,000","-9,400,000","3,400,000","600,000","-200,000","500,000","-12,400,000","-39,300,000","-2,400,000","-31,500,000","-6,700,000","-7,500,000","-7,500,000","-3,000,000","3,000,000","-57,100,000","-12,800,000","-9,000,000","-10,800,000","-10,200,000","-6,500,000","-4,800,000","-4,600,000","-50,200,000","-5,600,000","-19,300,000","-7,000,000","-27,700,000","-14,300,000","-14,600,000","-7,800,000","-38,500,000","-7,300,000","-3,700,000","-15,700,000","300,000","-7,500,000","-28,300,000","-21,900,000","-11,500,000","-7,700,000","-9,100,000","-20,500,000","-12,400,000","4,600,000","-6,300,000","-10,500,000","-4,600,000","-6,300,000","-28,900,000","-35,500,000","-29,600,000","-929,300,000","-12,300,000","-12,500,000","-5,800,000","-5,600,000","-16,200,000","-33,600,000","-7,500,000","-2,100,000","-5,100,000","-19,500,000","-4,000,000","-7,600,000","-56,900,000","-1,300,000","-2,100,000","-3,300,000","0",,"-13,800,000","-21,400,000","-34,300,000","-200,000","4,000,000",,"-16,900,000","-15,200,000",,,,,,,,,,,"0",,,"-65,000,000",,,,,,,,,"0","2,100,000",,,,,,,,,,,,,,,,,,,,,,,,,,,,,,,,,,,,,,,,,,,
TotalUnusualItems,"-5,600,000","-9,400,000","3,400,000","600,000","-200,000","500,000","-12,400,000","-39,300,000","-2,400,000","-31,500,000","-6,700,000","-7,500,000","-7,500,000","-3,000,000","3,000,000","-57,100,000","-12,800,000","-9,000,000","-10,800,000","-10,200,000","-6,500,000","-4,800,000","-4,600,000","-50,200,000","-5,600,000","-19,300,000","-7,000,000","-27,700,000","-14,300,000","-14,600,000","-7,800,000","-38,500,000","-7,300,000","-3,700,000","-15,700,000","300,000","-7,500,000","-28,300,000","-21,900,000","-11,500,000","-7,700,000","-9,100,000","-20,500,000","-12,400,000","4,600,000","-6,300,000","-10,500,000","-4,600,000","-6,300,000","-28,900,000","-35,500,000","-29,600,000","-929,300,000","-12,300,000","-12,500,000","-5,800,000","-5,600,000","-16,200,000","-33,600,000","-7,500,000","-2,100,000","-5,100,000","-19,500,000","-4,000,000","-7,600,000","-56,900,000","-1,300,000","-2,100,000","-3,300,000","0",,"-13,800,000","-21,400,000","-34,300,000","-200,000","4,000,000",,"-16,900,000","-15,200,000",,,,,,,,,,,"0",,,"-65,000,000",,,,,,,,,"0","2,100,000",,,,,,,,,,,,,,,,,,,,,,,,,,,,,,,,,,,,,,,,,,,
NormalizedEBITDA,"1,312,500,000","346,000,000","300,900,000","325,900,000","339,700,000","325,900,000","277,800,000","212,900,000","249,600,000","260,200,000","249,600,000","260,600,000","-212,900,000","152,100,000","226,400,000","256,100,000","229,600,000","223,500,000","218,400,000","222,100,000","203,700,000","190,200,000","193,400,000","210,000,000","188,700,000","171,500,000","183,900,000","191,200,000","178,400,000","182,900,000","173,500,000","180,600,000","160,500,000","166,300,000","158,900,000","175,800,000","152,300,000","157,900,000","151,600,000","158,300,000","150,500,000","72,200,000","170,700,000","203,900,000","141,000,000","156,500,000","172,900,000","211,300,000","162,500,000","147,000,000","174,300,000","151,600,000","112,100,000","153,200,000","192,200,000","222,400,000","169,500,000","236,000,000","232,400,000","198,800,000","166,700,000","181,600,000","206,900,000","195,200,000","167,700,000","238,800,000","179,700,000","186,000,000","148,900,000","175,000,000","162,800,000","176,500,000","176,200,000","186,500,000","147,200,000","143,700,000","158,800,000","167,100,000","167,800,000","151,100,000","139,500,000","132,300,000","141,900,000","142,500,000","149,000,000","150,800,000","163,500,000","164,200,000","159,300,000","155,600,000","150,700,000","142,800,000","205,100,000","127,500,000","124,000,000","126,600,000","120,400,000","118,900,000","115,400,000","114,000,000","111,400,000","110,700,000","106,200,000","101,400,000","98,900,000","97,200,000","94,700,000","89,100,000","94,400,000","82,500,000","79,300,000","81,000,000","75,600,000","68,500,000","65,300,000","68,800,000","68,200,000","60,900,000","67,800,000","70,800,000","66,900,000","88,800,000","45,900,000","41,000,000","58,900,000","39,700,000","55,300,000","52,400,000","42,300,000","49,700,000","56,600,000","413,900,000","-1,013,700,000","381,600,000","409,900,000","373,900,000","-953,800,000","367,100,000","380,600,000","330,800,000","-700,200,000","271,600,000","280,200,000","249,700,000","-588,900,000","226,300,000"
TaxRateForCalcs,"0.25","0.25","0.264","0.276","0.216","0.246","0.234","0.215","0.256","0.013","0.192","0.238","0.27","0.27","0.105","0.314","0.209","0.4","0.262","0.191","0.174","0.4","0.304","0.194","0.274","0.383","0.3","0.362","0.28","0.287","0.358","0.35","0.184","0.35","0.171","0.353","0.176","0.395","0.345","0.33","0.29","0.167","0.298","0.338","0.335","0.35","0.166","0.334","0.289","0.35","0.35","0.01","0.019","0.35","0.068","0.191","0.35","0.192","0.114","0.23","0.199","0.063","0.184","0.223","0.22","0.027","0.238","0.227","0.26","0.238","0.268","0.228","0.274","0.275","0.264","0.269","0.29","0.295","0.272","0.3","0.31","0.301","0.32","0.335","0.335","0.311","0.338","0.341","0.348","0.349","0.348","0.348","0.348","0.337","0.33","0.339","0.341","0.341","0.327","0.35","0.35","0.343","0.347","0.351","0.36","0.361","0.36","0.351","0.37","0.367","0.362","0.37","0.37","0.369","0.371","0.36","0.38","0.368","0.39","0.389","0.39","0.4","0.397","0.395","0.394","0.393","0.381","0.386","0.357","0.351","0.4",,,,,,,,,,,,,,,
TaxEffectOfUnusualItems,"-1,400,000","-2,346,147.541","897,600","165,600","-43,200","123,188.406","-2,901,600","-8,449,500","-614,400","-419,237.75","-1,286,400","-1,785,000","-2,025,000","-810,000","315,000","-17,929,400","-2,675,200","-3,600,000","-2,829,600","-1,948,200","-1,131,000","-1,920,000","-1,398,400","-9,738,800","-1,534,400","-7,382,513.661","-2,100,000","-10,027,400","-4,004,000","-4,188,402.848","-2,792,400","-13,475,000","-1,343,200","-1,295,000","-2,684,700","105,900","-1,320,000","-11,176,449.275","-7,555,500","-3,795,000","-2,233,000","-1,516,666.667","-6,100,846.262","-4,196,750.903","1,542,433.234","-2,205,000","-1,745,454.545","-1,535,771.065","-1,818,725.618","-10,115,000","-12,425,000","-294,527.363","-17,248,717.109","-4,305,000","-854,383.358","-1,107,180.385","-1,960,000","-3,105,953.582","-3,823,975.721","-1,723,518.851","-418,301.314","-319,043.238","-3,582,775.12","-892,828.364","-1,669,762.174","-1,514,808.652","-309,195.402","-475,951.557","-858,846.154","0","0","-3,142,728.298","-5,873,931.034","-9,416,909.091","-52,894.438","1,077,568.134","0","-4,981,956.798","-4,137,485.582","0","0","0","0","0","0","0","0","0","0","0","0","0","-22,588,652.482","0","0","0","0","0","0","0","0","0","729,411.765","0","0","0","0","0","0","0","0","0","0","0","0","0","0","0","0","0","0","0","0","0","0","0","0","0","0","0","0",,,,,,,,,,,,,,,