name,ttm,12/31/2021,09/30/2021,06/30/2021,03/31/2021,12/31/2020,09/30/2020,06/30/2020,03/31/2020,12/31/2019,09/30/2019,06/30/2019,03/31/2019,12/31/2018,09/30/2018,06/30/2018,03/31/2018,12/31/2017,09/30/2017,06/30/2017,03/31/2017,12/31/2016,09/30/2016,06/30/2016,03/31/2016,12/31/2015,09/30/2015,06/30/2015,03/31/2015,12/31/2014,09/30/2014,06/30/2014,03/31/2014,12/31/2013,09/30/2013,06/30/2013,03/31/2013,12/31/2012,09/30/2012,06/30/2012,03/31/2012,12/31/2011,09/30/2011,06/30/2011,03/31/2011,12/31/2010,09/30/2010,06/30/2010,03/31/2010,12/31/2009,09/30/2009,06/30/2009,03/31/2009,12/31/2008,09/30/2008,06/30/2008,03/31/2008,12/31/2007,09/30/2007,06/30/2007,03/31/2007,12/31/2006,09/30/2006,06/30/2006,03/31/2006,09/30/2002,06/30/2002,03/31/2002,12/31/2001,09/30/2001,06/30/2001,03/31/2001,12/31/2000,09/30/2000,06/30/2000,03/31/2000,12/31/1999,09/30/1999,06/30/1999,03/31/1999,12/31/1998,09/30/1998,06/30/1998,03/31/1998,12/31/1997,09/30/1997,06/30/1997,03/31/1997,12/31/1996,09/30/1996,06/30/1996,03/31/1996,12/31/1995,09/30/1995,06/30/1995,03/31/1995,12/31/1994,09/30/1994,06/30/1994,03/31/1994,12/31/1993,09/30/1993,06/30/1993,03/31/1993,12/31/1992,09/30/1992,06/30/1992,03/31/1992,12/31/1991,09/30/1991,06/30/1991,03/31/1991,12/31/1990,09/30/1990,06/30/1990,03/31/1990,12/31/1989,09/30/1989,06/30/1989,03/31/1989,12/31/1988,09/30/1988,06/30/1988,03/31/1988,12/31/1987,09/30/1987,06/30/1987,03/31/1987,12/31/1986,09/30/1986,06/30/1986,03/31/1986,12/31/1985,09/30/1985
TotalRevenue,"3,930,000,000","951,000,000","1,092,000,000","999,000,000","888,000,000","923,000,000","1,079,000,000","931,000,000","844,000,000","902,000,000","1,013,000,000","882,000,000","813,000,000","850,000,000","976,000,000","853,000,000","761,000,000","821,000,000","936,000,000","844,000,000","756,000,000","802,000,000","930,000,000","827,000,000","743,000,000","782,595,000","896,206,000","782,121,000","698,078,000","731,378,000","846,169,000","759,159,000","681,946,000","712,260,000","829,196,000","724,265,000","636,137,000","680,913,000","831,815,000","745,607,000","618,554,000","623,716,000","766,450,000","674,248,000","610,936,000","664,384,000","786,946,000","671,223,000","588,053,000","597,837,000","679,956,000","612,740,000","550,170,000","568,551,000","672,193,000","589,369,000","506,815,000","553,554,000","553,554,000","553,554,000","553,554,000","523,267,000","523,267,000","523,267,000","523,267,000","483,457,000","424,014,000","384,740,000","363,626,000","394,956,000","363,878,000","316,427,000","332,297,000","364,125,000","346,409,000","307,759,000","310,857,000","353,600,000","319,000,000","237,000,000","253,300,000","282,500,000","256,000,000","226,000,000","236,900,000","266,000,000","237,900,000","213,400,000","220,200,000","247,600,000","228,600,000","198,200,000","198,300,000","223,000,000","200,700,000","180,800,000","187,600,000","209,800,000","195,100,000","177,700,000","181,900,000","200,200,000","179,900,000","155,500,000","160,700,000","176,300,000","168,600,000","152,900,000","155,700,000","176,100,000","159,200,000","142,100,000","145,300,000","152,500,000","142,700,000","130,200,000","129,700,000","141,700,000","135,200,000","121,000,000","124,900,000","144,300,000","127,400,000","115,300,000","117,100,000","133,800,000","122,600,000","109,900,000","113,800,000","129,300,000","118,400,000","105,000,000","104,700,000","116,500,000"
	OperatingRevenue,"3,930,000,000","951,000,000","1,092,000,000","999,000,000","888,000,000","923,000,000","1,079,000,000","931,000,000","844,000,000","902,000,000","1,013,000,000","882,000,000","813,000,000","850,000,000","976,000,000","853,000,000","761,000,000","821,000,000","936,000,000","844,000,000","756,000,000","802,000,000","930,000,000","827,000,000","743,000,000","782,595,000","896,206,000","782,121,000","698,078,000","731,378,000","846,169,000","759,159,000","681,946,000","712,260,000","829,196,000","724,265,000","636,137,000","680,913,000","831,815,000","745,607,000","618,554,000","623,716,000","766,450,000","674,248,000","610,936,000","664,384,000","786,946,000","671,223,000","588,053,000","597,837,000","679,956,000","612,740,000","550,170,000","568,551,000","672,193,000","589,369,000","506,815,000","553,554,000","553,554,000","553,554,000","553,554,000","523,267,000","523,267,000","523,267,000","523,267,000","483,457,000","424,014,000","384,740,000","363,626,000","394,956,000","363,878,000","316,427,000","332,297,000","364,125,000","346,409,000","307,759,000","310,857,000","353,600,000","319,000,000","237,000,000","253,300,000","282,500,000","256,000,000","226,000,000","236,900,000","266,000,000","237,900,000","213,400,000","220,200,000","247,600,000","228,600,000","198,200,000","198,300,000","223,000,000","200,700,000","180,800,000","187,600,000","209,800,000","195,100,000","177,700,000","181,900,000","200,200,000","179,900,000","155,500,000","160,700,000","176,300,000","168,600,000","152,900,000","155,700,000","176,100,000","159,200,000","142,100,000","145,300,000","152,500,000","142,700,000","130,200,000","129,700,000","141,700,000","135,200,000","121,000,000","124,900,000","144,300,000","127,400,000","115,300,000","117,100,000","133,800,000","122,600,000","109,900,000","113,800,000","129,300,000","118,400,000","105,000,000","104,700,000","116,500,000"
CostOfRevenue,"1,777,000,000","491,000,000","436,000,000","431,000,000","419,000,000","429,000,000","419,000,000","391,000,000","383,000,000","412,000,000","395,000,000","372,000,000","365,000,000","394,000,000","390,000,000","348,000,000","347,000,000","368,000,000","324,000,000","349,000,000","337,000,000","373,000,000","432,000,000","351,000,000","348,000,000","379,934,000","363,610,000","336,624,000","323,832,000","345,487,000","341,348,000","342,974,000","329,275,000","333,591,000","343,610,000","323,320,000","312,203,000","1,350,040,000","0","0","0","0","0","0","0","0","0","0","0","0","0","0","0",,,,,,,,,,,,,"242,955,000","222,299,000","209,252,000","186,360,000","166,890,000","160,476,000","150,823,000","145,791,000","148,215,000","154,270,000","144,358,000","139,163,000","146,400,000","130,100,000","108,100,000","115,100,000","113,000,000","108,800,000","100,200,000","108,500,000","111,400,000","103,300,000","98,300,000","103,500,000","109,700,000","106,400,000","98,500,000","103,000,000","104,100,000","97,000,000","92,600,000","95,200,000","100,000,000","94,700,000","95,100,000","95,600,000","93,100,000","86,100,000","81,100,000","85,100,000","85,100,000","83,700,000","80,400,000","85,500,000","81,100,000","77,500,000","74,300,000","73,000,000","75,000,000","74,700,000","72,000,000","75,800,000","73,500,000",,,,,,,,,,,,,,,,
GrossProfit,"2,153,000,000","460,000,000","656,000,000","568,000,000","469,000,000","494,000,000","660,000,000","540,000,000","461,000,000","490,000,000","618,000,000","510,000,000","448,000,000","456,000,000","586,000,000","505,000,000","414,000,000","453,000,000","612,000,000","495,000,000","419,000,000","429,000,000","498,000,000","476,000,000","395,000,000","402,661,000","532,596,000","445,497,000","374,246,000","385,891,000","504,821,000","416,185,000","352,671,000","378,669,000","485,586,000","400,945,000","323,934,000","-669,127,000","831,815,000","745,607,000","618,554,000","623,716,000","766,450,000","674,248,000","610,936,000","664,384,000","786,946,000","671,223,000","588,053,000","597,837,000","679,956,000","612,740,000","550,170,000",,,,,,,,,,,,,"240,502,000","201,715,000","175,488,000","177,266,000","228,066,000","203,402,000","165,604,000","186,506,000","215,910,000","192,139,000","163,401,000","171,694,000","207,200,000","188,900,000","128,900,000","138,200,000","169,500,000","147,200,000","125,800,000","128,400,000","154,600,000","134,600,000","115,100,000","116,700,000","137,900,000","122,200,000","99,700,000","95,300,000","118,900,000","103,700,000","88,200,000","92,400,000","109,800,000","100,400,000","82,600,000","86,300,000","107,100,000","93,800,000","74,400,000","75,600,000","91,200,000","84,900,000","72,500,000","70,200,000","95,000,000","81,700,000","67,800,000","72,300,000","77,500,000","68,000,000","58,200,000","53,900,000","68,200,000",,,,,,,,,,,,,,,,
OperatingExpense,"957,000,000","240,000,000","239,000,000","238,000,000","240,000,000","231,000,000","227,000,000","227,000,000","222,000,000","223,000,000","212,000,000","214,000,000","213,000,000","208,000,000","212,000,000","203,000,000","199,000,000","181,000,000","189,000,000","189,000,000","192,000,000","183,000,000","184,000,000","179,000,000","182,000,000","171,294,000","171,488,000","169,145,000","171,073,000","164,142,000","167,596,000","162,756,000","166,845,000","162,450,000","160,943,000","159,172,000","159,795,000","-835,908,000","504,206,000","475,188,000","459,229,000","446,230,000","486,768,000","473,060,000","465,795,000","512,296,000","512,991,000","475,240,000","461,988,000","460,456,000","465,550,000","455,548,000","435,540,000","445,357,000","459,982,000","448,952,000","1,178,561,000",,,,,,,,,"336,078,000","316,724,000","299,037,000","266,712,000","247,452,000","238,720,000","228,494,000","220,632,000","228,681,000","227,106,000","217,993,000","211,763,000","217,900,000","208,300,000","168,100,000","172,300,000","170,100,000","162,800,000","154,500,000","159,900,000","161,500,000","151,800,000","148,700,000","150,300,000","156,400,000","152,100,000","143,100,000","144,300,000","145,100,000","137,200,000","133,200,000","133,700,000","138,600,000","132,400,000","133,900,000","394,700,000","35,200,000","35,100,000","33,800,000","31,900,000","30,600,000","29,600,000","29,900,000","29,400,000","28,000,000","26,700,000","26,400,000","27,200,000","24,700,000","23,500,000","23,800,000","22,300,000","22,000,000",,,,,,,,,,,,,,,,
	DepreciationAmortizationDepletionIncomeStatement,"636,000,000","160,000,000","161,000,000","158,000,000","157,000,000","153,000,000","154,000,000","152,000,000","145,000,000","152,000,000","144,000,000","142,000,000","144,000,000","141,000,000","141,000,000","134,000,000","129,000,000","114,000,000","128,000,000","126,000,000","124,000,000","120,000,000","119,000,000","115,000,000","116,000,000","112,504,000","111,196,000","108,923,000","107,377,000","105,686,000","106,789,000","105,862,000","106,078,000","103,969,000","102,734,000","101,366,000","99,649,000","100,851,000","96,219,000","92,329,000","92,104,000","88,794,000","88,424,000","87,654,000","88,019,000","122,494,000","79,431,000","76,493,000","76,232,000","77,301,000","74,854,000","73,242,000","68,843,000","77,557,000","68,376,000","68,748,000","65,234,000",,,,,,,,,"57,760,000","58,951,000","55,027,000","49,644,000","47,513,000","45,779,000","44,360,000","46,232,000","48,524,000","41,297,000","40,506,000","43,126,000","40,400,000","47,400,000","34,700,000","34,200,000","33,700,000","31,100,000","30,800,000","29,500,000","28,300,000","26,900,000","27,800,000","26,300,000","26,300,000","25,300,000","24,000,000","22,500,000","21,900,000","21,300,000","21,300,000","20,600,000","20,200,000","19,700,000","20,100,000","21,700,000","18,000,000","18,400,000","17,000,000","15,700,000","14,600,000","14,200,000","13,900,000","14,100,000","13,100,000","12,700,000","12,200,000","13,500,000","11,400,000","11,100,000","11,000,000","10,600,000","10,000,000",,,,,,,,,,,,,,,,
		DepreciationAndAmortizationInIncomeStatement,"636,000,000","160,000,000","161,000,000","158,000,000","157,000,000","153,000,000","154,000,000","152,000,000","145,000,000","152,000,000","144,000,000","142,000,000","144,000,000","141,000,000","141,000,000","134,000,000","129,000,000","114,000,000","128,000,000","126,000,000","124,000,000","120,000,000","119,000,000","115,000,000","116,000,000","112,504,000","111,196,000","108,923,000","107,377,000","105,686,000","106,789,000","105,862,000","106,078,000","103,969,000","102,734,000","101,366,000","99,649,000","100,851,000","96,219,000","92,329,000","92,104,000","88,794,000","88,424,000","87,654,000","88,019,000","122,494,000","79,431,000","76,493,000","76,232,000","77,301,000","74,854,000","73,242,000","68,843,000",,,,,,,,,,,,,"57,760,000","58,951,000","55,027,000","49,644,000","47,513,000","45,779,000","44,360,000","46,232,000","48,524,000","41,297,000","40,506,000","43,126,000","40,400,000","47,400,000","34,700,000","34,200,000","33,700,000","31,100,000","30,800,000","29,500,000","28,300,000","26,900,000","27,800,000","26,300,000","26,300,000","25,300,000","24,000,000","22,500,000","21,900,000","21,300,000","21,300,000","20,600,000","20,200,000","19,700,000","20,100,000","21,700,000","18,000,000","18,400,000","17,000,000","15,700,000","14,600,000","14,200,000","13,900,000","14,100,000","13,100,000","12,700,000","12,200,000","13,500,000","11,400,000","11,100,000","11,000,000","10,600,000","10,000,000",,,,,,,,,,,,,,,,
			DepreciationIncomeStatement,,,,,,,,,,,,,,,,,,,,,,,,,,,,,,,,,,,,,,,,,,,,,,,,,,,,,,,,,,,,,,,,,,"57,760,000","58,951,000","55,027,000","49,644,000","47,513,000","45,779,000","44,360,000","46,232,000","48,524,000","41,297,000","40,506,000","43,126,000","40,400,000","47,400,000","34,700,000","34,200,000","33,700,000","31,100,000","30,800,000","29,500,000","28,300,000","26,900,000","27,800,000","26,300,000","26,300,000","25,300,000","24,000,000","22,500,000","21,900,000","21,300,000","21,300,000","20,600,000","20,200,000","19,700,000","20,100,000","21,700,000","18,000,000","18,400,000","17,000,000","15,700,000","14,600,000","14,200,000","13,900,000","14,100,000","13,100,000","12,700,000","12,200,000","13,500,000","11,400,000","11,100,000","11,000,000","10,600,000","10,000,000",,,,,,,,,,,,,,,,
	OtherTaxes,"321,000,000","80,000,000","78,000,000","80,000,000","83,000,000","78,000,000","73,000,000","75,000,000","77,000,000","71,000,000","68,000,000","72,000,000","69,000,000","67,000,000","71,000,000","69,000,000","70,000,000","67,000,000","61,000,000","63,000,000","68,000,000","63,000,000","65,000,000","64,000,000","66,000,000","58,790,000","60,292,000","60,222,000","63,696,000","58,456,000","60,807,000","56,894,000","60,767,000","58,481,000","58,209,000","57,806,000","60,146,000","55,948,000","52,861,000","55,282,000","57,121,000","49,076,000","52,587,000","53,096,000","57,205,000","54,043,000","55,316,000","53,890,000","55,404,000","44,448,000","50,618,000","51,699,000","52,497,000","48,065,000","49,380,000","49,629,000","52,066,000",,,,,,,,,"35,363,000","35,474,000","34,758,000","30,708,000","33,049,000","32,465,000","33,311,000","28,609,000","31,942,000","31,539,000","33,129,000","29,474,000","31,100,000","30,800,000","25,300,000","23,000,000","23,400,000","22,900,000","23,500,000","21,900,000","21,800,000","21,600,000","22,600,000","20,500,000","20,400,000","20,400,000","20,600,000","18,800,000","19,100,000","18,900,000","19,300,000","17,900,000","18,400,000","18,000,000","18,700,000","17,200,000","17,200,000","16,700,000","16,800,000","16,200,000","16,000,000","15,400,000","16,000,000","15,300,000","14,900,000","14,000,000","14,200,000","13,700,000","13,300,000","12,400,000","12,800,000","11,700,000","12,000,000",,,,,,,,,,,,,,,,
	OtherOperatingExpenses,,,,,,,,,,,,,,,,,,,,,,,,,,,,,,,,,,,,,,,,,,,,,,,"210,000","-6,000","-71,000","213,000","-784,000","10,000","-202,000","0",,,"750,000,000",,,,,,,,,,,,,,,,"-4,486,000","-6,185,000",,,"-5,485,000","-1,600,000","-9,600,000","-2,900,000","-1,900,000","-2,800,000","-1,600,000","-1,800,000","-1,800,000","-1,900,000","-1,100,000","-2,400,000","-600,000","-2,300,000","-2,000,000","-2,100,000","-1,200,000","-1,500,000","-1,400,000","-1,600,000","-1,500,000","-1,400,000","-1,600,000","-2,000,000",,,,,,,,,,,,,,,,,,,,,,,,,,,,,,,,,,
OperatingIncome,"1,196,000,000","220,000,000","417,000,000","330,000,000","229,000,000","263,000,000","433,000,000","313,000,000","239,000,000","267,000,000","406,000,000","296,000,000","235,000,000","248,000,000","374,000,000","302,000,000","215,000,000","272,000,000","423,000,000","306,000,000","227,000,000","246,000,000","314,000,000","297,000,000","213,000,000","231,367,000","361,108,000","276,352,000","203,173,000","221,749,000","337,225,000","253,429,000","185,826,000","216,219,000","324,643,000","241,773,000","164,139,000","166,781,000","327,609,000","270,419,000","159,325,000","177,486,000","279,682,000","201,188,000","145,141,000","152,088,000","273,955,000","195,983,000","126,065,000","137,381,000","214,406,000","157,192,000","114,630,000","123,194,000","212,211,000","140,417,000","-671,746,000","-1,657,725,000","553,554,000","553,554,000","553,554,000","-1,316,290,000","523,267,000","523,267,000","523,267,000","-95,576,000","-115,009,000","-123,549,000","-89,446,000","-19,386,000","-35,318,000","-62,890,000","-34,126,000","-12,771,000","-34,967,000","-54,592,000","-40,069,000","-10,700,000","-19,400,000","-39,200,000","-34,100,000","-600,000","-15,600,000","-28,700,000","-31,500,000","-6,900,000","-17,200,000","-33,600,000","-33,600,000","-18,500,000","-29,900,000","-43,400,000","-49,000,000","-26,200,000","-33,500,000","-45,000,000","-41,300,000","-28,800,000","-32,000,000","-51,300,000","-308,400,000","71,900,000","58,700,000","40,600,000","43,700,000","60,600,000","55,300,000","42,600,000","40,800,000","67,000,000","55,000,000","41,400,000","45,100,000","52,800,000","44,500,000","34,400,000","31,600,000","46,200,000","135,200,000","121,000,000","-227,000,000","144,300,000","127,400,000","115,300,000","-206,500,000","133,800,000","122,600,000","109,900,000","-192,000,000","129,300,000","118,400,000","105,000,000","-181,900,000","116,500,000"
NetNonOperatingInterestIncomeExpense,"-399,000,000","-99,000,000","-101,000,000","-101,000,000","-98,000,000","-99,000,000","-99,000,000","-101,000,000","-96,000,000","-98,000,000","-97,000,000","-94,000,000","-93,000,000","-91,000,000","-89,000,000","-86,000,000","-84,000,000","-83,000,000","-89,000,000","-85,000,000","-85,000,000","-83,000,000","-81,000,000","-81,000,000","-80,000,000","-73,516,000","-79,748,000","-77,299,000","-77,437,000","-77,200,000","-77,114,000","-75,297,000","-75,233,000","-76,778,000","-78,913,000","-79,381,000","-79,695,000","-80,152,000","-76,616,000","-79,730,000","-79,654,000","-79,089,000","-78,602,000","-78,504,000","-76,482,000","-82,736,000","-74,858,000","-78,734,000","-78,715,000","-76,754,000","-74,124,000","-73,688,000","-71,979,000",,,,,,,,,,,,,,,,,,,,,,,,,,,,,,,,,,,,,,,,,,,,,,,,,,,,,,,,,,,,,,,,,,,,,,,,,,,,,,,,,
	InterestIncomeNonOperating,"4,000,000","4,000,000",,,,,,,,,,,,,,,,,,,,,,,,,,,,"2,411,000","3,527,000","2,126,000","3,377,000","3,138,000","2,935,000","2,845,000","2,835,000","4,182,000","2,837,000","2,821,000","2,812,000","3,002,000","2,601,000","2,663,000","2,676,000",,,"2,614,000","2,305,000",,,,"2,549,000",,,,,,,,,,,,,,,,,,,,,,,,,,,,,,,,,,,,,,,,,,,,,,,,,,,,,,,,,,,,,,,,,,,,,,,,,,,,,,,,,
	InterestExpenseNonOperating,"403,000,000","103,000,000",,,,,,,,,,,,,,,,,,,,,,,,,,,,"77,556,000","78,972,000","75,794,000","76,937,000","78,042,000","80,324,000","80,602,000","80,949,000","78,976,000","79,453,000","82,551,000","82,466,000","82,091,000","81,203,000","81,167,000","79,158,000","82,736,000","74,858,000","81,348,000","81,020,000","76,754,000","74,124,000","73,688,000","74,528,000",,,,,,,,,,,,,,,,,,,,,,,,,,,,,,,,,,,,,,,,,,,,,,,,,,,,,,,,,,,,,,,,,,,,,,,,,,,,,,,,,
	TotalOtherFinanceCost,,,"101,000,000","101,000,000","98,000,000","99,000,000","99,000,000","101,000,000","96,000,000","98,000,000","97,000,000","94,000,000","93,000,000","91,000,000","89,000,000","86,000,000","84,000,000","83,000,000","89,000,000","85,000,000","85,000,000","83,000,000","81,000,000","81,000,000","80,000,000","73,516,000","79,748,000","77,299,000","77,437,000","2,055,000","1,669,000","1,629,000","1,673,000","1,874,000","1,524,000","1,624,000","1,581,000","76,203,000",,,,,,,,,,,"78,715,000",,"74,124,000","73,688,000",,,,,,,,,,,,,,,,,,,,,,,,,,,,,,,,,,,,,,,,,,,,,,,,,,,,,,,,,,,,,,,,,,,,,,,,,,,,,,,,,,
OtherIncomeExpense,"843,000,000","773,000,000","24,000,000","22,000,000","24,000,000","17,000,000","18,000,000","20,000,000","16,000,000","-33,000,000","9,000,000","25,000,000","10,000,000","13,000,000","-30,000,000","6,000,000","9,000,000","12,000,000","6,000,000","5,000,000","3,000,000","3,000,000","10,000,000","9,000,000","3,000,000","-65,000","5,725,000","4,574,000","7,766,000","4,597,000","3,702,000","3,357,000","2,413,000","-39,493,000","3,262,000","5,327,000","4,367,000","7,695,000","4,031,000","6,576,000","4,974,000","3,826,000","5,679,000","3,129,000","1,454,000","5,504,000","3,626,000","4,323,000","2,935,000","2,289,000","1,519,000","2,622,000","-445,159,000","7,461,000","-1,177,000","201,000","1,275,000",,,,,,,,,"-851,000","-31,593,000","-2,554,000","2,699,000","-3,559,000","3,066,000","-671,000","-3,432,000","-4,052,000","234,000","-1,308,000","-6,545,000","-8,000,000","-14,600,000","-1,000,000","-200,000","-100,000","-100,000","-1,000,000","-100,000","200,000","-200,000","-800,000","100,000","1,500,000","200,000","-100,000","200,000","-300,000","-7,000,000","-100,000","600,000","-300,000","400,000","-200,000","-4,100,000","1,500,000","1,000,000","900,000","500,000","1,000,000","1,000,000","1,000,000","700,000","1,800,000","1,300,000","1,000,000","1,400,000","200,000","1,200,000","700,000","1,300,000","500,000",,,,,,,,,,,,,,,,
	SpecialIncomeCharges,"747,000,000","747,000,000",,,,"0","0","0","0","-47,000,000","0","6,000,000","3,000,000","-2,000,000","-41,000,000",,"2,000,000","6,000,000","1,000,000","2,000,000","0","2,000,000","5,000,000","2,000,000","1,000,000","-14,510,000","5,914,000","5,586,000","6,010,000","5,202,000","4,435,000","3,674,000","3,954,000","-36,929,000","3,711,000","5,583,000","5,143,000","8,621,000","4,031,000","6,576,000","4,974,000","3,826,000","5,679,000","3,129,000","1,454,000","5,504,000","3,626,000","4,323,000","2,935,000","2,289,000","1,519,000","2,622,000","-445,159,000","7,461,000","-1,177,000","201,000","1,275,000",,,,,,,,,"-851,000","-31,593,000","-2,554,000","2,699,000","-3,559,000","3,066,000","-671,000","-3,432,000","-4,052,000","234,000","-1,308,000","-6,545,000","-8,000,000","-14,600,000","-1,000,000","-200,000","-100,000","-100,000","-1,000,000","-100,000","200,000","-200,000","-800,000","100,000","1,500,000","200,000","-100,000","200,000","-300,000","-7,000,000","-100,000","600,000","-300,000","400,000","-200,000","-4,100,000","1,500,000","1,000,000","900,000","500,000","1,000,000","1,000,000","1,000,000","700,000","1,800,000","1,300,000","1,000,000","1,400,000","200,000","1,200,000","700,000","1,300,000","500,000",,,,,,,,,,,,,,,,
		ImpairmentOfCapitalAssets,,,,,,"0",,,,"0","0",,,"0","57,000,000",,,,,,,,,,,,,,,,,,,,,,,,,,,,,,,"0","0","0","0","0","0","0","450,000,000",,,,,,,,,,,,,,,,,,,,,,,,,,,,,,,,,,,,,,,,,,,,,,,,,,,,,,,,,,,,,,,,,,,,,,,,,,,,,,,,,
		WriteOff,,,,,,,,,,,"0",,,"0","57,000,000",,,,,,,,,,,,,,,,,,,,,,,,,,,,,,,,,,,,,,,,,,,,,,,,,,,,,,,,,,,,,,,,,,,,,,,,,,,,,,,,,,,,,,,,,,,,,,,,,,,,,,,,,,,,,,,,,,,,,,,
		OtherSpecialCharges,"4,000,000",,,,,,,,,"4,000,000",,,,"2,000,000","2,000,000",,,"1,000,000","6,000,000",,,,,,,,"-5,739,000","-4,377,000","-4,882,000","-3,890,000","-4,375,000","-3,329,000","-3,684,000","36,564,000","-4,479,000","-5,469,000","-5,049,000","-4,248,000",,,,,,,,"-5,504,000","-3,626,000","-4,323,000","-2,935,000","-2,289,000","-1,519,000","-2,622,000","-4,841,000",,,,,,,,,,,,,,,,,,,,,,,,,,,,,,,,,,,,,,,,,,,,,,,,,,,,,,,,,,,,,,,,,,,,,,,,,,,,,,,,,
		GainOnSaleOfPPE,"747,000,000","747,000,000",,,,"0","0","0","0","-43,000,000","0","6,000,000","3,000,000","0","18,000,000",,"2,000,000","7,000,000","7,000,000","2,000,000","0","2,000,000","5,000,000","2,000,000","1,000,000","488,000","175,000","1,209,000","1,128,000","1,312,000","60,000","345,000","270,000","-365,000","-768,000","114,000","94,000","182,000",,,,,,,,,,,,,,,,,,,,,,,,,,,,,,,,,,,,,,,,,,,,,,,,,,,,,,,,,,,,,,,,,,,,,,,,,,,,,,,,,,,,,,,,,,,,,,,,
	OtherNonOperatingIncomeExpenses,"96,000,000","26,000,000","24,000,000","22,000,000","24,000,000","17,000,000","18,000,000","20,000,000","16,000,000","14,000,000","9,000,000","19,000,000","7,000,000","15,000,000","11,000,000","6,000,000","7,000,000","6,000,000","5,000,000","3,000,000","3,000,000","1,000,000","5,000,000","7,000,000","2,000,000","14,445,000","-189,000","-1,012,000","1,756,000","-605,000","-733,000","-317,000","-1,541,000","-2,564,000","-449,000","-256,000","-776,000","-684,000",,,,,,,,,,,,,,,,,,,,,,,,,,,,,,,,,,,,,,,,,,,,,,,,,,,,,,,,,,,,,,,,,,,,,,,,,,,,,,,,,,,,,,,,,,,,,,,,
PretaxIncome,"1,640,000,000","894,000,000","340,000,000","251,000,000","155,000,000","181,000,000","352,000,000","232,000,000","159,000,000","136,000,000","318,000,000","227,000,000","152,000,000","170,000,000","255,000,000","222,000,000","140,000,000","201,000,000","340,000,000","226,000,000","145,000,000","166,000,000","243,000,000","225,000,000","136,000,000","157,786,000","287,085,000","203,627,000","133,502,000","149,146,000","263,813,000","181,489,000","113,006,000","99,948,000","248,992,000","167,719,000","88,811,000","94,324,000","255,024,000","197,265,000","84,645,000","102,223,000","206,759,000","125,813,000","70,113,000","74,856,000","202,723,000","121,572,000","50,285,000","62,916,000","141,801,000","86,126,000","-402,508,000","64,453,000","145,762,000","75,664,000","-736,530,000",,,,,,,,,"93,616,000","131,066,000","27,670,000","53,583,000","97,749,000","81,211,000","39,264,000","62,435,000","84,219,000","74,211,000","45,502,000","52,349,000","87,400,000","55,900,000","32,600,000","45,500,000","76,000,000","57,400,000","35,500,000","42,700,000","70,400,000","51,300,000","29,300,000","35,800,000","58,900,000","43,100,000","27,600,000","30,200,000","52,900,000","44,600,000","21,900,000","29,100,000","44,900,000","37,000,000","17,500,000","23,400,000","48,400,000","35,500,000","16,000,000","19,500,000","36,900,000","31,100,000","18,500,000","16,800,000","44,400,000","31,700,000","18,800,000","22,300,000","29,000,000","22,700,000","12,700,000","11,000,000","25,600,000",,,,,,,,,,,,,,,,
TaxProvision,"377,000,000","249,000,000","62,000,000","44,000,000","22,000,000","36,000,000","88,000,000","56,000,000","35,000,000","38,000,000","78,000,000","57,000,000","39,000,000","58,000,000","70,000,000","60,000,000","34,000,000","202,000,000","137,000,000","95,000,000","52,000,000","65,000,000","95,000,000","88,000,000","54,000,000","58,798,000","113,191,000","80,552,000","53,459,000","55,200,000","107,205,000","72,190,000","44,883,000","40,255,000","98,327,000","66,456,000","31,168,000","40,100,000","100,913,000","80,602,000","35,393,000","41,082,000","78,354,000","51,160,000","28,649,000","34,702,000","78,609,000","48,821,000","19,477,000","26,545,000","50,165,000","34,137,000","10,571,000","28,215,000","57,549,000","30,166,000","-4,102,000",,,,,,,,,"38,428,000","64,401,000","12,457,000","20,719,000","41,972,000","31,830,000","15,803,000","24,327,000","33,488,000","29,072,000","18,419,000","19,800,000","34,600,000","22,800,000","12,900,000","17,800,000","29,400,000","22,300,000","13,900,000","16,800,000","26,900,000","19,700,000","11,300,000","13,900,000","22,600,000","16,600,000","10,600,000","11,700,000","20,300,000","17,200,000","8,400,000","11,400,000","17,100,000","14,300,000","7,100,000","8,700,000","19,700,000","13,600,000","5,800,000","6,800,000","13,700,000","10,800,000","6,400,000","4,500,000","15,900,000","11,500,000","6,300,000","6,200,000","10,600,000","8,500,000","4,300,000","3,400,000","9,600,000",,,,,,,,,,,,,,,,
NetIncomeCommonStockholders,"1,263,000,000","645,000,000","278,000,000","207,000,000","133,000,000","145,000,000","264,000,000","176,000,000","124,000,000","98,000,000","240,000,000","170,000,000","113,000,000","112,000,000","187,000,000","162,000,000","106,000,000","-1,000,000","203,000,000","131,000,000","93,000,000","101,000,000","148,000,000","137,000,000","82,000,000","99,090,000","173,843,000","123,040,000","80,025,000","93,479,000","152,142,000","109,266,000","68,103,000","59,671,000","150,605,000","101,220,000","57,623,000","55,334,000","153,812,000","107,026,000","41,754,000","40,293,000","137,422,000","84,566,000","47,332,000","40,154,000","124,114,000","72,751,000","30,808,000","36,371,000","91,636,000","51,989,000","-413,079,000","36,182,000","88,158,000","45,498,000","-732,484,000","-85,707,000","-85,707,000","-85,707,000","-85,707,000","-40,560,000","-40,561,000","-40,561,000","-40,561,000","55,188,000","66,665,000","17,746,000","32,718,000","55,631,000","49,235,000","23,315,000","37,396,000","49,735,000","44,143,000","26,087,000","31,565,000","52,800,000","32,100,000","18,700,000","26,700,000","45,600,000","34,100,000","20,600,000","24,900,000","42,500,000","30,600,000","17,000,000","20,900,000","35,300,000","25,500,000","16,000,000","17,500,000","31,600,000","26,400,000","12,500,000","16,700,000","26,800,000","22,700,000","10,400,000","13,700,000","27,700,000","20,900,000","9,200,000","11,700,000","22,200,000","19,300,000","11,100,000","11,300,000","27,500,000","19,200,000","11,800,000","15,900,000","18,200,000","14,000,000","8,200,000","7,500,000","15,800,000","15,900,000","8,700,000","11,000,000","20,300,000","14,500,000","10,200,000","11,100,000","18,600,000","14,700,000","10,800,000","12,700,000","18,300,000","16,600,000","10,500,000","7,600,000","14,800,000"
	NetIncome,"1,263,000,000","645,000,000","278,000,000","207,000,000","133,000,000","145,000,000","264,000,000","176,000,000","124,000,000","98,000,000","240,000,000","170,000,000","113,000,000","112,000,000","187,000,000","162,000,000","106,000,000","-1,000,000","203,000,000","131,000,000","93,000,000","101,000,000","148,000,000","137,000,000","82,000,000","98,988,000","173,894,000","123,075,000","80,043,000","93,501,000","152,185,000","109,299,000","68,123,000","59,693,000","150,665,000","101,263,000","57,643,000","55,478,000","153,812,000","107,026,000","41,754,000","40,293,000","137,422,000","84,566,000","47,332,000","40,154,000","124,114,000","72,751,000","30,808,000","36,371,000","91,636,000","51,989,000","-413,079,000","36,238,000","88,213,000","45,498,000","-732,428,000","-85,707,000","-85,707,000","-85,707,000","-85,707,000","-40,560,000","-40,561,000","-40,561,000","-40,561,000","55,188,000","66,665,000","17,892,000","32,864,000","55,777,000","49,381,000","23,461,000","38,108,000","50,731,000","45,139,000","27,083,000","32,549,000","52,800,000","33,100,000","19,700,000","27,700,000","46,600,000","35,100,000","21,600,000","25,900,000","43,500,000","31,600,000","18,000,000","21,900,000","36,300,000","26,500,000","17,000,000","18,500,000","32,600,000","27,400,000","13,500,000","17,700,000","27,800,000","22,700,000","10,400,000","14,700,000","28,700,000","21,900,000","10,200,000","12,700,000","23,200,000","20,300,000","12,100,000","12,300,000","28,500,000","20,200,000","12,500,000","16,100,000","18,400,000","14,200,000","8,400,000","7,600,000","16,000,000","15,900,000","8,700,000","11,800,000","20,300,000","14,500,000","10,200,000","12,000,000","18,600,000","14,700,000","10,800,000","13,600,000","18,300,000","16,600,000","10,500,000","8,600,000","14,800,000"
		NetIncomeIncludingNoncontrollingInterests,"1,263,000,000","645,000,000","278,000,000","207,000,000","133,000,000","145,000,000","264,000,000","176,000,000","124,000,000","98,000,000","240,000,000","170,000,000","113,000,000","112,000,000","185,000,000","162,000,000","106,000,000","-1,000,000","203,000,000","131,000,000","93,000,000","101,000,000","148,000,000","137,000,000","82,000,000","98,988,000","173,894,000","123,075,000","80,043,000","93,501,000","152,185,000","109,299,000","68,123,000","59,693,000","150,665,000","101,263,000","57,643,000","55,478,000","153,812,000","107,026,000","41,754,000","40,293,000","137,422,000","84,566,000","47,332,000","40,154,000","124,114,000","72,751,000","30,808,000","36,371,000","91,636,000","51,989,000","-413,079,000","36,238,000","88,213,000","45,498,000","-732,428,000","-85,707,000","-85,707,000","-85,707,000","-85,707,000","-40,560,000","-40,561,000","-40,561,000","-40,561,000","54,533,000","65,970,000","17,179,000","32,154,000","55,027,000","48,639,000","22,678,000","37,325,000","49,942,000","44,344,000","26,285,000","31,738,000","51,800,000","32,300,000","18,900,000","26,900,000","45,800,000","34,200,000","20,700,000","25,100,000","42,600,000","30,700,000","17,100,000","21,000,000","35,400,000","25,600,000","16,100,000","17,600,000","31,700,000","26,500,000","12,600,000","16,800,000","26,900,000","21,700,000","9,400,000","10,300,000","28,700,000","21,900,000","10,200,000","12,700,000","23,200,000","20,300,000","12,100,000","11,400,000","27,800,000","19,500,000","11,900,000","15,500,000","17,700,000","13,500,000","7,700,000","6,900,000","15,100,000","15,900,000","8,700,000","11,800,000","20,300,000","14,500,000","10,200,000","12,000,000","18,600,000","14,700,000","10,800,000","13,600,000","18,300,000","16,600,000","10,500,000","8,600,000","14,800,000"
			NetIncomeContinuousOperations,"1,263,000,000","645,000,000","278,000,000","207,000,000","133,000,000","145,000,000","264,000,000","176,000,000","124,000,000","98,000,000","240,000,000","170,000,000","113,000,000","112,000,000","185,000,000","162,000,000","106,000,000","-1,000,000","203,000,000","131,000,000","93,000,000","101,000,000","148,000,000","137,000,000","82,000,000","98,988,000","173,894,000","123,075,000","80,043,000","93,946,000","156,608,000","109,299,000","68,123,000","59,693,000","150,665,000","101,263,000","57,643,000","54,224,000","154,111,000","116,663,000","49,252,000","61,141,000","128,405,000","74,653,000","41,464,000","40,154,000","124,114,000","72,751,000","30,808,000","36,371,000","91,636,000","51,989,000","-413,079,000","36,238,000","88,213,000","45,498,000","-732,428,000","-85,569,000","-85,569,000","-85,569,000","-85,569,000","-38,962,000","-38,963,000","-38,963,000","-38,963,000","55,188,000","66,665,000","15,213,000","32,864,000","55,777,000","49,381,000","23,461,000","38,108,000","50,731,000","45,139,000","27,083,000","32,549,000","52,800,000","33,100,000","19,700,000","27,700,000","46,600,000","35,100,000","21,600,000","25,900,000","43,500,000","31,600,000","18,000,000","21,900,000","36,300,000","26,500,000","17,000,000","18,500,000","32,600,000","27,400,000","13,500,000","17,700,000","27,800,000","22,700,000","10,400,000","14,700,000","28,700,000","21,900,000","10,200,000","12,700,000","23,200,000","20,300,000","12,100,000","12,300,000","28,500,000","20,200,000","12,500,000","16,100,000","18,400,000","14,200,000","8,400,000","7,600,000","16,000,000","15,900,000","8,700,000","11,800,000","20,300,000","14,500,000","10,200,000","12,000,000","18,600,000","14,700,000","10,800,000","13,600,000","18,300,000","16,600,000","10,500,000","8,600,000","14,800,000"
			NetIncomeDiscontinuousOperations,,,,,,,,,,,,,,,,,,,,,,,,,,"0","0","0","0","-445,000","-4,423,000",,,"0","0","0","0","1,254,000","-299,000","-9,637,000","-7,498,000","-20,848,000","9,017,000","9,913,000","5,868,000",,,,,,,,,,,,,"-138,000","-138,000","-138,000","-138,000","-1,598,000","-1,598,000","-1,598,000","-1,598,000",,,,,,,,,,,,,,,,,,,,,,,,,,,,,,,,,,,,,,,,,,,,,,,,,,,,,,,,,,,,,,,,,,,,,
			NetIncomeExtraordinary,,,,,,,,,,,,,,,,,,,,,,,,,,,,,,,,,,,,,,,,,,,,,,,,,,,,,,,,,,,,,,,,,,,,"2,679,000",,,,,,,,,,,,,,,,,,,,,,,,,,,,,,,,,,,,,,,,,,,,,,,,,,,,,,,,,,,,,,,,,,
		MinorityInterests,,,,,,,,,,"0","0",,,"0","2,000,000",,,,,,,,,,,,,,,,,,,,,,,,,,,,,,,,,,,,,,,,,,,,,,,,,,,"655,000","695,000","713,000","710,000","750,000","742,000","783,000","783,000","789,000","795,000","798,000","811,000","1,000,000","800,000","800,000","800,000","800,000","900,000","900,000","800,000","900,000","900,000","900,000","900,000","900,000","900,000","900,000","900,000","900,000","900,000","900,000","900,000","900,000","1,000,000","1,000,000",,,,,,,,,"900,000","700,000","700,000","600,000","600,000","700,000","700,000","700,000","700,000","900,000",,,,,,,,,,,,,,,,
	PreferredStockDividends,,,,,,,,,,,,,,,,,,,,,,,,,,,,,,,,,,,,,,,,,,,,,,,,,,,,,,"56,000","55,000",,"56,000",,,,,,,,,,,"146,000","146,000","146,000","146,000","146,000","712,000","996,000","996,000","996,000","984,000",,"1,000,000","1,000,000","1,000,000","1,000,000","1,000,000","1,000,000","1,000,000","1,000,000","1,000,000","1,000,000","1,000,000","1,000,000","1,000,000","1,000,000","1,000,000","1,000,000","1,000,000","1,000,000","1,000,000","1,000,000",,,"1,000,000","1,000,000","1,000,000","1,000,000","1,000,000","1,000,000","1,000,000","1,000,000","1,000,000","1,000,000","1,000,000","700,000","200,000","200,000","200,000","200,000","100,000","200,000",,,,,,,,,,,,,,,,
AverageDilutionEarnings,,,,,,,,,,,,,,,,,,,,,,,,,,,"32,000","16,000","5,000","8,000","26,000","16,000","5,000","3,000","41,000","21,000","20,000",,,,,,,,,,,,,,,,,,,,,,,,,,,,,,,,,,,,,,,,,,,,,,,,,,,,,,,,,,,,,,,,,,,,,,,,,,,,,,,,,,,,,,,,,,,,,,,,,
DilutedNIAvailtoComStockholders,"1,263,000,000","645,000,000","278,000,000","207,000,000","133,000,000","145,000,000","264,000,000","176,000,000","124,000,000","98,000,000","240,000,000","170,000,000","113,000,000","112,000,000","187,000,000","162,000,000","106,000,000","-1,000,000","203,000,000","131,000,000","93,000,000","101,000,000","148,000,000","137,000,000","82,000,000","99,039,000","173,875,000","123,056,000","80,030,000","93,487,000","152,168,000","109,282,000","68,108,000","59,674,000","150,646,000","101,241,000","57,643,000","55,392,000","153,812,000","107,026,000","41,754,000","40,293,000","137,422,000","84,566,000","47,332,000","40,154,000","124,114,000","72,751,000","30,808,000","36,371,000","91,636,000","51,989,000","-413,079,000","36,182,000","88,158,000","45,498,000","-732,484,000","-85,707,000","-85,707,000","-85,707,000","-85,707,000","-40,560,000","-40,561,000","-40,561,000","-40,561,000","55,188,000","66,665,000","17,746,000","32,718,000","55,631,000","49,235,000","23,315,000","37,396,000","49,735,000","44,143,000","26,087,000","31,565,000","52,800,000","32,100,000","18,700,000","26,700,000","45,600,000","34,100,000","20,600,000","24,900,000","42,500,000","30,600,000","17,000,000","20,900,000","35,300,000","25,500,000","16,000,000","17,500,000","31,600,000","26,400,000","12,500,000","16,700,000","26,800,000","22,700,000","10,400,000","13,700,000","27,700,000","20,900,000","9,200,000","11,700,000","22,200,000","19,300,000","11,100,000","11,300,000","27,500,000","19,200,000","11,800,000","15,900,000","18,200,000","14,000,000","8,200,000","7,500,000","15,800,000","15,900,000","8,700,000","11,000,000","20,300,000","14,500,000","10,200,000","11,100,000","18,600,000","14,700,000","10,800,000","12,700,000","18,300,000","16,600,000","10,500,000","7,600,000","14,800,000"
BasicEPS,,"3.56","1.53","1.14","0.73","0.8","1.46","0.97","0.69","0.54","1.33","0.94","0.62","0.62","1.04","0.9","0.6","-0.006","1.14","0.74","0.52","0.57","0.83","0.77","0.46","0.55","0.97","0.69","0.45","0.52","0.85","0.61","0.38","0.33","0.85","0.57","0.32","0.31","0.87","0.61","0.24",,"0.78","0.48","0.27",,"0.71","0.42","0.18",,"0.52","0.32","-2.58",,"0.55","0.28","-4.58",,"-0.54","-0.54","-0.54",,"-0.25","-0.25","-0.254","0.55","0.67","0.18",,"0.56","0.5","0.24",,"0.51","0.45","0.27",,"0.54","0.33","0.23",,"0.57","0.42","0.26",,"0.54","0.39","0.22",,"0.45","0.35","0.23",,"0.47","0.4","0.19",,"0.42","0.34","0.15",,"0.44","0.34","0.15",,"0.36","0.31","0.18",,"0.45","0.31","0.2",,"0.3","0.23","0.14",,"0.26","0.26","0.14",,"0.33","0.24","0.17",,"0.3","0.24","0.18",,"0.31","0.28","0.17",,"0.25"
DilutedEPS,,"3.55","1.53","1.14","0.73","0.8","1.46","0.97","0.68","0.54","1.33","0.94","0.62","0.62","1.04","0.9","0.59","-0.01","1.13","0.73","0.52","0.57","0.83","0.77","0.46","0.55","0.96","0.68","0.44","0.52","0.85","0.61","0.38","0.33","0.84","0.57","0.32","0.31","0.86","0.6","0.24",,"0.78","0.48","0.27",,"0.71","0.42","0.18",,"0.52","0.32","-2.58",,"0.55","0.28","-4.58",,"-0.54","-0.54","-0.54",,"-0.25","-0.25","-0.254","0.55","0.66","0.18",,"0.56","0.5","0.24",,"0.51","0.45","0.27",,"0.54","0.33","0.23",,"0.57","0.42","0.26",,"0.54","0.39","0.22",,"0.45","0.35","0.23",,"0.47","0.4","0.19",,"0.42","0.34","0.15",,"0.44","0.34","0.15",,"0.36","0.31","0.18",,"0.45","0.31","0.2",,"0.3","0.23","0.14",,"0.26","0.26","0.14",,"0.33","0.24","0.17",,"0.3","0.24","0.18",,"0.3","0.27","0.17",,"0.24"
BasicAverageShares,,"182,000,000","182,000,000","182,000,000","181,000,000","181,000,000","181,000,000","181,000,000","181,000,000","181,000,000","181,000,000","181,000,000","181,000,000","181,000,000","181,000,000","179,000,000","178,000,000","178,000,000","178,000,000","178,000,000","178,000,000","178,000,000","178,000,000","178,000,000","178,000,000","179,000,000","179,578,000","179,564,000","179,458,000","179,150,000","178,992,000","178,863,000","178,539,000","178,237,000","177,965,000","177,716,000","177,327,000","176,907,000","176,621,000","176,331,000","175,914,000",,"175,547,000","175,469,000","175,259,000",,"174,859,000","174,774,000","174,721,000",,"174,595,000","163,229,000","160,011,000",,"159,949,000","159,932,000","160,000,000",,"158,716,667","158,716,667","158,716,667",,"162,244,000","162,244,000","160,000,000","100,062,000","100,034,000","100,032,346",,"99,723,000","99,256,000","98,873,000",,"98,139,000","97,816,000","97,479,000",,"97,777,778","97,272,727","81,304,348",,"80,000,000","81,190,476","79,230,769",,"78,703,704","78,461,538","77,272,727",,"78,444,444","72,857,143","69,565,217",,"67,234,043","66,000,000","65,789,474",,"63,809,524","66,764,706","69,333,333",,"62,954,545","61,470,588","61,333,333",,"61,666,667","62,258,065","61,666,667",,"61,111,111","61,935,484","59,000,000",,"60,666,667","60,869,565","58,571,429",,"60,769,231","61,153,846","62,142,857",,"61,515,152","60,416,667","60,000,000",,"62,000,000","61,250,000","60,000,000",,"59,032,258","59,285,714","61,764,706",,"59,200,000"
DilutedAverageShares,,"182,000,000","182,000,000","182,000,000","182,000,000","181,000,000","182,000,000","181,000,000","181,000,000","181,000,000","181,000,000","181,000,000","181,000,000","181,000,000","181,000,000","179,000,000","179,000,000","179,000,000","179,000,000","179,000,000","179,000,000","178,000,000","178,000,000","178,000,000","179,000,000","180,000,000","180,353,000","180,371,000","180,295,000","180,142,000","179,948,000","179,693,000","179,457,000","179,469,000","179,154,000","178,910,000","178,465,000","178,113,000","177,841,000","177,491,000","177,028,000",,"176,593,000","176,419,000","176,048,000",,"175,062,000","174,850,000","174,797,000",,"174,691,000","163,301,000","160,011,000",,"160,000,000","159,976,000","160,000,000",,"158,716,667","158,716,667","158,716,667",,"162,244,000","162,244,000","160,000,000","100,062,000","100,034,000","100,032,346",,"99,723,000","99,256,000","98,873,000",,"98,139,000","97,816,000","97,479,000",,"97,777,778","97,272,727","81,304,348",,"80,000,000","81,190,476","79,230,769",,"78,703,704","78,461,538","77,272,727",,"78,444,444","72,857,143","69,565,217",,"67,234,043","66,000,000","65,789,474",,"63,809,524","66,764,706","69,333,333",,"62,954,545","61,470,588","61,333,333",,"61,666,667","62,258,065","61,666,667",,"61,111,111","61,935,484","59,000,000",,"60,666,667","60,869,565","58,571,429",,"60,769,231","61,153,846","62,142,857",,"61,515,152","60,416,667","60,000,000",,"62,000,000","61,250,000","60,000,000",,"61,000,000","61,481,481","61,764,706",,"61,666,667"
TotalOperatingIncomeAsReported,"1,196,000,000","220,000,000","417,000,000","330,000,000","229,000,000","263,000,000","433,000,000","313,000,000","239,000,000","224,000,000","406,000,000","302,000,000","238,000,000","248,000,000","335,000,000","302,000,000","217,000,000","279,000,000","430,000,000","308,000,000","227,000,000","248,000,000","319,000,000","299,000,000","214,000,000","231,855,000","361,283,000","277,561,000","204,301,000","223,061,000","337,285,000","253,774,000","186,096,000","215,854,000","323,875,000","241,887,000","164,233,000","166,963,000","327,640,000","270,632,000","159,738,000","177,140,000","281,317,000","201,160,000","144,873,000","152,088,000","273,955,000","195,983,000","126,065,000","137,381,000","214,406,000","157,192,000","-335,370,000","123,194,000","212,211,000","140,417,000","-671,746,000",,,,,,,,,,,,,,,,,,,,,,,,,,,,,,,,,,,,,,,,,,,,,,,,,,,,,,,,,,,,,,,,,,,,,,,,,,,,,
TotalExpenses,"2,734,000,000","731,000,000","675,000,000","669,000,000","659,000,000","660,000,000","646,000,000","618,000,000","605,000,000","635,000,000","607,000,000","586,000,000","578,000,000","602,000,000","602,000,000","551,000,000","546,000,000","549,000,000","513,000,000","538,000,000","529,000,000","556,000,000","616,000,000","530,000,000","530,000,000","551,228,000","535,098,000","505,769,000","494,905,000","509,629,000","508,944,000","505,730,000","496,120,000","496,041,000","504,553,000","482,492,000","471,998,000","514,132,000","504,206,000","475,188,000","459,229,000","446,230,000","486,768,000","473,060,000","465,795,000","512,296,000","512,991,000","475,240,000","461,988,000","460,456,000","465,550,000","455,548,000","435,540,000","445,357,000","459,982,000","448,952,000","1,178,561,000",,,,,,,,,"579,033,000","539,023,000","508,289,000","453,072,000","414,342,000","399,196,000","379,317,000","366,423,000","376,896,000","381,376,000","362,351,000","350,926,000","364,300,000","338,400,000","276,200,000","287,400,000","283,100,000","271,600,000","254,700,000","268,400,000","272,900,000","255,100,000","247,000,000","253,800,000","266,100,000","258,500,000","241,600,000","247,300,000","249,200,000","234,200,000","225,800,000","228,900,000","238,600,000","227,100,000","229,000,000","490,300,000","128,300,000","121,200,000","114,900,000","117,000,000","115,700,000","113,300,000","110,300,000","114,900,000","109,100,000","104,200,000","100,700,000","100,200,000","99,700,000","98,200,000","95,800,000","98,100,000","95,500,000",,,,,,,,,,,,,,,,
NetIncomeFromContinuingAndDiscontinuedOperation,"1,263,000,000","645,000,000","278,000,000","207,000,000","133,000,000","145,000,000","264,000,000","176,000,000","124,000,000","98,000,000","240,000,000","170,000,000","113,000,000","112,000,000","187,000,000","162,000,000","106,000,000","-1,000,000","203,000,000","131,000,000","93,000,000","101,000,000","148,000,000","137,000,000","82,000,000","98,988,000","173,894,000","123,075,000","80,043,000","93,501,000","152,185,000","109,299,000","68,123,000","59,693,000","150,665,000","101,263,000","57,643,000","55,478,000","153,812,000","107,026,000","41,754,000","40,293,000","137,422,000","84,566,000","47,332,000","40,154,000","124,114,000","72,751,000","30,808,000","36,371,000","91,636,000","51,989,000","-413,079,000","36,238,000","88,213,000","45,498,000","-732,428,000","-85,707,000","-85,707,000","-85,707,000","-85,707,000","-40,560,000","-40,561,000","-40,561,000","-40,561,000","55,188,000","66,665,000","15,213,000","32,864,000","55,777,000","49,381,000","23,461,000","38,108,000","50,731,000","45,139,000","27,083,000","32,549,000","52,800,000","33,100,000","19,700,000","27,700,000","46,600,000","35,100,000","21,600,000","25,900,000","43,500,000","31,600,000","18,000,000","21,900,000","36,300,000","26,500,000","17,000,000","18,500,000","32,600,000","27,400,000","13,500,000","17,700,000","27,800,000","22,700,000","10,400,000","14,700,000","28,700,000","21,900,000","10,200,000","12,700,000","23,200,000","20,300,000","12,100,000","12,300,000","28,500,000","20,200,000","12,500,000","16,100,000","18,400,000","14,200,000","8,400,000","7,600,000","16,000,000","15,900,000","8,700,000","11,800,000","20,300,000","14,500,000","10,200,000","12,000,000","18,600,000","14,700,000","10,800,000","13,600,000","18,300,000","16,600,000","10,500,000","8,600,000","14,800,000"
NormalizedIncome,"687,810,000","645,000,000","278,000,000","207,000,000","133,000,000","145,000,000","264,000,000","176,000,000","124,000,000","131,867,647.059","240,000,000","165,506,000","110,771,000","113,317,647.059","216,725,000","162,000,000","104,486,000","-4,600,000","202,400,000","129,800,000","93,000,000","99,783,132.53","144,954,732.51","135,782,222.222","81,397,058.824","108,090,936.129","170,310,116","119,701,056","76,437,000","90,669,297.36","153,725,250","107,087,252","65,738,738","81,850,400","148,419,845","97,890,868","54,305,193","48,620,350","151,675,066.751","112,388,600","46,018,900","58,845,400","124,878,130.577","72,619,150","40,518,900","36,576,400","121,894,037.963","70,157,200","29,009,820.026","34,883,150","90,654,377.275","50,406,258.923","-123,725,650","31,388,350","88,925,302.939","45,377,135.414","-733,695,899.067","-85,569,000","-85,569,000","-85,569,000","-85,569,000","-38,962,000","-38,963,000","-38,963,000","-38,963,000","55,698,600","85,620,800","16,745,400","31,208,625.422","57,912,400","47,516,694.105","23,863,600","40,202,765.052","53,171,803.287","44,996,668.998","27,867,800","36,618,479.933","57,632,951.945","41,860,000","20,304,294.479","27,821,758.242","46,661,315.789","35,161,149.826","22,208,450.704","25,960,655.738","43,376,420.455","31,723,196.881","18,491,467.577","21,838,826.816","35,375,551.783","26,377,030.162","17,061,594.203","18,377,483.444","32,784,877.127","31,700,448.43","13,561,643.836","17,335,051.546","27,985,746.102","22,454,594.595","10,520,000","17,275,641.026","27,800,000","21,283,098.592","9,626,250","12,374,358.974","22,571,273.713","19,647,266.881","11,445,945.946","11,787,500","27,344,594.595","19,371,608.833","11,835,106.383","15,089,237.668","18,273,103.448","13,449,339.207","7,937,007.874","6,701,818.182","15,687,500","15,900,000","8,700,000","11,800,000","20,300,000","14,500,000","10,200,000","12,000,000","18,600,000","14,700,000","10,800,000","13,600,000","18,300,000","16,600,000","10,500,000","8,600,000","14,800,000"
InterestIncome,"4,000,000","4,000,000",,,,,,,,,,,,,,,,,,,,,,,,,,,,"2,411,000","3,527,000","2,126,000","3,377,000","3,138,000","2,935,000","2,845,000","2,835,000","4,182,000","2,837,000","2,821,000","2,812,000","3,002,000","2,601,000","2,663,000","2,676,000",,,"2,614,000","2,305,000",,,,"2,549,000",,,,,,,,,,,,,,,,,,,,,,,,,,,,,,,,,,,,,,,,,,,,,,,,,,,,,,,,,,,,,,,,,,,,,,,,,,,,,,,,,
InterestExpense,"403,000,000","103,000,000",,,,,,,,,,,,,,,,,,,,,,,,,,,,"77,556,000","78,972,000","75,794,000","76,937,000","78,042,000","80,324,000","80,602,000","80,949,000","78,976,000","79,453,000","82,551,000","82,466,000","82,091,000","81,203,000","81,167,000","79,158,000","82,736,000","74,858,000","81,348,000","81,020,000","76,754,000","74,124,000","73,688,000","74,528,000",,,,,,,,,,,,,,,,,,,,,,,,,,,,,,,,,,,,,,,,,,,,,,,,,,,,,,,,,,,,,,,,,,,,,,,,,,,,,,,,,
NetInterestIncome,"-399,000,000","-99,000,000","-101,000,000","-101,000,000","-98,000,000","-99,000,000","-99,000,000","-101,000,000","-96,000,000","-98,000,000","-97,000,000","-94,000,000","-93,000,000","-91,000,000","-89,000,000","-86,000,000","-84,000,000","-83,000,000","-89,000,000","-85,000,000","-85,000,000","-83,000,000","-81,000,000","-81,000,000","-80,000,000","-73,516,000","-79,748,000","-77,299,000","-77,437,000","-77,200,000","-77,114,000","-75,297,000","-75,233,000","-76,778,000","-78,913,000","-79,381,000","-79,695,000","-80,152,000","-76,616,000","-79,730,000","-79,654,000","-79,089,000","-78,602,000","-78,504,000","-76,482,000","-82,736,000","-74,858,000","-78,734,000","-78,715,000","-76,754,000","-74,124,000","-73,688,000","-71,979,000",,,,,,,,,,,,,,,,,,,,,,,,,,,,,,,,,,,,,,,,,,,,,,,,,,,,,,,,,,,,,,,,,,,,,,,,,,,,,,,,,
EBIT,"2,043,000,000","1,067,000,000","417,000,000","330,000,000","229,000,000","263,000,000","433,000,000","313,000,000","239,000,000","267,000,000","406,000,000","296,000,000","235,000,000","248,000,000","374,000,000","302,000,000","215,000,000","272,000,000","423,000,000","306,000,000","227,000,000","246,000,000","314,000,000","297,000,000","213,000,000","231,367,000","361,108,000","276,352,000","203,173,000","226,702,000","342,785,000","257,283,000","189,943,000","177,990,000","329,316,000","248,321,000","169,760,000","173,300,000","334,477,000","279,816,000","167,111,000","184,314,000","287,962,000","206,980,000","149,271,000","157,592,000","277,581,000","202,920,000","131,305,000","139,670,000","215,925,000","159,814,000","-327,980,000","123,194,000","212,211,000","140,417,000","-671,746,000","-1,657,725,000","553,554,000","553,554,000","553,554,000","-1,316,290,000","523,267,000","523,267,000","523,267,000","-95,576,000","-115,009,000","-123,549,000","-89,446,000","-19,386,000","-35,318,000","-62,890,000","-34,126,000","-12,771,000","-34,967,000","-54,592,000","-40,069,000","-10,700,000","-19,400,000","-39,200,000","-34,100,000","-600,000","-15,600,000","-28,700,000","-31,500,000","-6,900,000","-17,200,000","-33,600,000","-33,600,000","-18,500,000","-29,900,000","-43,400,000","-49,000,000","-26,200,000","-33,500,000","-45,000,000","-41,300,000","-28,800,000","-32,000,000","-51,300,000","-308,400,000","71,900,000","58,700,000","40,600,000","43,700,000","60,600,000","55,300,000","42,600,000","40,800,000","67,000,000","55,000,000","41,400,000","45,100,000","52,800,000","44,500,000","34,400,000","31,600,000","46,200,000","135,200,000","121,000,000","-227,000,000","144,300,000","127,400,000","115,300,000","-206,500,000","133,800,000","122,600,000","109,900,000","-192,000,000","129,300,000","118,400,000","105,000,000","-181,900,000","116,500,000"
EBITDA,"2,679,000,000"
ReconciledCostOfRevenue,"1,777,000,000","491,000,000","436,000,000","431,000,000","419,000,000","429,000,000","419,000,000","391,000,000","383,000,000","412,000,000","395,000,000","372,000,000","365,000,000","394,000,000","390,000,000","348,000,000","347,000,000","368,000,000","324,000,000","349,000,000","337,000,000","373,000,000","432,000,000","351,000,000","348,000,000","379,934,000","363,610,000","336,624,000","323,832,000","345,487,000","341,679,000","342,974,000","329,275,000","333,591,000","343,610,000","323,320,000","312,203,000","1,350,040,000","0","0","0","0","0","1,070,000","0","0","0","10,676,000","0","0","0","0","0",,,,,,,,,,,,,"363,362,000","345,457,000","323,737,000","288,621,000","273,554,000","247,640,000","243,227,000","238,255,000","240,295,000","239,411,000","227,791,000","225,415,000","227,200,000","224,900,000","177,500,000","183,500,000","180,400,000","171,000,000","161,800,000","167,500,000","168,000,000","157,100,000","153,900,000","156,100,000","162,300,000","157,000,000","146,500,000","148,000,000","147,900,000","139,600,000","135,200,000","136,400,000","140,400,000","134,100,000","135,300,000","139,000,000","129,100,000","122,900,000","115,100,000","116,500,000","114,400,000","112,000,000","108,200,000","113,700,000","107,300,000","102,900,000","98,700,000","100,000,000","97,800,000","96,900,000","94,000,000","97,000,000","73,500,000",,,,,,,,,,,,,,,,
ReconciledDepreciation,"636,000,000","160,000,000","161,000,000","158,000,000","157,000,000","153,000,000","154,000,000","152,000,000","145,000,000","152,000,000","144,000,000","142,000,000","144,000,000","141,000,000","141,000,000","134,000,000","129,000,000","114,000,000","128,000,000","126,000,000","124,000,000","120,000,000","119,000,000","115,000,000","116,000,000","112,504,000","111,196,000","108,923,000","107,377,000","105,686,000","106,458,000","105,862,000","106,078,000","103,969,000","102,734,000","101,366,000","99,649,000","100,851,000","96,219,000","92,329,000","92,104,000","88,794,000","88,424,000","86,584,000","88,019,000","122,494,000","79,431,000","65,817,000","86,908,000","87,803,000","85,127,000","83,377,000","78,852,000","111,839,000","47,970,000","77,564,000","74,065,000",,,,,,,,,"-62,647,000","-64,207,000","-59,458,000","-52,617,000","-59,151,000","-41,385,000","-48,044,000","-46,232,000","-43,556,000","-43,844,000","-42,927,000","-43,126,000","-40,400,000","-47,400,000","-34,700,000","-34,200,000","-33,700,000","-31,100,000","-30,800,000","-29,500,000","-28,300,000","-26,900,000","-27,800,000","-26,300,000","-26,300,000","-25,300,000","-24,000,000","-22,500,000","-21,900,000","-21,300,000","-21,300,000","-20,600,000","-20,200,000","-19,700,000","-20,100,000","-21,700,000","-18,000,000","-18,400,000","-17,000,000","-15,700,000","-14,700,000","-14,100,000","-13,900,000","-14,100,000","-13,100,000","-12,700,000","-12,200,000","-13,500,000","-11,400,000","-11,100,000","-11,000,000","-10,600,000","10,000,000",,,,,,,,,,,,,,,,
NetIncomeFromContinuingOperationNetMinorityInterest,"1,263,000,000","645,000,000","278,000,000","207,000,000","133,000,000","145,000,000","264,000,000","176,000,000","124,000,000","98,000,000","240,000,000","170,000,000","113,000,000","112,000,000","187,000,000","162,000,000","106,000,000","-1,000,000","203,000,000","131,000,000","93,000,000","101,000,000","148,000,000","137,000,000","82,000,000","98,988,000","173,894,000","123,075,000","80,043,000","93,946,000","156,608,000","109,299,000","68,123,000","59,693,000","150,665,000","101,263,000","57,643,000","54,224,000","154,111,000","116,663,000","49,252,000","61,141,000","128,405,000","74,653,000","41,464,000","40,154,000","124,114,000","72,751,000","30,808,000","36,371,000","91,636,000","51,989,000","-413,079,000","36,238,000","88,213,000","45,498,000","-732,428,000","-85,569,000","-85,569,000","-85,569,000","-85,569,000","-38,962,000","-38,963,000","-38,963,000","-38,963,000","55,188,000","66,665,000","15,213,000","32,864,000","55,777,000","49,381,000","23,461,000","38,108,000","50,731,000","45,139,000","27,083,000","32,549,000","52,800,000","33,100,000","19,700,000","27,700,000","46,600,000","35,100,000","21,600,000","25,900,000","43,500,000","31,600,000","18,000,000","21,900,000","36,300,000","26,500,000","17,000,000","18,500,000","32,600,000","27,400,000","13,500,000","17,700,000","27,800,000","22,700,000","10,400,000","14,700,000","28,700,000","21,900,000","10,200,000","12,700,000","23,200,000","20,300,000","12,100,000","12,300,000","28,500,000","20,200,000","12,500,000","16,100,000","18,400,000","14,200,000","8,400,000","7,600,000","16,000,000","15,900,000","8,700,000","11,800,000","20,300,000","14,500,000","10,200,000","12,000,000","18,600,000","14,700,000","10,800,000","13,600,000","18,300,000","16,600,000","10,500,000","8,600,000","14,800,000"
TotalUnusualItemsExcludingGoodwill,"747,000,000","747,000,000",,,,"0","0","0","0","-47,000,000","0","6,000,000","3,000,000","-2,000,000","-41,000,000",,"2,000,000","6,000,000","1,000,000","2,000,000","0","2,000,000","5,000,000","2,000,000","1,000,000","-14,510,000","5,914,000","5,586,000","6,010,000","5,202,000","4,435,000","3,674,000","3,954,000","-36,929,000","3,711,000","5,583,000","5,143,000","8,621,000","4,031,000","6,576,000","4,974,000","3,826,000","5,679,000","3,129,000","1,454,000","5,504,000","3,626,000","4,323,000","2,935,000","2,289,000","1,519,000","2,622,000","-445,159,000","7,461,000","-1,177,000","201,000","1,275,000",,,,,,,,,"-851,000","-31,593,000","-2,554,000","2,699,000","-3,559,000","3,066,000","-671,000","-3,432,000","-4,052,000","234,000","-1,308,000","-6,545,000","-8,000,000","-14,600,000","-1,000,000","-200,000","-100,000","-100,000","-1,000,000","-100,000","200,000","-200,000","-800,000","100,000","1,500,000","200,000","-100,000","200,000","-300,000","-7,000,000","-100,000","600,000","-300,000","400,000","-200,000","-4,100,000","1,500,000","1,000,000","900,000","500,000","1,000,000","1,000,000","1,000,000","700,000","1,800,000","1,300,000","1,000,000","1,400,000","200,000","1,200,000","700,000","1,300,000","500,000",,,,,,,,,,,,,,,,
TotalUnusualItems,"747,000,000","747,000,000",,,,"0","0","0","0","-47,000,000","0","6,000,000","3,000,000","-2,000,000","-41,000,000",,"2,000,000","6,000,000","1,000,000","2,000,000","0","2,000,000","5,000,000","2,000,000","1,000,000","-14,510,000","5,914,000","5,586,000","6,010,000","5,202,000","4,435,000","3,674,000","3,954,000","-36,929,000","3,711,000","5,583,000","5,143,000","8,621,000","4,031,000","6,576,000","4,974,000","3,826,000","5,679,000","3,129,000","1,454,000","5,504,000","3,626,000","4,323,000","2,935,000","2,289,000","1,519,000","2,622,000","-445,159,000","7,461,000","-1,177,000","201,000","1,275,000",,,,,,,,,"-851,000","-31,593,000","-2,554,000","2,699,000","-3,559,000","3,066,000","-671,000","-3,432,000","-4,052,000","234,000","-1,308,000","-6,545,000","-8,000,000","-14,600,000","-1,000,000","-200,000","-100,000","-100,000","-1,000,000","-100,000","200,000","-200,000","-800,000","100,000","1,500,000","200,000","-100,000","200,000","-300,000","-7,000,000","-100,000","600,000","-300,000","400,000","-200,000","-4,100,000","1,500,000","1,000,000","900,000","500,000","1,000,000","1,000,000","1,000,000","700,000","1,800,000","1,300,000","1,000,000","1,400,000","200,000","1,200,000","700,000","1,300,000","500,000",,,,,,,,,,,,,,,,
NormalizedEBITDA,"1,932,000,000","1,227,000,000","578,000,000","488,000,000","386,000,000","416,000,000","587,000,000","465,000,000","384,000,000","466,000,000","550,000,000","432,000,000","376,000,000","391,000,000","556,000,000","436,000,000","342,000,000","380,000,000","550,000,000","430,000,000","351,000,000","364,000,000","428,000,000","410,000,000","328,000,000","358,381,000","466,390,000","379,689,000","304,540,000","327,186,000","445,139,000","359,471,000","292,067,000","318,888,000","428,339,000","344,104,000","264,266,000","265,530,000","426,665,000","365,569,000","254,241,000","269,282,000","370,707,000","291,505,000","235,836,000","274,582,000","353,386,000","275,090,000","215,278,000","225,184,000","299,533,000","240,569,000","196,031,000","227,572,000","281,764,000","217,780,000","-598,956,000","-1,657,725,000","553,554,000","553,554,000","553,554,000","-1,316,290,000","523,267,000","523,267,000","523,267,000","-36,965,000","-24,465,000","-65,968,000","-42,501,000","31,686,000","7,395,000","-17,859,000","15,538,000","39,805,000","6,096,000","-12,778,000","9,602,000","37,700,000","42,600,000","-3,500,000","300,000","33,200,000","15,600,000","3,100,000","-1,900,000","21,200,000","9,900,000","-5,000,000","-7,400,000","6,300,000","-4,800,000","-19,300,000","-26,700,000","-4,000,000","-5,200,000","-23,600,000","-21,300,000","-8,300,000","-12,700,000","-31,000,000","-282,600,000","88,400,000","76,100,000","56,700,000","58,900,000","74,200,000","68,500,000","55,500,000","54,200,000","78,300,000","66,400,000","52,600,000","57,200,000","64,000,000","54,400,000","44,700,000","40,900,000","55,700,000","135,200,000","121,000,000","-227,000,000","144,300,000","127,400,000","115,300,000","-206,500,000","133,800,000","122,600,000","109,900,000","-192,000,000","129,300,000","118,400,000","105,000,000","-181,900,000","116,500,000"
TaxRateForCalcs,"0.23","0.279","0.182","0.175","0.142","0.199","0.25","0.241","0.22","0.279","0.245","0.251","0.257","0.341","0.275","0.27","0.243","0.4","0.4","0.4","0.359","0.392","0.391","0.391","0.397","0.373","0.394","0.396","0.4","0.37","0.35","0.398","0.397","0.4","0.395","0.396","0.351","0.35","0.396","0.35","0.35","0.4","0.379","0.35","0.35","0.35","0.388","0.4","0.387","0.35","0.354","0.396","0.35","0.35","0.395","0.399","0.006","0.35","0.35","0.35","0.35","0.4","0.4","0.4","0.4","0.4","0.4","0.4","0.387","0.4","0.392","0.4","0.39","0.398","0.392","0.4","0.378","0.396","0.4","0.396","0.391","0.387","0.389","0.392","0.393","0.382","0.384","0.386","0.388","0.384","0.385","0.384","0.387","0.384","0.386","0.384","0.392","0.381","0.386","0.4","0.372","0.4","0.383","0.363","0.349","0.371","0.347","0.346","0.268","0.358","0.363","0.335","0.278","0.366","0.374","0.339","0.309","0.375","0.4","0.4","0.4","0.4","0.4","0.4","0.4","0.4","0.4","0.4","0.4","0.4","0.4","0.4","0.4","0.4"
TaxEffectOfUnusualItems,"171,810,000","0","0","0","0","0","0","0","0","-13,132,352.941","0","1,506,000","771,000","-682,352.941","-11,275,000","0","486,000","2,400,000","400,000","800,000","0","783,132.53","1,954,732.51","782,222.222","397,058.824","-5,407,063.871","2,330,116","2,212,056","2,404,000","1,925,297.36","1,552,250","1,462,252","1,569,738","-14,771,600","1,465,845","2,210,868","1,805,193","3,017,350","1,595,066.751","2,301,600","1,740,900","1,530,400","2,152,130.577","1,095,150","508,900","1,926,400","1,406,037.963","1,729,200","1,136,820.026","801,150","537,377.275","1,039,258.923","-155,805,650","2,611,350","-464,697.061","80,135.414","7,100.933","0","0","0","0","0","0","0","0","-340,400","-12,637,200","-1,021,600","1,043,625.422","-1,423,600","1,201,694.105","-268,400","-1,337,234.948","-1,611,196.713","91,668.998","-523,200","-2,475,520.067","-3,167,048.055","-5,840,000","-395,705.521","-78,241.758","-38,684.211","-38,850.174","-391,549.296","-39,344.262","76,420.455","-76,803.119","-308,532.423","38,826.816","575,551.783","77,030.162","-38,405.797","77,483.444","-115,122.873","-2,699,551.57","-38,356.164","235,051.546","-114,253.898","154,594.595","-80,000","-1,524,358.974","600,000","383,098.592","326,250","174,358.974","371,273.713","347,266.881","345,945.946","187,500","644,594.595","471,608.833","335,106.383","389,237.668","73,103.448","449,339.207","237,007.874","401,818.182","187,500","0","0","0","0","0","0","0","0","0","0","0","0","0","0","0","0"