name,ttm,12/31/2021,09/30/2021,06/30/2021,03/31/2021,12/31/2020,09/30/2020,06/30/2020,03/31/2020,12/31/2019,09/30/2019,06/30/2019,03/31/2019,12/31/2018,09/30/2018,06/30/2018,03/31/2018,12/31/2017,09/30/2017,06/30/2017,03/31/2017,12/31/2016,09/30/2016,06/30/2016,03/31/2016,12/31/2015,09/30/2015,06/30/2015,03/31/2015,12/31/2014,09/30/2014,06/30/2014,03/31/2014,12/31/2013,09/30/2013,06/30/2013,03/31/2013,12/31/2012,09/30/2012,06/30/2012,03/31/2012,12/31/2011,09/30/2011,06/30/2011,03/31/2011,12/31/2010,09/30/2010,06/30/2010,03/31/2010,12/31/2009,09/30/2009,06/30/2009,03/31/2009,12/31/2008,09/30/2008,06/30/2008,03/31/2008,12/31/2007,09/30/2007,06/30/2007,03/31/2007,12/31/2006,09/30/2006,06/30/2006,03/31/2006,12/31/2005,09/30/2005,06/30/2005,03/31/2005,12/31/2004,09/30/2004,06/30/2004,03/31/2004,12/31/2003,09/30/2003,06/30/2003,03/31/2003,12/31/2002,09/30/2002,06/30/2002,03/31/2002,12/31/2001,09/30/2001,06/30/2001,03/31/2001,12/31/2000,09/30/2000,06/30/2000,03/31/2000,12/31/1999,09/30/1999,06/30/1999,03/31/1999,12/31/1998,09/30/1998,06/30/1998,03/31/1998,12/31/1997,09/30/1997,06/30/1997,03/31/1997,12/31/1996,09/30/1996,06/30/1996,03/31/1996,12/31/1995,09/30/1995,06/30/1995,03/31/1995,12/31/1994,09/30/1994,06/30/1994,03/31/1994,12/31/1993,09/30/1993,06/30/1993,03/31/1993,12/31/1992,09/30/1992,06/30/1992,03/31/1992,12/31/1991,09/30/1991,06/30/1991,03/31/1991,12/31/1990,09/30/1990,06/30/1990,03/31/1990,12/31/1989,09/30/1989,06/30/1989,03/31/1989,12/31/1988,09/30/1988,06/30/1988,03/31/1988,12/31/1987,09/30/1987,06/30/1987,03/31/1987,12/31/1986,09/30/1986,06/30/1986,03/31/1986,12/31/1985,09/30/1985
TotalRevenue,"12,784,000,000","3,514,000,000","3,226,000,000","3,098,000,000","2,946,000,000","3,181,000,000","2,972,000,000","2,718,000,000","2,802,000,000","3,039,000,000","2,851,000,000","2,840,000,000","2,632,000,000","2,841,000,000","2,767,000,000","2,842,000,000","2,677,000,000","2,774,000,000","2,707,000,000","2,605,000,000","2,475,000,000","2,645,000,000","2,558,000,000","2,585,000,000","2,375,000,000","2,603,000,000","2,487,000,000","3,893,000,000","3,764,000,000","4,472,000,000","4,197,000,000","4,264,000,000","3,951,000,000","4,368,000,000","3,774,000,000","3,669,000,000","3,448,000,000","3,753,000,000","3,477,000,000","3,572,000,000","3,388,000,000","3,594,000,000","3,479,000,000","3,536,000,000","3,284,000,000","3,498,000,000","3,224,000,000","3,194,000,000","2,927,000,000","3,470,000,000","3,145,000,000","3,123,000,000","2,824,000,000","3,131,000,000","3,151,000,000","3,189,000,000","2,877,000,000","3,009,000,000","2,750,000,000","2,829,000,000","2,675,000,000","2,763,000,000","2,557,000,000","2,649,000,000","2,409,000,000","2,491,000,000","2,398,000,000","2,577,000,000","2,383,000,000","2,601,000,000","2,320,000,000","2,379,000,000","2,209,000,000","2,537,000,000","2,219,000,000","2,163,000,000","1,997,000,000","2,036,000,000","2,102,000,000","2,022,000,000","1,950,000,000","2,136,000,000","1,900,000,000","1,870,000,000","1,757,000,000","1,932,000,000","1,687,000,000","1,694,000,000","1,583,000,000","1,769,000,000","1,589,000,000","1,560,000,000","1,685,000,000","1,836,000,000","1,649,000,000","1,646,000,000","1,468,000,000","1,632,000,000","1,494,000,000","1,569,000,000","1,443,000,000","1,494,000,000","1,310,000,000","1,335,000,000","1,299,000,000","-2,191,000,000","2,456,000,000","2,465,000,000","2,318,000,000","2,500,000,000","2,315,000,000","2,316,000,000","2,193,000,000","2,395,000,000","2,228,000,000","2,215,000,000","2,041,000,000","2,303,000,000","2,116,000,000","2,080,000,000","2,296,000,000","2,390,000,000","2,212,000,000","2,197,000,000","2,122,000,000","2,174,000,000","2,020,000,000","2,003,000,000","1,903,000,000","1,961,000,000","1,808,000,000","1,856,000,000","1,774,000,000","1,825,000,000","1,708,000,000","1,693,000,000","1,635,000,000","1,647,000,000","1,585,000,000","1,534,000,000","1,457,000,000","1,435,000,000","1,382,000,000","1,422,000,000","1,367,000,000","838,700,000","519,100,000"
	OperatingRevenue,"12,784,000,000","3,514,000,000","3,226,000,000","3,098,000,000","2,946,000,000","3,181,000,000","2,972,000,000","2,718,000,000","2,802,000,000","3,039,000,000","2,851,000,000","2,840,000,000","2,632,000,000","2,841,000,000","2,767,000,000","2,842,000,000","2,677,000,000","2,774,000,000","2,707,000,000","2,605,000,000","2,475,000,000","2,645,000,000","2,558,000,000","2,585,000,000","2,375,000,000","2,603,000,000","2,487,000,000","3,893,000,000","3,764,000,000","4,472,000,000","4,197,000,000","4,264,000,000","3,951,000,000","4,368,000,000","3,774,000,000","3,669,000,000","3,448,000,000","3,753,000,000","3,477,000,000","3,572,000,000","3,388,000,000","3,594,000,000","3,479,000,000","3,536,000,000","3,284,000,000","3,498,000,000","3,224,000,000","3,194,000,000","2,927,000,000","3,470,000,000","3,145,000,000","3,123,000,000","2,824,000,000","3,131,000,000","3,151,000,000","3,189,000,000","2,877,000,000","3,009,000,000","2,750,000,000","2,829,000,000","2,675,000,000","2,763,000,000","2,557,000,000","2,649,000,000","2,409,000,000","2,491,000,000","2,398,000,000","2,577,000,000","2,383,000,000","2,601,000,000","2,320,000,000","2,379,000,000","2,209,000,000","2,537,000,000","2,219,000,000","2,163,000,000","1,997,000,000","2,036,000,000","2,102,000,000","2,022,000,000","1,950,000,000","2,136,000,000","1,900,000,000","1,870,000,000","1,757,000,000","1,932,000,000","1,687,000,000","1,694,000,000","1,583,000,000","1,769,000,000","1,589,000,000","1,560,000,000","1,685,000,000","1,836,000,000","1,649,000,000","1,646,000,000","1,468,000,000","1,632,000,000","1,494,000,000","1,569,000,000","1,443,000,000","1,494,000,000","1,310,000,000","1,335,000,000","1,299,000,000","-2,191,000,000","2,456,000,000","2,465,000,000","2,318,000,000","2,500,000,000","2,315,000,000","2,316,000,000","2,193,000,000","2,395,000,000","2,228,000,000","2,215,000,000","2,041,000,000","2,303,000,000","2,116,000,000","2,080,000,000","2,296,000,000","2,390,000,000","2,212,000,000","2,197,000,000","2,122,000,000","2,174,000,000","2,020,000,000","2,003,000,000","1,903,000,000","1,961,000,000","1,808,000,000","1,856,000,000","1,774,000,000","1,825,000,000","1,708,000,000","1,693,000,000","1,635,000,000","1,647,000,000","1,585,000,000","1,534,000,000","1,457,000,000","1,435,000,000","1,382,000,000","1,422,000,000","1,367,000,000","838,700,000","519,100,000"
CostOfRevenue,"7,679,000,000","2,108,000,000","1,905,000,000","1,865,000,000","1,801,000,000","1,990,000,000","1,777,000,000","1,680,000,000","1,639,000,000","1,741,000,000","1,621,000,000","1,681,000,000","1,552,000,000","1,649,000,000","1,531,000,000","1,603,000,000","1,563,000,000","1,612,000,000","1,579,000,000","1,475,000,000","1,433,000,000","1,543,000,000","1,487,000,000","1,613,000,000","1,410,000,000","1,531,000,000","1,453,000,000","1,973,000,000","1,963,000,000","2,248,000,000","2,124,000,000","2,223,000,000","1,990,000,000","2,414,000,000","1,828,000,000","1,730,000,000","1,692,000,000","1,848,000,000","1,667,000,000","1,700,000,000","1,674,000,000","1,829,000,000","1,708,000,000","1,701,000,000","1,609,000,000","1,880,000,000","1,565,000,000","1,556,000,000","1,884,000,000","1,703,000,000","1,513,000,000","1,485,000,000","1,336,000,000","1,529,000,000","1,630,000,000","1,562,000,000","1,497,000,000","1,524,000,000","1,374,000,000","1,437,000,000","1,409,000,000","1,448,000,000","1,342,000,000","1,494,000,000","1,357,000,000","1,490,000,000","1,388,000,000","1,464,000,000","1,414,000,000","1,481,000,000","1,357,000,000","1,440,000,000","1,315,000,000","1,397,000,000","1,247,000,000","1,190,000,000","1,117,000,000","997,000,000","1,156,000,000","1,101,000,000","1,064,000,000","1,152,000,000","1,045,000,000","1,044,000,000","986,000,000","972,000,000","816,000,000","867,000,000","804,000,000","898,000,000","828,000,000","766,000,000","843,000,000","919,000,000","826,000,000","793,000,000","711,000,000","792,000,000","739,000,000","773,000,000","683,000,000","745,000,000","644,000,000","663,000,000","645,000,000","-2,029,000,000","1,531,000,000","1,532,000,000","1,435,000,000","1,484,000,000","1,374,000,000","1,392,000,000","1,325,000,000","1,408,000,000","1,295,000,000","1,287,000,000","1,173,000,000","1,288,000,000","1,196,000,000","1,180,000,000","1,368,000,000","1,396,000,000","1,285,000,000","1,280,000,000","1,263,000,000","1,277,000,000","1,184,000,000","1,186,000,000","1,167,000,000","1,175,000,000","1,065,000,000","1,105,000,000","1,041,000,000",,,,,,,,,,,,,,
GrossProfit,"5,105,000,000","1,406,000,000","1,321,000,000","1,233,000,000","1,145,000,000","1,191,000,000","1,195,000,000","1,038,000,000","1,163,000,000","1,298,000,000","1,230,000,000","1,159,000,000","1,080,000,000","1,192,000,000","1,236,000,000","1,239,000,000","1,114,000,000","1,162,000,000","1,128,000,000","1,130,000,000","1,042,000,000","1,102,000,000","1,071,000,000","972,000,000","965,000,000","1,072,000,000","1,034,000,000","1,920,000,000","1,801,000,000","2,224,000,000","2,073,000,000","2,041,000,000","1,961,000,000","1,954,000,000","1,946,000,000","1,939,000,000","1,756,000,000","1,905,000,000","1,810,000,000","1,872,000,000","1,714,000,000","1,765,000,000","1,771,000,000","1,835,000,000","1,675,000,000","1,618,000,000","1,659,000,000","1,638,000,000","1,043,000,000","1,767,000,000","1,632,000,000","1,638,000,000","1,488,000,000","1,602,000,000","1,521,000,000","1,627,000,000","1,380,000,000","1,485,000,000","1,376,000,000","1,392,000,000","1,266,000,000","1,315,000,000","1,215,000,000","1,155,000,000","1,052,000,000","1,001,000,000","1,010,000,000","1,113,000,000","969,000,000","1,120,000,000","963,000,000","939,000,000","894,000,000","1,140,000,000","972,000,000","973,000,000","880,000,000","1,039,000,000","946,000,000","921,000,000","886,000,000","984,000,000","855,000,000","826,000,000","771,000,000","960,000,000","871,000,000","827,000,000","779,000,000","871,000,000","761,000,000","794,000,000","842,000,000","917,000,000","823,000,000","853,000,000","757,000,000","840,000,000","755,000,000","796,000,000","760,000,000","749,000,000","666,000,000","672,000,000","654,000,000","-162,000,000","925,000,000","933,000,000","883,000,000","1,016,000,000","941,000,000","924,000,000","868,000,000","987,000,000","933,000,000","928,000,000","868,000,000","1,015,000,000","920,000,000","900,000,000","928,000,000","994,000,000","927,000,000","917,000,000","859,000,000","897,000,000","836,000,000","817,000,000","736,000,000","786,000,000","743,000,000","751,000,000","733,000,000",,,,,,,,,,,,,,
OperatingExpense,"3,412,000,000","1,040,000,000","808,000,000","812,000,000","755,000,000","831,000,000","724,000,000","707,000,000","754,000,000","1,577,000,000","771,000,000","804,000,000","713,000,000","705,000,000","838,000,000","855,000,000","762,000,000","879,000,000","836,000,000","791,000,000","698,000,000","820,000,000","885,000,000","904,000,000","777,000,000","894,000,000","942,000,000","1,485,000,000","1,315,000,000","1,426,000,000","1,495,000,000","1,323,000,000","1,233,000,000","1,501,000,000","1,274,000,000","1,111,000,000","1,041,000,000","1,331,000,000","1,033,000,000","1,095,000,000","1,021,000,000","1,140,000,000","1,026,000,000","1,004,000,000","930,000,000","1,095,000,000","877,000,000","940,000,000","910,000,000","1,034,000,000","900,000,000","891,000,000","823,000,000","900,000,000","911,000,000","925,000,000","830,000,000","875,000,000","866,000,000","798,000,000","742,000,000","793,000,000","711,000,000","728,000,000","664,000,000","653,000,000","624,000,000","670,000,000","640,000,000","917,000,000","586,000,000","661,000,000","603,000,000","622,000,000","575,000,000","603,000,000","549,000,000","528,000,000","507,000,000","513,000,000","515,000,000","540,000,000","469,000,000","476,000,000","458,000,000","616,000,000","543,000,000","515,000,000","495,000,000","543,000,000","463,000,000","511,000,000","568,000,000","601,000,000","566,000,000","564,000,000","500,000,000","570,000,000","519,000,000","535,000,000","522,000,000","495,000,000","440,000,000","453,000,000","442,000,000","-195,000,000","673,000,000","656,000,000","631,000,000","721,000,000","692,000,000","672,000,000","641,000,000","1,406,000,000","697,000,000","724,000,000","650,000,000","722,000,000","644,000,000","643,000,000","681,000,000","680,000,000","643,000,000","650,000,000","636,000,000","623,000,000","582,000,000","576,000,000","1,143,000,000","512,000,000","547,000,000","562,000,000","558,000,000",,,,,,,,,,,,,,
	SellingGeneralAndAdministration,"2,878,000,000","896,000,000","680,000,000","678,000,000","627,000,000","696,000,000","601,000,000","590,000,000","628,000,000","1,421,000,000","627,000,000","642,000,000","584,000,000","620,000,000","672,000,000","681,000,000","622,000,000","697,000,000","685,000,000","635,000,000","570,000,000","663,000,000","726,000,000","709,000,000","641,000,000","733,000,000","794,000,000","1,097,000,000","1,015,000,000","1,091,000,000","1,040,000,000","998,000,000","920,000,000","1,064,000,000","984,000,000","838,000,000","795,000,000","1,040,000,000","743,000,000","789,000,000","752,000,000","886,000,000","787,000,000","765,000,000","716,000,000","833,000,000","670,000,000","721,000,000","683,000,000","788,000,000","672,000,000","660,000,000","611,000,000","674,000,000","681,000,000","703,000,000","640,000,000","654,000,000","663,000,000","621,000,000","583,000,000","612,000,000","562,000,000","582,000,000","526,000,000","519,000,000","491,000,000","537,000,000","507,000,000","789,000,000","462,000,000","532,000,000","464,000,000","481,000,000","438,000,000","464,000,000","413,000,000","387,000,000","385,000,000","390,000,000","400,000,000","413,000,000","352,000,000","361,000,000","343,000,000","406,000,000","328,000,000","336,000,000","315,000,000","360,000,000","328,000,000","319,000,000","362,000,000","397,000,000","361,000,000","361,000,000","307,000,000","361,000,000","325,000,000","347,000,000","323,000,000","312,000,000","272,000,000","282,000,000","276,000,000","-237,000,000","451,000,000","446,000,000","424,000,000","492,000,000","468,000,000","459,000,000","440,000,000","1,275,000,000","573,000,000","602,000,000","533,000,000","602,000,000","533,000,000","540,000,000","568,000,000","568,000,000","539,000,000","542,000,000","533,000,000","527,000,000","484,000,000","482,000,000","1,048,000,000","421,000,000","453,000,000","471,000,000","466,000,000",,,,,,,,,,,,,,
		GeneralAndAdministrativeExpense,"2,878,000,000",,,"678,000,000",,"696,000,000","601,000,000","590,000,000","628,000,000","1,421,000,000","627,000,000","642,000,000","584,000,000","-9,000,000","-13,000,000","-14,000,000","-12,000,000",,,,,,,,,,,,,"1,091,000,000",,,"920,000,000",,,,"795,000,000",,,,"752,000,000",,,,,,,,,,,,,,,,,,,,,,,,,,,,,,,,,,,,,,,,,,,,,,,,,,,,,,,,,,,,,,,,,,,,,,,,,,,,,,,,,,,,,,,,,,,,,,,,,,,,,,,,,,
			SalariesAndWages,"11,000,000",,,"3,000,000",,,,,"-1,000,000","750,000,000","-17,000,000","-15,000,000","-16,000,000","-9,000,000","-13,000,000","-14,000,000","-12,000,000",,,,,,,,,,,,,,,,,,,,,,,,,,,,,,,,,,,,,,,,,,,,,,,,,,,,,,,,,,,,,,,,,,,,,,,,,,,,,,,,,,,,,,,,,,,,,,,,,,,,,,,,,,,,,,,,,,,,,,,,,,,,,,,,,,
			OtherGandA,"2,867,000,000",,,"675,000,000",,"650,000,000","601,000,000","590,000,000","628,000,000","666,000,000","627,000,000","642,000,000","600,000,000",,,,,,,,,,,,,,,,,,,,,,,,,,,,,,,,,,,,,,,,,,,,,,,,,,,,,,,,,,,,,,,,,,,,,,,,,,,,,,,,,,,,,,,,,,,,,,,,,,,,,,,,,,,,,,,,,,,,,,,,,,,,,,,,,,,,,,
		SellingAndMarketingExpense,,,,,,,,,,,,,,"629,000,000","685,000,000","681,000,000","622,000,000","697,000,000","685,000,000","635,000,000","570,000,000","663,000,000","726,000,000","709,000,000","641,000,000","733,000,000","794,000,000","1,097,000,000","1,015,000,000","1,091,000,000","1,040,000,000","998,000,000","920,000,000","1,064,000,000","984,000,000","838,000,000","795,000,000","1,040,000,000",,,,"886,000,000","787,000,000",,,,,,,,,,,,,,,,,,,,,,,,,,,,,,,,,,,,,,,,,,,,,,,,,,,,,,,,,,,,,,,,,,,,,,,,,,,,,,,,,,,,,,,,,,,,,,,,,,,,,,,,
	ResearchAndDevelopment,"534,000,000","138,000,000","129,000,000","139,000,000","128,000,000","135,000,000","123,000,000","117,000,000","146,000,000","156,000,000","144,000,000","166,000,000","129,000,000","175,000,000","166,000,000","174,000,000","140,000,000","182,000,000","151,000,000","156,000,000","128,000,000","157,000,000","159,000,000","195,000,000","136,000,000","161,000,000","148,000,000","388,000,000","300,000,000","335,000,000","455,000,000","325,000,000","313,000,000","437,000,000","290,000,000","273,000,000","246,000,000","291,000,000","290,000,000","306,000,000","269,000,000","254,000,000","239,000,000","239,000,000","214,000,000","262,000,000","207,000,000","219,000,000","227,000,000","246,000,000","228,000,000","231,000,000","212,000,000","226,000,000","230,000,000","222,000,000","190,000,000","221,000,000","203,000,000","177,000,000","159,000,000","181,000,000","149,000,000","146,000,000","138,000,000","134,000,000","133,000,000","133,000,000","133,000,000","128,000,000","124,000,000","129,000,000","136,000,000","141,000,000","137,000,000","139,000,000","136,000,000","141,000,000","122,000,000","123,000,000","115,000,000","115,000,000","105,000,000","104,000,000","103,000,000","106,000,000","97,000,000","93,000,000","83,000,000","90,000,000","83,000,000","84,000,000","87,000,000","92,000,000","102,000,000","99,000,000","86,000,000","110,000,000","97,000,000","95,000,000","90,000,000","90,000,000","84,000,000","84,000,000","82,000,000","83,000,000","100,000,000","84,000,000","78,000,000","95,000,000","88,000,000","84,000,000","76,000,000",,,,,,,,,,,,,,,,,,,,,,,,,,,,,,,,,,
	DepreciationAmortizationDepletionIncomeStatement,,,,,,,,,,,,,,,,,,,,,,,,,,,,,,,,,,,,,,,,,,,,,,,,,,,,,,,,,,,,,,,,,,,,,,,,,,,,,,,,,,"12,000,000","12,000,000","11,000,000","12,000,000","104,000,000","118,000,000","86,000,000","97,000,000","93,000,000","52,000,000","108,000,000","119,000,000","112,000,000","103,000,000","104,000,000","107,000,000","99,000,000","97,000,000","93,000,000","109,000,000","93,000,000","84,000,000","87,000,000","84,000,000","-41,000,000","122,000,000","126,000,000","129,000,000","134,000,000","136,000,000","129,000,000","125,000,000","131,000,000","124,000,000","122,000,000","117,000,000","120,000,000","111,000,000","103,000,000","113,000,000","112,000,000","104,000,000","108,000,000","103,000,000","96,000,000","98,000,000","94,000,000","95,000,000","91,000,000","94,000,000","91,000,000","92,000,000",,,,,,,,,,,,,,
		DepreciationAndAmortizationInIncomeStatement,,,,,,,,,,,,,,,,,,,,,,,,,,,,,,,,,,,,,,,,,,,,,,,,,,,,,,,,,,,,,,,,,,,,,,,,,,,,,,,,,,"12,000,000","12,000,000","11,000,000","12,000,000","104,000,000","118,000,000","86,000,000","97,000,000","93,000,000","52,000,000","108,000,000","119,000,000","112,000,000","103,000,000","104,000,000","107,000,000","99,000,000","97,000,000","93,000,000","109,000,000","93,000,000","84,000,000","87,000,000","84,000,000","-41,000,000","122,000,000","126,000,000","129,000,000","134,000,000","136,000,000","129,000,000","125,000,000","131,000,000","124,000,000","122,000,000","117,000,000","120,000,000","111,000,000","103,000,000","113,000,000","112,000,000","104,000,000","108,000,000","103,000,000","96,000,000","98,000,000","94,000,000","95,000,000","91,000,000","94,000,000","91,000,000","92,000,000",,,,,,,,,,,,,,
			Amortization,,,,,,,,,,,,,,,,,,,,,,,,,,,,,,,,,,,,,,,,,,,,,,,,,,,,,,,,,,,,,,,,,,,,,,,,,,,,,,,,,,"12,000,000","12,000,000","11,000,000","12,000,000",,,,,,,,,,,,,,,,,,,,,,,,,,,,,,,,,,,,,,,,,,,,,,,,,,,,,,,,,,,,,,
				AmortizationOfIntangiblesIncomeStatement,,,,,,,,,,,,,,,,,,,,,,,,,,,,,,,,,,,,,,,,,,,,,,,,,,,,,,,,,,,,,,,,,,,,,,,,,,,,,,,,,,"12,000,000","12,000,000","11,000,000","12,000,000",,,,,,,,,,,,,,,,,,,,,,,,,,,,,,,,,,,,,,,,,,,,,,,,,,,,,,,,,,,,,,
	OtherOperatingExpenses,"-6,000,000",,"-1,000,000","-5,000,000",,,,,"-20,000,000",,,"-4,000,000","-33,000,000","-10,000,000",,,"-80,000,000",,,,,,,,,,,,,,,,,,,,,,,,,,,,,,"5,000,000",,,,,,,,,,,,,,,,,,,,,,,,,,"3,000,000",,,,,,,,,,,,,,,,,,,,,,,,,,,,,,,,,,,,,,,,,,,,,,,,,,,,,,,,,,,,,,,,,,,,,,,,,,
OperatingIncome,"1,693,000,000","366,000,000","513,000,000","421,000,000","390,000,000","360,000,000","471,000,000","331,000,000","409,000,000","-279,000,000","459,000,000","355,000,000","367,000,000","487,000,000","398,000,000","384,000,000","352,000,000","283,000,000","292,000,000","339,000,000","344,000,000","282,000,000","186,000,000","68,000,000","188,000,000","178,000,000","92,000,000","435,000,000","486,000,000","798,000,000","578,000,000","718,000,000","728,000,000","453,000,000","672,000,000","828,000,000","715,000,000","574,000,000","777,000,000","777,000,000","693,000,000","625,000,000","745,000,000","831,000,000","745,000,000","523,000,000","782,000,000","698,000,000","133,000,000","733,000,000","732,000,000","747,000,000","665,000,000","702,000,000","610,000,000","702,000,000","550,000,000","610,000,000","510,000,000","594,000,000","524,000,000","522,000,000","504,000,000","427,000,000","388,000,000","348,000,000","386,000,000","443,000,000","329,000,000","203,000,000","377,000,000","278,000,000","291,000,000","518,000,000","397,000,000","370,000,000","331,000,000","511,000,000","439,000,000","408,000,000","371,000,000","444,000,000","386,000,000","350,000,000","313,000,000","344,000,000","328,000,000","312,000,000","284,000,000","328,000,000","298,000,000","283,000,000","274,000,000","316,000,000","257,000,000","289,000,000","257,000,000","270,000,000","236,000,000","261,000,000","238,000,000","254,000,000","226,000,000","219,000,000","212,000,000","33,000,000","252,000,000","277,000,000","252,000,000","295,000,000","249,000,000","252,000,000","227,000,000","-419,000,000","236,000,000","204,000,000","218,000,000","293,000,000","276,000,000","257,000,000","247,000,000","314,000,000","284,000,000","267,000,000","223,000,000","274,000,000","254,000,000","241,000,000","-407,000,000","274,000,000","196,000,000","189,000,000","175,000,000","-4,291,000,000","1,708,000,000","1,693,000,000","1,635,000,000","-3,884,000,000","1,585,000,000","1,534,000,000","1,457,000,000","-3,625,000,000","1,382,000,000","1,422,000,000","1,367,000,000","-1,251,300,000","519,100,000"
NetNonOperatingInterestIncomeExpense,"-192,000,000","-74,000,000","-50,000,000","-34,000,000","-34,000,000","-38,000,000","-39,000,000","-36,000,000","-21,000,000","-20,000,000","-13,000,000","-20,000,000","-18,000,000","-11,000,000","-11,000,000","-11,000,000","-12,000,000","-14,000,000","-14,000,000","-13,000,000","-14,000,000","-13,000,000","-14,000,000","-11,000,000","-28,000,000","-32,000,000","-34,000,000","-34,000,000","-30,000,000","-29,000,000","-31,000,000","-42,000,000","-43,000,000","-41,000,000","-45,000,000","-17,000,000","-25,000,000","-22,000,000","-25,000,000","-22,000,000","-18,000,000","-15,000,000","-14,000,000","-15,000,000","-10,000,000","-19,000,000","-24,000,000","-25,000,000","-19,000,000","-25,000,000","-23,000,000","-24,000,000","-26,000,000",,,,,,,,,,,,,,,,,,,,,,,,,,,,,,,,,,,,,,,,,,,,,,,,,,,,,,,,,,,,,,,,,,,,,,,,,,,,,,,,,,,,,,,,,,,,,,
	InterestIncomeNonOperating,"14,000,000","4,000,000","4,000,000","3,000,000","3,000,000","3,000,000","3,000,000","4,000,000","9,000,000","10,000,000","15,000,000","8,000,000","7,000,000","12,000,000","13,000,000","13,000,000","10,000,000","9,000,000","8,000,000","8,000,000","6,000,000","7,000,000","6,000,000","5,000,000","5,000,000","5,000,000","4,000,000","6,000,000","5,000,000","7,000,000","5,000,000","5,000,000","5,000,000","8,000,000","6,000,000","7,000,000","6,000,000","6,000,000","6,000,000","5,000,000","9,000,000","10,000,000","9,000,000","7,000,000","12,000,000","8,000,000","6,000,000","5,000,000","9,000,000",,"4,000,000","5,000,000","5,000,000",,,,,,,,,,,,,,,,,,,,,,,,,,,,,,,,,,,,,,,,,,,,,,,,,,,,,,,,,,,,,,,,,,,,,,,,,,,,,,,,,,,,,,,,,,,,,,
	InterestExpenseNonOperating,"206,000,000","78,000,000","54,000,000","37,000,000","37,000,000","41,000,000","42,000,000","40,000,000","30,000,000","30,000,000","28,000,000","28,000,000","25,000,000","23,000,000","24,000,000","24,000,000","22,000,000","23,000,000","22,000,000","21,000,000","20,000,000","20,000,000","20,000,000","16,000,000","33,000,000","37,000,000","38,000,000","40,000,000","35,000,000","36,000,000","36,000,000","47,000,000","48,000,000","49,000,000","51,000,000","24,000,000","31,000,000","28,000,000","31,000,000","27,000,000","27,000,000","25,000,000","23,000,000","22,000,000","22,000,000","27,000,000","30,000,000","30,000,000","28,000,000","44,000,000","27,000,000","29,000,000","31,000,000",,,,,,,,,,,,,,,,,,,,,,,,,,,,,,,,,,,,,,,,,,,,,,,,,,,,,,,,,,,,,,,,,,,,,,,,,,,,,,,,,,,,,,,,,,,,,,
	TotalOtherFinanceCost,,,,,,,,,,,,"20,000,000","18,000,000","11,000,000","11,000,000","11,000,000","12,000,000","14,000,000","14,000,000","13,000,000","14,000,000",,"14,000,000","11,000,000","28,000,000","32,000,000","34,000,000","34,000,000","30,000,000","29,000,000","31,000,000","42,000,000","43,000,000","41,000,000","45,000,000","17,000,000","25,000,000","22,000,000","25,000,000","22,000,000","18,000,000",,,,,,,,,,,"-24,000,000","-26,000,000",,,,,,,,,,,,,,,,,,,,,,,,,,,,,,,,,,,,,,,,,,,,,,,,,,,,,,,,,,,,,,,,,,,,,,,,,,,,,,,,,,,,,,,,,,,,,,
OtherIncomeExpense,"-24,000,000","-9,000,000","-12,000,000","5,000,000","-5,000,000","-112,000,000","-17,000,000","-6,000,000","-10,000,000","76,000,000","35,000,000","28,000,000","42,000,000","-31,000,000","19,000,000","31,000,000","98,000,000","24,000,000","12,000,000","-20,000,000","-2,000,000","10,000,000","-44,000,000","1,161,000,000","3,169,000,000","59,000,000","-91,000,000","67,000,000","74,000,000","-171,000,000","39,000,000","-15,000,000","24,000,000","19,000,000","55,000,000","-68,000,000","3,000,000","22,000,000","14,000,000","62,000,000","57,000,000","-62,000,000","-4,000,000","-13,000,000","4,000,000","-37,000,000","-117,000,000","-3,000,000","-2,000,000","7,000,000","-51,000,000","1,000,000","-2,000,000","-1,000,000","-32,000,000","-5,000,000","1,000,000","-4,000,000","-21,000,000","-87,000,000","10,000,000","-6,000,000","-20,000,000","-19,000,000","-16,000,000","59,000,000","-5,000,000","2,000,000","0","-3,000,000","-11,000,000","-585,000,000","-21,000,000","4,000,000","-6,000,000","-351,000,000","-26,000,000","-145,000,000","-6,000,000","-117,000,000","-13,000,000","-463,000,000","1,000,000","9,000,000","-7,000,000","46,000,000","9,000,000","-280,000,000","-5,000,000","9,000,000","-4,000,000","3,000,000","-2,000,000","10,000,000","-296,000,000","-127,000,000","4,000,000","12,000,000","18,000,000","1,000,000","-350,000,000","-9,000,000","13,000,000","26,000,000","22,000,000","-124,000,000","26,000,000","-3,000,000","-9,000,000","-9,000,000","0","-14,000,000","-6,000,000","-251,000,000","-6,000,000","21,000,000","-111,000,000","-29,000,000","-20,000,000","-21,000,000","-13,000,000","-15,000,000","-12,000,000","-15,000,000","-19,000,000","30,000,000","7,000,000","-23,000,000","-12,000,000","-13,000,000","8,000,000","56,000,000","36,000,000",,,,,,,,,,,,,,
	GainOnSaleOfSecurity,"-26,000,000","-19,000,000","-9,000,000","1,000,000","3,000,000","8,000,000","-23,000,000","-10,000,000","-11,000,000","8,000,000","-30,000,000","17,000,000","5,000,000","26,000,000","20,000,000","18,000,000","15,000,000","26,000,000","12,000,000","15,000,000",,"19,000,000","0","3,000,000","9,000,000",,,,,,,,,,,,,,,,,,,,,,,,,,,,,,,,,,,,,,,,,,,,,,,,,,,,,,,,,,,,,,,,,,,,,,,,,,,,,,,,,,,,,,,,,,,,,,,,,,,,,,,,,,,,,,,,,,,,,,,,,,
	EarningsFromEquityInterest,,,,,,,,,,,,,,,"0",,"80,000,000",,,,,,,,,,,,,,,,,,,,,,,,,,,,,,,,,,,,,,,,,,,,,,,,,,,,,,,,,,,,,,,,,,,,,,,,,,,,,,,,,,,,,,,,,,,,,,,,,,,,,,,,,,,,,,,,,,,,,,,,,,,,,,,,,,
	SpecialIncomeCharges,"-1,000,000",,,,,"-110,000,000","-1,000,000","0",,"60,000,000","44,000,000",,"33,000,000",,"0",,"80,000,000","0","0","-33,000,000","0","0","-52,000,000","1,148,000,000","3,138,000,000",,,,,,,,,,,,,"-51,000,000","14,000,000","62,000,000","57,000,000","-68,000,000","-4,000,000","-13,000,000","4,000,000","-92,000,000","-117,000,000","-3,000,000","-2,000,000","19,000,000","-51,000,000","1,000,000","-2,000,000","24,000,000","-32,000,000","-5,000,000","1,000,000","23,000,000","-21,000,000","-87,000,000","10,000,000","17,000,000","-20,000,000","-19,000,000","-16,000,000","59,000,000","-5,000,000","2,000,000",,"-3,000,000","-11,000,000","-585,000,000","-21,000,000","4,000,000","-6,000,000","-351,000,000","-26,000,000","-126,000,000","-6,000,000","-117,000,000","-13,000,000","-463,000,000","1,000,000","9,000,000","-7,000,000","46,000,000","9,000,000","-280,000,000","-5,000,000","9,000,000","-4,000,000","3,000,000","-2,000,000","10,000,000","-296,000,000","-127,000,000","4,000,000","12,000,000","18,000,000","1,000,000","-350,000,000","-9,000,000","13,000,000","26,000,000","22,000,000","-124,000,000","26,000,000","-3,000,000","-9,000,000","-9,000,000",,"-14,000,000","-6,000,000","-251,000,000","-6,000,000","21,000,000","-111,000,000","-29,000,000","-20,000,000","-21,000,000","-13,000,000","-15,000,000","-12,000,000","-15,000,000","-19,000,000","30,000,000","7,000,000","-23,000,000","-12,000,000","-13,000,000","8,000,000","56,000,000","36,000,000",,,,,,,,,,,,,,
		RestructuringAndMergernAcquisition,"-6,000,000",,,,,"0","1,000,000","0",,"0","0",,,,"0",,"-80,000,000","0","0","0","0","0","0","-1,148,000,000","-3,239,000,000",,,,,,,,,,,,,,,,,,,,,,,,,,,,,,,,,"0",,"70,000,000",,,,,,"0",,"-104,000,000",,"0",,"543,000,000",,"0",,"337,000,000",,,,,,,,,,,,,,,,,,,,,,,,,,,,,,,,,,,,,,,,,,,,,,,,,,,,,,,,,,,,,,,,,,,,,,,
		OtherSpecialCharges,"7,000,000",,,,,,,,,"-60,000,000","-44,000,000",,"-33,000,000",,,,"-80,000,000",,,,,"0","52,000,000",,"101,000,000",,,,,,,,,,,,,,,,,,,,,,,,,,,,,,,,,"-23,000,000",,"17,000,000",,,,,,"-59,000,000",,"102,000,000",,"3,000,000",,"42,000,000",,"-4,000,000",,"14,000,000",,"0",,"0",,,,,,,,,,,,,,,,,,,,,,,,,,,,,,,,,,,,,,,,,,,,,,,,,,,,,,,,,,,,,,,,,,,
		GainOnSaleOfBusiness,,,,,,,,,,,,,,,,,,"0","0","-33,000,000","0","0","0","1,148,000,000","3,239,000,000",,,,,,,,,,,,,,,,,,,,,,,,,,,,,,,,,,,,,,,,,,,,,,,,,,,,,,,,,,,,,,,,,,,,,,,,,,,,,,,,,,,,,,,,,,,,,,,,,,,,,,,,,,,,,,,,,,,,,,,,,,
	OtherNonOperatingIncomeExpenses,"3,000,000","11,000,000","-3,000,000","4,000,000","-8,000,000","-10,000,000","7,000,000","4,000,000","1,000,000","8,000,000","21,000,000","11,000,000","4,000,000","-1,000,000","-1,000,000","13,000,000","3,000,000","-2,000,000","12,000,000","-2,000,000","-2,000,000","-9,000,000","8,000,000","10,000,000","22,000,000","-14,000,000","-91,000,000","67,000,000","74,000,000","-171,000,000","39,000,000","-15,000,000","24,000,000","34,000,000","55,000,000","-68,000,000","3,000,000","22,000,000",,,,,,,,,,,,,,,,,,,,,,,,,,,,,,,,,,,,,,,,,,,,,,,,,,,,,,,,,,,,,,,,,,,,,,,,,,,,,,,,,,,,,,,,,,,,,,,,,,,,,,,,,,,,,
PretaxIncome,"1,477,000,000","283,000,000","451,000,000","392,000,000","351,000,000","210,000,000","415,000,000","289,000,000","378,000,000","-223,000,000","481,000,000","363,000,000","391,000,000","445,000,000","406,000,000","404,000,000","438,000,000","293,000,000","290,000,000","306,000,000","328,000,000","279,000,000","128,000,000","1,218,000,000","3,329,000,000","205,000,000","-33,000,000","468,000,000","530,000,000","598,000,000","586,000,000","661,000,000","709,000,000","431,000,000","682,000,000","743,000,000","693,000,000","574,000,000","766,000,000","817,000,000","732,000,000","548,000,000","727,000,000","803,000,000","731,000,000","467,000,000","641,000,000","670,000,000","112,000,000","715,000,000","658,000,000","724,000,000","637,000,000","687,000,000","558,000,000","672,000,000","534,000,000","594,000,000","483,000,000","508,000,000","529,000,000","515,000,000","479,000,000","398,000,000","354,000,000","384,000,000","350,000,000","412,000,000","298,000,000","167,000,000","346,000,000","-332,000,000","252,000,000","506,000,000","366,000,000","-8,000,000","286,000,000","356,000,000","422,000,000","277,000,000","342,000,000","-33,000,000","368,000,000","342,000,000","287,000,000","364,000,000","312,000,000","13,000,000","257,000,000","313,000,000","267,000,000","255,000,000","237,000,000","287,000,000","-76,000,000","119,000,000","219,000,000","243,000,000","212,000,000","218,000,000","-150,000,000","218,000,000","190,000,000","197,000,000","188,000,000","-136,000,000","231,000,000","229,000,000","200,000,000","236,000,000","202,000,000","189,000,000","174,000,000","-729,000,000","174,000,000","170,000,000","55,000,000","212,000,000","205,000,000","182,000,000","180,000,000","244,000,000","217,000,000","195,000,000","149,000,000","240,000,000","197,000,000","152,000,000","-484,000,000","191,000,000","135,000,000","174,000,000","137,000,000",,,,,,,,,,,,,,
TaxProvision,"182,000,000","41,000,000","-1,000,000","91,000,000","51,000,000","39,000,000","56,000,000","42,000,000","45,000,000","-204,000,000","106,000,000","20,000,000","44,000,000","91,000,000","-138,000,000","61,000,000","49,000,000","354,000,000","42,000,000","42,000,000","55,000,000","39,000,000","1,000,000","6,000,000","-58,000,000","22,000,000","-35,000,000","132,000,000","110,000,000","74,000,000","139,000,000","141,000,000","153,000,000","105,000,000","138,000,000","153,000,000","141,000,000","80,000,000","183,000,000","156,000,000","144,000,000","76,000,000","149,000,000","174,000,000","154,000,000","41,000,000","117,000,000","133,000,000","172,000,000","139,000,000","126,000,000","135,000,000","119,000,000","118,000,000","86,000,000","128,000,000","105,000,000","116,000,000","88,000,000","77,000,000","126,000,000","82,000,000","105,000,000","89,000,000","72,000,000","90,000,000","234,000,000","88,000,000","74,000,000","61,000,000","87,000,000","-163,000,000","63,000,000","128,000,000","88,000,000","-57,000,000","69,000,000","92,000,000","106,000,000","77,000,000","89,000,000","42,000,000","96,000,000","89,000,000","73,000,000","94,000,000","81,000,000","-33,000,000","66,000,000","82,000,000","70,000,000","66,000,000","59,000,000","75,000,000","48,000,000","56,000,000","55,000,000","61,000,000","53,000,000","56,000,000","53,000,000","60,000,000","53,000,000","55,000,000","50,000,000","-34,000,000","68,000,000","64,000,000","55,000,000","64,000,000","53,000,000","45,000,000","43,000,000","-137,000,000","39,000,000","38,000,000","-2,000,000","46,000,000","54,000,000","50,000,000","49,000,000","60,000,000","61,000,000","54,000,000","39,000,000","62,000,000","62,000,000","42,000,000","-101,000,000","52,000,000","33,000,000","70,000,000","36,000,000",,,,,,,,,,,,,,
NetIncomeCommonStockholders,"1,284,000,000","238,000,000","450,000,000","298,000,000","298,000,000","168,000,000","356,000,000","246,000,000","331,000,000","-23,000,000","369,000,000","343,000,000","347,000,000","348,000,000","544,000,000","343,000,000","389,000,000","-71,000,000","251,000,000","265,000,000","272,000,000","243,000,000","130,000,000","1,212,000,000","3,380,000,000","205,000,000","1,000,000","332,000,000","430,000,000","953,000,000","468,000,000","520,000,000","556,000,000","326,000,000","544,000,000","590,000,000","552,000,000","494,000,000","583,000,000","661,000,000","588,000,000","463,000,000","576,000,000","615,000,000","570,000,000","423,000,000","525,000,000","535,000,000","-63,000,000","572,000,000","530,000,000","587,000,000","516,000,000","569,000,000","472,000,000","544,000,000","429,000,000","478,000,000","395,000,000","431,000,000","403,000,000","431,000,000","374,000,000","309,000,000","282,000,000","292,000,000","116,000,000","322,000,000","226,000,000","106,000,000","276,000,000","-170,000,000","178,000,000","371,000,000","256,000,000","38,000,000","216,000,000","9,000,000","316,000,000","200,000,000","253,000,000","-75,000,000","272,000,000","253,000,000","162,000,000","270,000,000","231,000,000","48,000,000","191,000,000","229,000,000","210,000,000","207,000,000","151,000,000","212,000,000","-124,000,000","63,000,000","164,000,000","182,000,000","159,000,000","162,000,000","-203,000,000","158,000,000","177,000,000","176,000,000","158,000,000","176,000,000","163,000,000","165,000,000","145,000,000","172,000,000","149,000,000","144,000,000","131,000,000","-603,000,000","135,000,000","132,000,000","138,000,000","10,000,000","173,000,000","127,000,000","126,000,000","179,000,000","150,000,000","135,000,000","104,000,000","172,000,000","120,000,000","94,000,000","-398,000,000","124,000,000","87,000,000","88,000,000","85,000,000",,,,,,,,,,,,,,
	NetIncome,"1,284,000,000","238,000,000","450,000,000","298,000,000","298,000,000","168,000,000","356,000,000","246,000,000","331,000,000","-23,000,000","369,000,000","343,000,000","347,000,000","348,000,000","544,000,000","343,000,000","389,000,000","-71,000,000","251,000,000","265,000,000","272,000,000","243,000,000","130,000,000","1,212,000,000","3,380,000,000","205,000,000","1,000,000","332,000,000","430,000,000","953,000,000","468,000,000","520,000,000","556,000,000","326,000,000","544,000,000","590,000,000","552,000,000","494,000,000","583,000,000","661,000,000","588,000,000","463,000,000","576,000,000","615,000,000","570,000,000","423,000,000","525,000,000","535,000,000","-63,000,000","572,000,000","530,000,000","587,000,000","516,000,000","569,000,000","472,000,000","544,000,000","429,000,000","478,000,000","395,000,000","431,000,000","403,000,000","431,000,000","374,000,000","309,000,000","282,000,000","292,000,000","116,000,000","322,000,000","226,000,000","106,000,000","276,000,000","-170,000,000","178,000,000","371,000,000","256,000,000","38,000,000","216,000,000","9,000,000","316,000,000","200,000,000","253,000,000","-75,000,000","272,000,000","253,000,000","162,000,000","270,000,000","231,000,000","48,000,000","191,000,000","229,000,000","210,000,000","207,000,000","151,000,000","212,000,000","-124,000,000","63,000,000","164,000,000","182,000,000","159,000,000","162,000,000","-203,000,000","158,000,000","177,000,000","176,000,000","158,000,000","176,000,000","163,000,000","165,000,000","145,000,000","172,000,000","149,000,000","144,000,000","131,000,000","-603,000,000","135,000,000","132,000,000","138,000,000","10,000,000","173,000,000","127,000,000","131,000,000","184,000,000","156,000,000","141,000,000","110,000,000","178,000,000","135,000,000","110,000,000","-383,000,000","139,000,000","102,000,000","104,000,000","101,000,000",,,,,,,,,,,,,,
		NetIncomeIncludingNoncontrollingInterests,"1,295,000,000","242,000,000","452,000,000","301,000,000","300,000,000","171,000,000","359,000,000","247,000,000","332,000,000","-19,000,000","375,000,000","343,000,000","347,000,000","348,000,000","544,000,000","343,000,000","389,000,000","-71,000,000","251,000,000","265,000,000","272,000,000","243,000,000","130,000,000","1,212,000,000","3,380,000,000","205,000,000","1,000,000","332,000,000","430,000,000","953,000,000","468,000,000","520,000,000","556,000,000","326,000,000","544,000,000","590,000,000","552,000,000","494,000,000","583,000,000","661,000,000","588,000,000","472,000,000","578,000,000","629,000,000","577,000,000","426,000,000","524,000,000","537,000,000","-60,000,000","576,000,000","532,000,000","589,000,000","518,000,000","569,000,000","472,000,000","544,000,000","429,000,000","478,000,000","395,000,000","431,000,000","403,000,000","431,000,000","374,000,000","309,000,000","282,000,000","292,000,000","116,000,000","322,000,000","226,000,000","106,000,000","276,000,000","-170,000,000","178,000,000","371,000,000","256,000,000","38,000,000","216,000,000","9,000,000","316,000,000","200,000,000","253,000,000","-75,000,000","272,000,000","253,000,000","162,000,000","270,000,000","231,000,000","48,000,000","191,000,000","229,000,000","210,000,000","207,000,000","151,000,000","212,000,000","-124,000,000","63,000,000","164,000,000","182,000,000","159,000,000","162,000,000","-203,000,000","158,000,000","177,000,000","176,000,000","158,000,000","176,000,000","163,000,000","165,000,000","145,000,000","172,000,000","149,000,000","144,000,000","131,000,000","-603,000,000","135,000,000","132,000,000","138,000,000","10,000,000","173,000,000","127,000,000","131,000,000","184,000,000","156,000,000","141,000,000","110,000,000","178,000,000","135,000,000","110,000,000","-383,000,000","139,000,000","102,000,000","104,000,000","101,000,000","121,000,000","85,000,000","91,000,000","91,000,000","90,000,000","90,000,000","77,000,000","66,000,000","59,000,000","60,000,000","78,000,000","49,000,000","7,600,000","47,000,000"
			NetIncomeContinuousOperations,"1,295,000,000","242,000,000","452,000,000","301,000,000","300,000,000","171,000,000","359,000,000","247,000,000","333,000,000","-19,000,000","375,000,000","343,000,000","347,000,000","354,000,000","544,000,000","343,000,000","389,000,000","-61,000,000","248,000,000","264,000,000","273,000,000","240,000,000","127,000,000","1,212,000,000","3,387,000,000","183,000,000","2,000,000","336,000,000","420,000,000","524,000,000","447,000,000","520,000,000","556,000,000","326,000,000","544,000,000","590,000,000","552,000,000","494,000,000","583,000,000","661,000,000","588,000,000","472,000,000","578,000,000","629,000,000","577,000,000","426,000,000","524,000,000","537,000,000","-60,000,000","576,000,000","532,000,000","589,000,000","518,000,000","569,000,000","472,000,000","544,000,000","429,000,000","478,000,000","395,000,000","431,000,000","403,000,000","432,000,000","374,000,000","309,000,000","282,000,000","294,000,000","116,000,000","324,000,000","224,000,000","106,000,000","259,000,000","-169,000,000","189,000,000","378,000,000","278,000,000","49,000,000","217,000,000","264,000,000","316,000,000","200,000,000","253,000,000","-75,000,000","272,000,000","253,000,000","214,000,000","270,000,000","231,000,000","46,000,000","191,000,000","231,000,000","197,000,000","189,000,000","178,000,000","212,000,000","-124,000,000","63,000,000","164,000,000","182,000,000","159,000,000","162,000,000","-203,000,000","158,000,000","137,000,000","142,000,000","138,000,000","-102,000,000","163,000,000","165,000,000","145,000,000","172,000,000","149,000,000","144,000,000","131,000,000","-592,000,000","135,000,000","132,000,000","57,000,000","166,000,000","151,000,000","132,000,000","131,000,000","184,000,000","156,000,000","141,000,000","110,000,000","178,000,000","135,000,000","110,000,000","-383,000,000","139,000,000","102,000,000","104,000,000","101,000,000","121,000,000","85,000,000","91,000,000","91,000,000","90,000,000","90,000,000","77,000,000","66,000,000","59,000,000","49,000,000","51,000,000","49,000,000","7,600,000","47,000,000"
			NetIncomeDiscontinuousOperations,,,,,,,,,,,,,,"-6,000,000","0","0","0","-10,000,000","3,000,000","1,000,000","-1,000,000","3,000,000","3,000,000","0","-7,000,000","22,000,000","-1,000,000","-4,000,000","10,000,000","429,000,000","21,000,000",,,,,,,,,,,,,,,,,,,,,,,,,,,,,,,,,,,,,"-2,000,000","2,000,000","0","17,000,000","-1,000,000","-11,000,000","-7,000,000","-5,000,000","-11,000,000","-1,000,000",,,,,,,,,"0",,"2,000,000",,"-2,000,000","13,000,000","18,000,000",,,,,,,,,,"0","40,000,000","34,000,000","20,000,000",,,,,,,,,,,,,"-9,000,000","22,000,000","13,000,000",,,,,,,,,,,,,,,,,,,,,,"0","11,000,000","27,000,000",,,
			NetIncomeExtraordinary,,,,,,,,,,,,,,,,,,,,,,,,,,,,,,,,,,,,,,,,,,,,,,,,,,,,,,,,,,,,,,,,,,,,,,,,,,"0","-17,000,000",,,,,,,"0",,,"-52,000,000",,,,,"0",,,"-27,000,000",,,,,,,,,,,,,,,,,,,,,"0",,,"81,000,000",,,,,,,,,,,,,,,,,,,,,,,,,,,,,,
			NetIncomeFromTaxLossCarryforward,,,,,,,,,,,,,,,,,,,,,,,,,,,,,,,,,,,,,,,,,,,,,,,,,,,,,,,,,,,,,,,,,,,,,,,,,,,,,,,,,,,,,,,,,,,,,,,,,,,,,,,,,,,,,,,,,,,,,,,,"-18,000,000",,,,,,,,,,,,,,,,,,,,,,,,,,,
		MinorityInterests,"-11,000,000","-4,000,000","-2,000,000","-3,000,000","-2,000,000","-3,000,000","-3,000,000","-1,000,000","-1,000,000","-4,000,000","-6,000,000",,,,,,,,,,,,,,,,,,,,,,,,,,,"0","0","0","0","-9,000,000","-2,000,000","-14,000,000","-7,000,000","-3,000,000","1,000,000","-2,000,000","-3,000,000","-4,000,000","-2,000,000","-2,000,000","-2,000,000",,,,,,,,,,,,,,,,,,,,,,,,,,,,,,,,,,,,,,,,,,,,,,,,,,,,,,,,,,,,,,,,,,,,,,,,,,,,,,,,,,,,,,,,,,,,,,
	PreferredStockDividends,,,,,,,,,,,,,,,,,,,,,,,,,,,,,,,,,,,,,,,,,,,,,,,,,,,,,,,,,,,,,,,,,,,,,,,,,,,,,,,,,,,,,,,,,,,,,,,,,,,,,,,,,,,,,,,,,,,,,,"0",,,"5,000,000","5,000,000","6,000,000","6,000,000","6,000,000","6,000,000","15,000,000","16,000,000","15,000,000","15,000,000","15,000,000","16,000,000","16,000,000",,,,,,,,,,,,,,
	OtherunderPreferredStockDividend,,,,,,,,,,,,,,,,,,,,,,,,,,,,,,,,,,,,,,,,,,,,,,,,,,,,"2,000,000",,,,,,,,,,,,,,,,,,,,,,,,,,,,,,,,,,,,,,,,,,,,,,,,,,,,,,,,,,,,,,,,,,,,,,,,,,,,,,,,,,,,,,,,,,,,,,,
DilutedNIAvailtoComStockholders,"1,284,000,000","238,000,000","450,000,000","298,000,000","298,000,000","168,000,000","356,000,000","246,000,000","331,000,000","-23,000,000","369,000,000","343,000,000","347,000,000","348,000,000","544,000,000","343,000,000","389,000,000","-71,000,000","251,000,000","265,000,000","272,000,000","243,000,000","130,000,000","1,212,000,000","3,380,000,000","205,000,000","1,000,000","332,000,000","430,000,000","953,000,000","468,000,000","520,000,000","556,000,000","326,000,000","544,000,000","590,000,000","552,000,000","494,000,000","583,000,000","661,000,000","588,000,000","463,000,000","576,000,000","615,000,000","570,000,000","423,000,000","525,000,000","535,000,000","-63,000,000","572,000,000","530,000,000","587,000,000","516,000,000","569,000,000","472,000,000","544,000,000","429,000,000","478,000,000","395,000,000","431,000,000","403,000,000","431,000,000","374,000,000","309,000,000","282,000,000","292,000,000","116,000,000","322,000,000","226,000,000","106,000,000","276,000,000","-170,000,000","178,000,000","371,000,000","256,000,000","38,000,000","216,000,000","9,000,000","316,000,000","200,000,000","253,000,000","-75,000,000","272,000,000","253,000,000","162,000,000","270,000,000","231,000,000","48,000,000","191,000,000","229,000,000","210,000,000","207,000,000","151,000,000","212,000,000","-124,000,000","63,000,000","164,000,000","182,000,000","159,000,000","162,000,000","-203,000,000","158,000,000","177,000,000","176,000,000","158,000,000","176,000,000","163,000,000","165,000,000","145,000,000","172,000,000","149,000,000","144,000,000","131,000,000","-603,000,000","135,000,000","132,000,000","138,000,000","10,000,000","173,000,000","127,000,000","126,000,000","179,000,000","150,000,000","135,000,000","104,000,000","172,000,000","120,000,000","94,000,000","-398,000,000","124,000,000","87,000,000","88,000,000","85,000,000",,,,,,,,,,,,,,
BasicEPS,,"0.48","0.9","0.59","0.59","0.33","0.7","0.48","0.65",,"0.72","0.67","0.68","0.66","1.02","0.64","0.72","-0.13","0.46","0.49","0.5",,"0.24","2.21","6.16","0.37","0.002","0.61","0.79","1.76","0.86","0.96","1.02","0.6","1","1.09","1.01","0.9","1.07","1.2","1.05","0.82","1.02","1.08","0.99",,"1.02","0.9","0.87",,"0.88","0.97","0.84",,"0.76","0.87","0.68",,"0.62","0.66","0.62",,"0.58","0.47","0.44",,"0.19","0.52","0.37",,"0.45","-0.28","0.29",,"0.43","0.06","0.36",,"0.52","0.33","0.42",,"0.46","0.43","0.275",,"0.39","0.08","0.35",,"0.36","0.355","0.265",,"-0.215","0.11","0.295",,"0.285","0.29","-0.37",,"0.163","0.163","0.145",,"0.295","0.295","0.26",,"0.265","0.26","0.235",,"0.245","0.24","0.245",,"0.31","0.23","0.225",,"0.27","0.24","0.185",,"0.23","0.185","-0.795",,"0.17","0.175","0.17",,"0.14","0.155","0.155",,"0.155","0.13","0.11",,"0.11","0.14","0.075",,"0.16"
DilutedEPS,,"0.47","0.89","0.59","0.58","0.33","0.69","0.48","0.64",,"0.71","0.66","0.66","0.65","1","0.63","0.71","-0.13","0.45","0.48","0.49",,"0.24","2.19","6.12","0.37","0.002","0.6","0.78","1.74","0.86","0.95","1.01","0.59","0.99","1.07","1","0.89","1.06","1.19","1.04","0.82","1.01","1.07","0.981",,"1.01","0.9","0.86",,"0.87","0.96","0.83",,"0.74","0.85","0.67",,"0.61","0.65","0.61",,"0.57","0.47","0.43",,"0.18","0.51","0.36",,"0.45","-0.28","0.29",,"0.43","0.06","0.35",,"0.51","0.32","0.41",,"0.45","0.42","0.27",,"0.385","0.08","0.345",,"0.355","0.35","0.26",,"-0.215","0.11","0.29",,"0.28","0.285","-0.37",,"0.16","0.16","0.143",,"0.295","0.295","0.26",,"0.265","0.26","0.235",,"0.245","0.24","0.245",,"0.31","0.225","0.225",,"0.265","0.24","0.185",,"0.23","0.185","-0.795",,"0.17","0.175","0.17",,"0.14","0.155","0.155",,"0.155","0.13","0.105",,"0.11","0.135","0.075",,"0.155"
BasicAverageShares,,"501,000,000","500,000,000","503,000,000","505,000,000","510,000,000","511,000,000","509,000,000","507,000,000",,"511,000,000","510,000,000","512,000,000","528,000,000","534,000,000","535,000,000","539,000,000","543,000,000","545,000,000","544,000,000","541,000,000",,"544,000,000","548,000,000","549,000,000","547,000,000","546,000,000","544,000,000","543,000,000","542,000,000","542,000,000","542,000,000","542,000,000","543,000,000","543,000,000","543,000,000","545,000,000","548,000,000","548,000,000","550,000,000","559,000,000","562,000,000","566,000,000","570,000,000","577,000,000",,"584,000,000","593,000,000","602,000,000",,"605,000,000","607,000,000","613,000,000",,"625,000,000","626,000,000","632,000,000",,"641,000,000","650,000,000","650,000,000",,"653,000,000","654,000,000","641,000,000",,"622,000,000","621,000,000","619,000,000",,"615,000,000","613,000,000","612,000,000",,"589,000,000","598,000,000","598,000,000",,"603,000,000","602,000,000","600,000,000",,"589,000,000","590,000,000","590,000,000",,"590,000,000","582,000,000","580,000,000",,"584,000,000","580,000,000","574,000,000",,"570,000,000","566,000,000","560,000,000",,"560,000,000","556,000,000","548,000,000",,"1,092,000,000","1,088,000,000","1,088,000,000",,"550,000,000","556,000,000","562,000,000",,"566,000,000","556,000,000","554,000,000",,"551,020,408","550,000,000","563,265,306",,"558,064,516","552,173,913","560,000,000",,"555,555,556","562,500,000","562,162,162",,"521,739,130","508,108,108","500,628,931",,"511,764,706","502,857,143","500,000,000",,"489,128,000","483,322,000","480,704,000",,"436,038,000","432,680,000","430,606,000",,"430,606,000","422,516,000","415,078,000",,"282,078,000"
DilutedAverageShares,,"507,000,000","506,000,000","509,000,000","511,000,000","516,000,000","518,000,000","517,000,000","516,000,000",,"520,000,000","519,000,000","522,000,000","538,000,000","546,000,000","547,000,000","551,000,000","556,000,000","557,000,000","555,000,000","551,000,000",,"551,000,000","553,000,000","552,000,000","550,000,000","549,000,000","549,000,000","548,000,000","547,000,000","547,000,000","548,000,000","548,000,000","548,000,000","549,000,000","549,000,000","551,000,000","555,000,000","552,000,000","553,000,000","563,000,000","566,000,000","571,000,000","575,000,000","581,000,000",,"587,000,000","596,000,000","609,000,000",,"612,000,000","612,000,000","621,000,000",,"638,000,000","638,000,000","644,000,000",,"651,000,000","661,000,000","659,000,000",,"661,000,000","659,000,000","648,000,000",,"632,000,000","626,000,000","623,000,000",,"619,000,000","613,000,000","616,000,000",,"592,000,000","613,000,000","611,000,000",,"624,000,000","622,000,000","622,000,000",,"609,000,000","608,000,000","606,000,000",,"604,000,000","594,000,000","592,000,000",,"594,000,000","590,000,000","586,000,000",,"570,000,000","576,000,000","570,000,000",,"570,000,000","564,000,000","548,000,000",,"1,092,000,000","1,088,000,000","1,088,000,000",,"550,000,000","556,000,000","562,000,000",,"566,000,000","556,000,000","554,000,000",,"551,020,408","550,000,000","563,265,306",,"558,064,516","564,444,444","560,000,000",,"566,037,736","562,500,000","562,162,162",,"521,739,130","508,108,108","500,628,931",,"511,764,706","502,857,143","500,000,000",,"489,128,000","483,322,000","480,704,000",,"436,038,000","432,680,000","430,606,000",,"430,606,000","422,516,000","415,078,000",,"282,078,000"
TotalOperatingIncomeAsReported,"1,710,000,000","383,000,000","513,000,000","424,000,000","390,000,000","406,000,000","470,000,000","331,000,000","409,000,000","536,000,000","503,000,000","355,000,000","384,000,000","398,000,000","385,000,000","384,000,000","432,000,000","283,000,000","292,000,000","339,000,000","344,000,000","282,000,000","186,000,000","68,000,000","188,000,000","178,000,000","92,000,000",,,,,,,,,,,,,,,,,,,,,,"133,000,000",,,,,"702,000,000","610,000,000","702,000,000","550,000,000","610,000,000","510,000,000","524,000,000","524,000,000","522,000,000","504,000,000","427,000,000","388,000,000","348,000,000","386,000,000","547,000,000","329,000,000","203,000,000","377,000,000","-265,000,000","291,000,000","518,000,000","397,000,000","33,000,000","331,000,000","373,000,000","439,000,000","357,000,000","371,000,000","164,000,000","386,000,000","350,000,000","313,000,000","344,000,000","328,000,000","312,000,000","284,000,000","328,000,000","298,000,000","283,000,000","274,000,000","316,000,000","257,000,000","289,000,000","257,000,000","270,000,000","236,000,000","261,000,000","238,000,000","254,000,000","226,000,000","219,000,000","212,000,000","33,000,000","252,000,000","277,000,000","252,000,000","295,000,000","249,000,000","252,000,000","227,000,000","-419,000,000","236,000,000","204,000,000","218,000,000","293,000,000","276,000,000","257,000,000","247,000,000","314,000,000","284,000,000","267,000,000","223,000,000","274,000,000","254,000,000","241,000,000","-407,000,000","274,000,000","196,000,000","189,000,000","175,000,000",,,,,,,,,,,,,,
TotalExpenses,"11,091,000,000","3,148,000,000","2,713,000,000","2,677,000,000","2,556,000,000","2,821,000,000","2,501,000,000","2,387,000,000","2,393,000,000","3,318,000,000","2,392,000,000","2,485,000,000","2,265,000,000","2,354,000,000","2,369,000,000","2,458,000,000","2,325,000,000","2,491,000,000","2,415,000,000","2,266,000,000","2,131,000,000","2,363,000,000","2,372,000,000","2,517,000,000","2,187,000,000","2,425,000,000","2,395,000,000","3,458,000,000","3,278,000,000","3,674,000,000","3,619,000,000","3,546,000,000","3,223,000,000","3,915,000,000","3,102,000,000","2,841,000,000","2,733,000,000","3,179,000,000","2,700,000,000","2,795,000,000","2,695,000,000","2,969,000,000","2,734,000,000","2,705,000,000","2,539,000,000","2,975,000,000","2,442,000,000","2,496,000,000","2,794,000,000","2,737,000,000","2,413,000,000","2,376,000,000","2,159,000,000","2,429,000,000","2,541,000,000","2,487,000,000","2,327,000,000","2,399,000,000","2,240,000,000","2,235,000,000","2,151,000,000","2,241,000,000","2,053,000,000","2,222,000,000","2,021,000,000","2,143,000,000","2,012,000,000","2,134,000,000","2,054,000,000","2,398,000,000","1,943,000,000","2,101,000,000","1,918,000,000","2,019,000,000","1,822,000,000","1,793,000,000","1,666,000,000","1,525,000,000","1,663,000,000","1,614,000,000","1,579,000,000","1,692,000,000","1,514,000,000","1,520,000,000","1,444,000,000","1,588,000,000","1,359,000,000","1,382,000,000","1,299,000,000","1,441,000,000","1,291,000,000","1,277,000,000","1,411,000,000","1,520,000,000","1,392,000,000","1,357,000,000","1,211,000,000","1,362,000,000","1,258,000,000","1,308,000,000","1,205,000,000","1,240,000,000","1,084,000,000","1,116,000,000","1,087,000,000","-2,224,000,000","2,204,000,000","2,188,000,000","2,066,000,000","2,205,000,000","2,066,000,000","2,064,000,000","1,966,000,000","2,814,000,000","1,992,000,000","2,011,000,000","1,823,000,000","2,010,000,000","1,840,000,000","1,823,000,000","2,049,000,000","2,076,000,000","1,928,000,000","1,930,000,000","1,899,000,000","1,900,000,000","1,766,000,000","1,762,000,000","2,310,000,000","1,687,000,000","1,612,000,000","1,667,000,000","1,599,000,000",,,,,,,,,,,,,,
NetIncomeFromContinuingAndDiscontinuedOperation,"1,284,000,000","238,000,000","450,000,000","298,000,000","298,000,000","168,000,000","356,000,000","246,000,000","331,000,000","-23,000,000","369,000,000","343,000,000","347,000,000","348,000,000","544,000,000","343,000,000","389,000,000","-71,000,000","251,000,000","265,000,000","272,000,000","243,000,000","130,000,000","1,212,000,000","3,380,000,000","205,000,000","1,000,000","332,000,000","430,000,000","953,000,000","468,000,000","520,000,000","556,000,000","326,000,000","544,000,000","590,000,000","552,000,000","494,000,000","583,000,000","661,000,000","588,000,000","463,000,000","576,000,000","615,000,000","570,000,000","423,000,000","525,000,000","535,000,000","-63,000,000","572,000,000","530,000,000","587,000,000","516,000,000","569,000,000","472,000,000","544,000,000","429,000,000","478,000,000","395,000,000","431,000,000","403,000,000","431,000,000","374,000,000","309,000,000","282,000,000","292,000,000","116,000,000","322,000,000","226,000,000","106,000,000","276,000,000","-170,000,000","178,000,000","371,000,000","273,000,000","38,000,000","216,000,000","9,000,000","316,000,000","200,000,000","253,000,000","-75,000,000","272,000,000","253,000,000","214,000,000","270,000,000","231,000,000","48,000,000","191,000,000","229,000,000","210,000,000","207,000,000","178,000,000","212,000,000","-124,000,000","63,000,000","164,000,000","182,000,000","159,000,000","162,000,000","-203,000,000","158,000,000","177,000,000","176,000,000","158,000,000","176,000,000","163,000,000","165,000,000","145,000,000","172,000,000","149,000,000","144,000,000","131,000,000","-592,000,000","135,000,000","132,000,000","57,000,000","157,000,000","173,000,000","145,000,000","131,000,000","184,000,000","156,000,000","141,000,000","110,000,000","178,000,000","135,000,000","110,000,000","-383,000,000","139,000,000","102,000,000","104,000,000","101,000,000",,,,,,,,,,,,,,
NormalizedIncome,"1,307,679,000","255,102,473.498","456,570,000","297,232,000","295,435,000","251,057,142.857","376,760,000","254,550,000","340,691,000","-72,640,000","358,080,000","326,935,000","313,294,000","396,957,303.371","529,400,000","327,718,000","304,640,000","-76,600,000","237,740,000","279,534,000","273,000,000","223,655,913.978","178,584,000","66,755,000","1,498,800,000","183,000,000","2,000,000","336,000,000","420,000,000","524,000,000","447,000,000","520,000,000","556,000,000","326,000,000","544,000,000","590,000,000","552,000,000","495,721,254.355","572,344,647.52","610,838,433.293","542,213,114.754","516,401,459.854","579,180,192.572","625,183,063.512","566,842,681.259","456,751,605.996","620,644,305.772","537,404,477.612","-61,700,000","556,693,706.294","571,234,042.553","586,186,464.088","517,626,373.626","549,122,270.742","499,068,100.358","548,047,619.048","428,196,629.213","459,491,582.492","412,173,913.043","504,812,992.126","395,381,852.552","417,706,796.117","389,615,866.388","323,751,256.281","294,745,762.712","248,828,125","119,000,000","322,427,184.466","224,000,000","107,904,191.617","267,234,104.046","182,000,000","204,750,000","375,011,857.708","282,557,377.049","259,600,000","236,727,272.727","357,438,202.247","320,492,890.995","284,476,534.296","262,616,959.064","202,800,000","271,260,869.565","246,342,105.263","219,219,512.195","235,879,120.879","224,336,538.462","214,000,000","194,715,953.307","224,357,827.476","199,951,310.861","186,776,470.588","179,502,109.705","204,613,240.418","53,600,000","139,200,000","161,004,566.21","173,012,345.679","145,500,000","161,256,880.734","7,000,000","164,522,935.78","127,626,315.789","123,258,883.249","121,851,063.83","-9,000,000","144,653,679.654","167,161,572.052","151,525,000","178,559,322.034","149,000,000","154,666,666.667","135,517,241.379","-388,170,096.022","139,655,172.414","115,694,117.647","123,600,000","188,707,547.17","165,731,707.317","147,230,769.231","140,461,111.111","195,311,475.41","164,626,728.111","151,846,153.846","124,026,845.638","155,750,000","130,203,045.685","126,644,736.842","-373,504,132.231","148,460,732.984","95,955,555.556","70,400,000","74,459,854.015",,,,,,,,,,,,,,
InterestIncome,"14,000,000","4,000,000","4,000,000","3,000,000","3,000,000","3,000,000","3,000,000","4,000,000","9,000,000","10,000,000","15,000,000","8,000,000","7,000,000","12,000,000","13,000,000","13,000,000","10,000,000","9,000,000","8,000,000","8,000,000","6,000,000","7,000,000","6,000,000","5,000,000","5,000,000","5,000,000","4,000,000","6,000,000","5,000,000","7,000,000","5,000,000","5,000,000","5,000,000","8,000,000","6,000,000","7,000,000","6,000,000","6,000,000","6,000,000","5,000,000","9,000,000","10,000,000","9,000,000","7,000,000","12,000,000","8,000,000","6,000,000","5,000,000","9,000,000",,"4,000,000","5,000,000","5,000,000","21,000,000","17,000,000","14,000,000",,"22,000,000","24,000,000","32,000,000",,"30,000,000","20,000,000","8,000,000","9,000,000",,,,,,,,,"7,000,000","7,000,000",,,,,"8,000,000","2,000,000","11,000,000","8,000,000","11,000,000","9,000,000","9,000,000","10,000,000",,"10,000,000",,"9,000,000",,"6,000,000","5,000,000","10,000,000",,,,,"8,000,000","9,000,000","10,000,000","11,000,000","11,000,000","11,000,000","10,000,000","8,000,000","7,000,000","9,000,000","10,000,000","10,000,000","15,000,000","9,000,000",,,,,,,,,,,,,,,,,,,,,,,,,,,,,,,,,,
InterestExpense,"206,000,000","78,000,000","54,000,000","37,000,000","37,000,000","41,000,000","42,000,000","40,000,000","30,000,000","30,000,000","28,000,000","28,000,000","25,000,000","23,000,000","24,000,000","24,000,000","22,000,000","23,000,000","22,000,000","21,000,000","20,000,000","20,000,000","20,000,000","16,000,000","33,000,000","37,000,000","38,000,000","40,000,000","35,000,000","36,000,000","36,000,000","47,000,000","48,000,000","49,000,000","51,000,000","24,000,000","31,000,000","28,000,000","31,000,000","27,000,000","27,000,000","25,000,000","23,000,000","22,000,000","22,000,000","27,000,000","30,000,000","30,000,000","28,000,000","44,000,000","27,000,000","29,000,000","31,000,000","35,000,000","37,000,000","39,000,000","17,000,000","34,000,000","30,000,000","31,000,000",,"31,000,000","25,000,000","18,000,000","27,000,000","23,000,000",,"33,000,000","31,000,000","12,000,000",,"25,000,000","21,000,000","21,000,000","33,000,000",,,"30,000,000","11,000,000","22,000,000","18,000,000","25,000,000","27,000,000","28,000,000","28,000,000","35,000,000","35,000,000",,"32,000,000",,"36,000,000",,"41,000,000","44,000,000","47,000,000",,,,,"52,000,000","47,000,000","37,000,000","60,000,000","59,000,000","57,000,000","55,000,000","55,000,000","52,000,000","52,000,000","60,000,000","57,000,000","64,000,000","56,000,000","59,000,000","56,000,000","55,000,000","52,000,000","52,000,000","51,000,000","54,000,000",,"55,000,000","55,000,000","57,000,000","55,000,000","64,000,000","64,000,000","66,000,000","65,000,000","70,000,000","69,000,000","71,000,000","74,000,000",,,,,,,,,,,,,,
NetInterestIncome,"-192,000,000","-74,000,000","-50,000,000","-34,000,000","-34,000,000","-38,000,000","-39,000,000","-36,000,000","-21,000,000","-20,000,000","-13,000,000","-20,000,000","-18,000,000","-11,000,000","-11,000,000","-11,000,000","-12,000,000","-14,000,000","-14,000,000","-13,000,000","-14,000,000","-13,000,000","-14,000,000","-11,000,000","-28,000,000","-32,000,000","-34,000,000","-34,000,000","-30,000,000","-29,000,000","-31,000,000","-42,000,000","-43,000,000","-41,000,000","-45,000,000","-17,000,000","-25,000,000","-22,000,000","-25,000,000","-22,000,000","-18,000,000","-15,000,000","-14,000,000","-15,000,000","-10,000,000","-19,000,000","-24,000,000","-25,000,000","-19,000,000","-25,000,000","-23,000,000","-24,000,000","-26,000,000","-14,000,000","-20,000,000","-25,000,000","-17,000,000","-12,000,000","-6,000,000","1,000,000",,"-1,000,000","-5,000,000","-10,000,000","-18,000,000","-23,000,000",,"-33,000,000","-31,000,000","-33,000,000",,"-25,000,000","-21,000,000","-14,000,000","-26,000,000",,,"-11,000,000","-11,000,000","-14,000,000","-16,000,000","-14,000,000","-19,000,000","-17,000,000","-19,000,000","-26,000,000","-25,000,000",,"-22,000,000",,"-27,000,000",,"-35,000,000","-39,000,000","-37,000,000",,,,,"-44,000,000","-38,000,000","-27,000,000","-49,000,000","-48,000,000","-46,000,000","-45,000,000","-47,000,000","-45,000,000","-43,000,000","-50,000,000","-47,000,000","-49,000,000","-47,000,000","-59,000,000","-56,000,000","-55,000,000","-52,000,000","-52,000,000","-51,000,000","-54,000,000",,"-55,000,000","-55,000,000","-57,000,000","-55,000,000","-64,000,000","-64,000,000","-66,000,000","-65,000,000","-70,000,000","-69,000,000","-71,000,000","-74,000,000",,,,,,,,,,,,,,
EBIT,"1,683,000,000","361,000,000","505,000,000","429,000,000","388,000,000","251,000,000","457,000,000","329,000,000","408,000,000","-193,000,000","509,000,000","391,000,000","416,000,000","468,000,000","430,000,000","428,000,000","460,000,000","316,000,000","312,000,000","327,000,000","348,000,000","299,000,000","148,000,000","1,234,000,000","3,362,000,000","242,000,000","5,000,000","508,000,000","565,000,000","634,000,000","622,000,000","708,000,000","757,000,000","480,000,000","733,000,000","767,000,000","724,000,000","602,000,000","797,000,000","844,000,000","759,000,000","573,000,000","750,000,000","825,000,000","753,000,000","494,000,000","671,000,000","700,000,000","140,000,000","759,000,000","685,000,000","753,000,000","668,000,000","737,000,000","610,000,000","702,000,000","550,000,000","610,000,000","510,000,000","594,000,000","524,000,000","522,000,000","504,000,000","427,000,000","388,000,000","348,000,000","386,000,000","443,000,000","329,000,000","203,000,000","377,000,000","278,000,000","291,000,000","518,000,000","397,000,000","370,000,000","331,000,000","511,000,000","439,000,000","408,000,000","371,000,000","444,000,000","386,000,000","350,000,000","313,000,000","344,000,000","328,000,000","312,000,000","284,000,000","328,000,000","298,000,000","283,000,000","274,000,000","316,000,000","257,000,000","289,000,000","257,000,000","270,000,000","236,000,000","261,000,000","238,000,000","254,000,000","226,000,000","219,000,000","212,000,000","33,000,000","252,000,000","277,000,000","252,000,000","295,000,000","249,000,000","252,000,000","227,000,000","-419,000,000","236,000,000","204,000,000","218,000,000","293,000,000","276,000,000","257,000,000","247,000,000","314,000,000","284,000,000","267,000,000","223,000,000","274,000,000","254,000,000","241,000,000","-407,000,000","274,000,000","196,000,000","189,000,000","175,000,000","-4,291,000,000","1,708,000,000","1,693,000,000","1,635,000,000","-3,884,000,000","1,585,000,000","1,534,000,000","1,457,000,000","-3,625,000,000","1,382,000,000","1,422,000,000","1,367,000,000","-1,251,300,000","519,100,000"
EBITDA,"2,573,000,000"
ReconciledCostOfRevenue,"7,679,000,000","2,108,000,000","1,905,000,000","1,865,000,000","1,801,000,000","1,990,000,000","1,777,000,000","1,680,000,000","1,639,000,000","1,741,000,000","1,621,000,000","1,681,000,000","1,552,000,000","1,649,000,000","1,531,000,000","1,603,000,000","1,563,000,000","1,612,000,000","1,579,000,000","1,475,000,000","1,433,000,000","1,543,000,000","1,487,000,000","1,613,000,000","1,410,000,000","1,531,000,000","1,453,000,000","1,973,000,000","1,963,000,000","2,248,000,000","2,124,000,000","2,223,000,000","1,990,000,000","2,414,000,000","1,828,000,000","1,730,000,000","1,692,000,000","1,848,000,000","1,667,000,000","1,700,000,000","1,674,000,000","1,829,000,000","1,708,000,000","1,701,000,000","1,609,000,000","1,880,000,000","1,565,000,000","1,556,000,000","1,884,000,000","1,703,000,000","1,513,000,000","1,485,000,000","1,336,000,000","1,529,000,000","1,630,000,000","1,562,000,000","1,497,000,000","1,524,000,000","1,374,000,000","1,437,000,000","1,409,000,000","1,448,000,000","1,342,000,000","1,494,000,000","1,357,000,000","1,490,000,000","1,388,000,000","1,464,000,000","1,414,000,000","1,481,000,000","1,357,000,000","1,440,000,000","1,315,000,000","1,397,000,000","1,247,000,000","1,190,000,000","1,117,000,000","997,000,000","1,156,000,000","1,101,000,000","1,064,000,000","1,051,000,000","946,000,000","946,000,000","890,000,000","972,000,000","816,000,000","867,000,000","804,000,000","898,000,000","828,000,000","766,000,000","843,000,000","919,000,000","826,000,000","793,000,000","711,000,000","792,000,000","739,000,000","773,000,000","683,000,000","745,000,000","644,000,000","663,000,000","645,000,000","-2,029,000,000","1,531,000,000","1,532,000,000","1,435,000,000","1,484,000,000","1,374,000,000","1,392,000,000","1,325,000,000","1,408,000,000","1,295,000,000","1,287,000,000","1,173,000,000","1,288,000,000","1,196,000,000","1,180,000,000","1,368,000,000","1,396,000,000","1,285,000,000","1,280,000,000","1,263,000,000","1,277,000,000","1,184,000,000","1,186,000,000","1,167,000,000","1,175,000,000","1,065,000,000","1,105,000,000","1,041,000,000",,,,,,,,,,,,,,
ReconciledDepreciation,"890,000,000","245,000,000","206,000,000","222,000,000","217,000,000","213,000,000","209,000,000","202,000,000","199,000,000","209,000,000","187,000,000","198,000,000","195,000,000","191,000,000","207,000,000","195,000,000","192,000,000","199,000,000","184,000,000","184,000,000","194,000,000","201,000,000","204,000,000","206,000,000","189,000,000","166,000,000","96,000,000","250,000,000","247,000,000","258,000,000","258,000,000","253,000,000","236,000,000","250,000,000","207,000,000","183,000,000","183,000,000","178,000,000","179,000,000","180,000,000","175,000,000","167,000,000","176,000,000","169,000,000","158,000,000","179,000,000","171,000,000","169,000,000","166,000,000","172,000,000","164,000,000","154,000,000","148,000,000","150,000,000","165,000,000","160,000,000","156,000,000","153,000,000","141,000,000","147,000,000","140,000,000","144,000,000","146,000,000","146,000,000","139,000,000","143,000,000","145,000,000","145,000,000","147,000,000","156,000,000","150,000,000","147,000,000","148,000,000","146,000,000","141,000,000","130,000,000","128,000,000","107,000,000","120,000,000","107,000,000","105,000,000","113,000,000","111,000,000","109,000,000","108,000,000","104,000,000","118,000,000","86,000,000","97,000,000","93,000,000","52,000,000","108,000,000","119,000,000","112,000,000","103,000,000","104,000,000","107,000,000","99,000,000","97,000,000","93,000,000","109,000,000","93,000,000","84,000,000","87,000,000","84,000,000","-41,000,000","122,000,000","126,000,000","129,000,000","134,000,000","136,000,000","129,000,000","125,000,000","131,000,000","124,000,000","122,000,000","117,000,000","120,000,000","111,000,000","103,000,000","113,000,000","112,000,000","104,000,000","108,000,000","103,000,000","96,000,000","98,000,000","94,000,000","95,000,000","91,000,000","94,000,000","91,000,000","92,000,000",,,,,,,,,,,,,,
NetIncomeFromContinuingOperationNetMinorityInterest,"1,284,000,000","238,000,000","450,000,000","298,000,000","298,000,000","168,000,000","356,000,000","246,000,000","331,000,000","-23,000,000","369,000,000","343,000,000","347,000,000","354,000,000","544,000,000","343,000,000","389,000,000","-61,000,000","248,000,000","264,000,000","273,000,000","240,000,000","127,000,000","1,212,000,000","3,387,000,000","183,000,000","2,000,000","336,000,000","420,000,000","524,000,000","447,000,000","520,000,000","556,000,000","326,000,000","544,000,000","590,000,000","552,000,000","494,000,000","583,000,000","661,000,000","588,000,000","463,000,000","576,000,000","615,000,000","570,000,000","423,000,000","525,000,000","535,000,000","-63,000,000","572,000,000","530,000,000","587,000,000","516,000,000","569,000,000","472,000,000","544,000,000","429,000,000","478,000,000","395,000,000","431,000,000","403,000,000","432,000,000","374,000,000","309,000,000","282,000,000","294,000,000","116,000,000","324,000,000","224,000,000","106,000,000","259,000,000","-169,000,000","189,000,000","378,000,000","278,000,000","49,000,000","217,000,000","264,000,000","316,000,000","200,000,000","253,000,000","-75,000,000","272,000,000","253,000,000","214,000,000","270,000,000","231,000,000","46,000,000","191,000,000","231,000,000","197,000,000","189,000,000","178,000,000","212,000,000","-124,000,000","63,000,000","164,000,000","182,000,000","159,000,000","162,000,000","-203,000,000","158,000,000","137,000,000","142,000,000","138,000,000","-102,000,000","163,000,000","165,000,000","145,000,000","172,000,000","149,000,000","144,000,000","131,000,000","-592,000,000","135,000,000","132,000,000","57,000,000","166,000,000","151,000,000","132,000,000","131,000,000","184,000,000","156,000,000","141,000,000","110,000,000","178,000,000","135,000,000","110,000,000","-383,000,000","139,000,000","102,000,000","104,000,000","101,000,000",,,,,,,,,,,,,,
TotalUnusualItemsExcludingGoodwill,"-27,000,000","-20,000,000","-9,000,000","1,000,000","3,000,000","-102,000,000","-24,000,000","-10,000,000","-11,000,000","68,000,000","14,000,000","17,000,000","38,000,000","-54,000,000","20,000,000","18,000,000","95,000,000","26,000,000","12,000,000","-18,000,000","0","19,000,000","-52,000,000","1,151,000,000","3,147,000,000",,,,,,,,,,,,,"-2,000,000","14,000,000","62,000,000","57,000,000","-62,000,000","-4,000,000","-13,000,000","4,000,000","-37,000,000","-117,000,000","-3,000,000","-2,000,000","19,000,000","-51,000,000","1,000,000","-2,000,000","24,000,000","-32,000,000","-5,000,000","1,000,000","23,000,000","-21,000,000","-87,000,000","10,000,000","17,000,000","-20,000,000","-19,000,000","-16,000,000","59,000,000","-5,000,000","2,000,000",,"-3,000,000","-11,000,000","-585,000,000","-21,000,000","4,000,000","-6,000,000","-351,000,000","-26,000,000","-126,000,000","-6,000,000","-117,000,000","-13,000,000","-463,000,000","1,000,000","9,000,000","-7,000,000","46,000,000","9,000,000","-280,000,000","-5,000,000","9,000,000","-4,000,000","3,000,000","-2,000,000","10,000,000","-296,000,000","-127,000,000","4,000,000","12,000,000","18,000,000","1,000,000","-350,000,000","-9,000,000","13,000,000","26,000,000","22,000,000","-124,000,000","26,000,000","-3,000,000","-9,000,000","-9,000,000",,"-14,000,000","-6,000,000","-251,000,000","-6,000,000","21,000,000","-111,000,000","-29,000,000","-20,000,000","-21,000,000","-13,000,000","-15,000,000","-12,000,000","-15,000,000","-19,000,000","30,000,000","7,000,000","-23,000,000","-12,000,000","-13,000,000","8,000,000","56,000,000","36,000,000",,,,,,,,,,,,,,
TotalUnusualItems,"-27,000,000","-20,000,000","-9,000,000","1,000,000","3,000,000","-102,000,000","-24,000,000","-10,000,000","-11,000,000","68,000,000","14,000,000","17,000,000","38,000,000","-54,000,000","20,000,000","18,000,000","95,000,000","26,000,000","12,000,000","-18,000,000","0","19,000,000","-52,000,000","1,151,000,000","3,147,000,000",,,,,,,,,,,,,"-2,000,000","14,000,000","62,000,000","57,000,000","-62,000,000","-4,000,000","-13,000,000","4,000,000","-37,000,000","-117,000,000","-3,000,000","-2,000,000","19,000,000","-51,000,000","1,000,000","-2,000,000","24,000,000","-32,000,000","-5,000,000","1,000,000","23,000,000","-21,000,000","-87,000,000","10,000,000","17,000,000","-20,000,000","-19,000,000","-16,000,000","59,000,000","-5,000,000","2,000,000",,"-3,000,000","-11,000,000","-585,000,000","-21,000,000","4,000,000","-6,000,000","-351,000,000","-26,000,000","-126,000,000","-6,000,000","-117,000,000","-13,000,000","-463,000,000","1,000,000","9,000,000","-7,000,000","46,000,000","9,000,000","-280,000,000","-5,000,000","9,000,000","-4,000,000","3,000,000","-2,000,000","10,000,000","-296,000,000","-127,000,000","4,000,000","12,000,000","18,000,000","1,000,000","-350,000,000","-9,000,000","13,000,000","26,000,000","22,000,000","-124,000,000","26,000,000","-3,000,000","-9,000,000","-9,000,000",,"-14,000,000","-6,000,000","-251,000,000","-6,000,000","21,000,000","-111,000,000","-29,000,000","-20,000,000","-21,000,000","-13,000,000","-15,000,000","-12,000,000","-15,000,000","-19,000,000","30,000,000","7,000,000","-23,000,000","-12,000,000","-13,000,000","8,000,000","56,000,000","36,000,000",,,,,,,,,,,,,,
NormalizedEBITDA,"2,600,000,000","626,000,000","720,000,000","650,000,000","602,000,000","566,000,000","690,000,000","541,000,000","618,000,000","-52,000,000","682,000,000","572,000,000","573,000,000","713,000,000","617,000,000","605,000,000","557,000,000","489,000,000","484,000,000","529,000,000","542,000,000","481,000,000","404,000,000","289,000,000","404,000,000","408,000,000","101,000,000","758,000,000","812,000,000","892,000,000","880,000,000","961,000,000","993,000,000","730,000,000","940,000,000","950,000,000","907,000,000","782,000,000","962,000,000","962,000,000","877,000,000","802,000,000","930,000,000","1,007,000,000","907,000,000","710,000,000","959,000,000","872,000,000","308,000,000","912,000,000","900,000,000","906,000,000","818,000,000","863,000,000","807,000,000","867,000,000","705,000,000","740,000,000","672,000,000","828,000,000","654,000,000","649,000,000","670,000,000","592,000,000","543,000,000","432,000,000","536,000,000","586,000,000","476,000,000","362,000,000","538,000,000","1,010,000,000","460,000,000","660,000,000","544,000,000","851,000,000","485,000,000","744,000,000","565,000,000","632,000,000","489,000,000","1,020,000,000","496,000,000","450,000,000","428,000,000","402,000,000","437,000,000","678,000,000","386,000,000","412,000,000","354,000,000","388,000,000","395,000,000","418,000,000","656,000,000","520,000,000","360,000,000","357,000,000","315,000,000","353,000,000","697,000,000","356,000,000","297,000,000","280,000,000","274,000,000","116,000,000","348,000,000","406,000,000","390,000,000","438,000,000","385,000,000","395,000,000","358,000,000","-37,000,000","366,000,000","305,000,000","446,000,000","442,000,000","407,000,000","381,000,000","373,000,000","441,000,000","400,000,000","390,000,000","345,000,000","340,000,000","345,000,000","358,000,000","-300,000,000","378,000,000","282,000,000","224,000,000","231,000,000","-4,291,000,000","1,708,000,000","1,693,000,000","1,635,000,000","-3,884,000,000","1,585,000,000","1,534,000,000","1,457,000,000","-3,625,000,000","1,382,000,000","1,422,000,000","1,367,000,000","-1,251,300,000","519,100,000"
TaxRateForCalcs,"0.123","0.145","0.27","0.232","0.145","0.186","0.135","0.145","0.119","0.27","0.22","0.055","0.113","0.204","0.27","0.151","0.112","0.4","0.145","0.137","0.168","0.14","0.008","0.005","0.4","0.107","0.4","0.282","0.208","0.124","0.237","0.213","0.216","0.244","0.202","0.206","0.203","0.139","0.239","0.191","0.197","0.139","0.205","0.217","0.211","0.088","0.183","0.199","0.35","0.194","0.191","0.186","0.187","0.172","0.154","0.19","0.197","0.195","0.182","0.152","0.238","0.159","0.219","0.224","0.203","0.234","0.4","0.214","0.248","0.365","0.251","0.4","0.25","0.253","0.24","0.4","0.241","0.258","0.251","0.278","0.26","0.4","0.261","0.26","0.254","0.258","0.26","0.4","0.257","0.262","0.262","0.259","0.249","0.261","0.4","0.4","0.251","0.251","0.25","0.257","0.4","0.275","0.279","0.279","0.266","0.25","0.294","0.279","0.275","0.271","0.262","0.238","0.247","0.188","0.224","0.224","0.4","0.217","0.263","0.275","0.272","0.246","0.281","0.277","0.262","0.258","0.315","0.276","0.209","0.272","0.244","0.4","0.263",,,,,,,,,,,,,,
TaxEffectOfUnusualItems,"-3,321,000","-2,897,526.502","-2,430,000","232,000","435,000","-18,942,857.143","-3,240,000","-1,450,000","-1,309,000","18,360,000","3,080,000","935,000","4,294,000","-11,042,696.629","5,400,000","2,718,000","10,640,000","10,400,000","1,740,000","-2,466,000","0","2,655,913.978","-416,000","5,755,000","1,258,800,000","0","0","0","0","0","0","0","0","0","0","0","0","-278,745.645","3,344,647.52","11,838,433.293","11,213,114.754","-8,598,540.146","-819,807.428","-2,816,936.488","842,681.259","-3,248,394.004","-21,355,694.228","-595,522.388","-700,000","3,693,706.294","-9,765,957.447","186,464.088","-373,626.374","4,122,270.742","-4,931,899.642","-952,380.952","196,629.213","4,491,582.492","-3,826,086.957","-13,187,007.874","2,381,852.552","2,706,796.117","-4,384,133.612","-4,248,743.719","-3,254,237.288","13,828,125","-2,000,000","427,184.466","0","-1,095,808.383","-2,765,895.954","-234,000,000","-5,250,000","1,011,857.708","-1,442,622.951","-140,400,000","-6,272,727.273","-32,561,797.753","-1,507,109.005","-32,523,465.704","-3,383,040.936","-185,200,000","260,869.565","2,342,105.263","-1,780,487.805","11,879,120.879","2,336,538.462","-112,000,000","-1,284,046.693","2,357,827.476","-1,048,689.139","776,470.588","-497,890.295","2,613,240.418","-118,400,000","-50,800,000","1,004,566.21","3,012,345.679","4,500,000","256,880.734","-140,000,000","-2,477,064.22","3,626,315.789","7,258,883.249","5,851,063.83","-31,000,000","7,653,679.654","-838,427.948","-2,475,000","-2,440,677.966","0","-3,333,333.333","-1,482,758.621","-47,170,096.022","-1,344,827.586","4,694,117.647","-44,400,000","-6,292,452.83","-5,268,292.683","-5,769,230.769","-3,538,888.889","-3,688,524.59","-3,373,271.889","-4,153,846.154","-4,973,154.362","7,750,000","2,203,045.685","-6,355,263.158","-2,504,132.231","-3,539,267.016","1,955,555.556","22,400,000","9,459,854.015",,,,,,,,,,,,,,