name,ttm,01/31/2022,10/31/2021,07/31/2021,04/30/2021,01/31/2021,10/31/2020,07/31/2020,04/30/2020,01/31/2020,10/31/2019,07/31/2019,04/30/2019,01/31/2019,10/31/2018,07/31/2018,04/30/2018,01/31/2018,10/31/2017,07/31/2017,04/30/2017,01/31/2017,10/31/2016,07/31/2016,04/30/2016,01/31/2016,10/31/2015,07/31/2015,04/30/2015,01/31/2015,10/31/2014,07/31/2014,04/30/2014,01/31/2014,10/31/2013,07/31/2013,04/30/2013,01/31/2013,10/31/2012,07/31/2012,04/30/2012,01/31/2012,10/31/2011,07/31/2011,04/30/2011,01/31/2011,10/31/2010,07/31/2010,04/30/2010,01/31/2010,10/31/2009,07/31/2009,04/30/2009,01/31/2009,10/31/2008,07/31/2008,04/30/2008,01/31/2008,10/31/2007,07/31/2007,04/30/2007,01/31/2007,10/31/2006,07/31/2006,04/30/2006,01/31/2006,10/31/2005,07/31/2005,04/30/2005,01/31/2005,10/31/2004,07/31/2004,04/30/2004,01/31/2004,10/31/2003,07/31/2003,04/30/2003,01/31/2003,10/31/2002,07/31/2002,04/30/2002,01/31/2002,10/31/2001,07/31/2001,04/30/2001,01/31/2001,10/31/2000,07/31/2000,04/30/2000,01/31/2000,10/31/1999,07/31/1999,04/30/1999,01/31/1999,10/31/1998,07/31/1998,04/30/1998,01/31/1998,10/31/1997,07/31/1997,04/30/1997,01/31/1997,10/31/1996,07/31/1996,04/30/1996,01/31/1996,10/31/1995,07/31/1995,04/30/1995,01/31/1995,10/31/1994,07/31/1994,04/30/1994,01/31/1994,10/31/1993,07/31/1993,04/30/1993,01/31/1993,10/31/1992,07/31/1992,04/30/1992,01/31/1992,10/31/1991,07/31/1991,04/30/1991,01/31/1991,10/31/1990,07/31/1990,04/30/1990,01/31/1990,10/31/1989,07/31/1989,04/30/1989,01/31/1989,10/31/1988,07/31/1988,04/30/1988,01/31/1988,10/31/1987,07/31/1987,04/30/1987,01/31/1987,10/31/1986,07/31/1986,04/30/1986,01/31/1986,10/31/1985
TotalRevenue,"7,882,000,000","3,028,000,000","1,681,000,000","3,318,000,000","3,024,000,000","4,818,000,000","3,055,000,000","2,319,000,000","1,654,000,000","4,707,000,000","2,677,000,000","2,902,000,000","2,629,000,000","4,852,000,000","2,775,000,000","2,984,000,000","2,626,000,000","4,823,000,000","2,618,000,000","2,755,000,000","2,437,000,000","4,489,000,000","2,581,000,000","2,890,000,000","2,614,000,000","4,395,000,000","2,482,000,000","2,765,000,000","2,512,000,000","4,069,000,000","2,319,000,000","2,675,000,000","2,391,000,000","3,818,000,000","2,171,000,000","2,516,000,000","2,268,000,000","3,856,000,000","2,050,000,000","2,399,000,000","2,154,000,000","3,515,000,000","2,174,000,000","2,458,000,000","2,217,000,000","3,456,000,000","1,983,000,000","2,242,000,000","1,932,000,000","3,063,000,000","1,777,000,000","2,067,000,000","1,725,000,000","2,991,000,000","1,843,000,000","2,284,000,000","1,925,000,000","3,276,000,000","1,923,000,000","2,624,000,000","2,311,000,000","4,025,000,000","2,115,000,000","2,454,000,000","2,077,091,000","3,541,616,000","1,891,551,000","2,290,901,000","1,974,932,000","3,328,110,000","1,890,855,000","2,210,832,000","1,978,203,000","3,230,827,000","1,846,770,000","2,014,106,000","1,842,000,000","2,322,417,000","1,982,616,000","2,112,788,000","2,027,000,000","3,137,560,000","1,906,484,000","2,192,111,000","2,126,845,000","3,564,001,000","2,169,192,000","2,262,977,000","2,108,436,000","3,286,634,000","2,064,100,000","2,267,800,000","2,104,800,000","3,255,900,000","1,999,900,000","2,083,100,000","2,008,100,000","3,268,400,000","2,070,600,000","2,020,100,000","1,829,800,000","2,966,300,000","1,995,000,000","1,895,600,000","1,787,900,000","2,771,300,000","1,803,300,000","1,718,600,000","1,588,100,000","2,538,600,000","1,715,200,000","1,585,400,000","1,481,600,000","2,420,800,000","1,616,700,000","1,689,000,000","1,518,600,000","2,428,000,000","1,611,300,000","1,489,400,000","1,415,600,000","2,056,100,000","1,433,400,000","1,375,200,000","1,284,500,000","1,743,700,000","1,247,900,000","1,154,600,000","1,107,300,000","1,582,500,000","1,110,400,000","990,300,000","964,600,000","1,356,000,000","1,010,600,000","893,100,000","811,100,000","1,010,500,000","891,700,000","822,100,000","803,500,000","982,100,000","803,700,000","695,300,000","661,600,000","787,200,000","613,300,000"
	OperatingRevenue,"7,882,000,000","3,028,000,000","1,681,000,000","3,318,000,000","3,024,000,000","4,818,000,000","3,055,000,000","2,319,000,000","1,654,000,000","4,707,000,000","2,677,000,000","2,902,000,000","2,629,000,000","4,852,000,000","2,775,000,000","2,984,000,000","2,626,000,000","4,823,000,000","2,618,000,000","2,755,000,000","2,437,000,000","4,489,000,000","2,581,000,000","2,890,000,000","2,614,000,000","4,395,000,000","2,482,000,000","2,765,000,000","2,512,000,000","4,069,000,000","2,319,000,000","2,675,000,000","2,391,000,000","3,818,000,000","2,171,000,000","2,516,000,000","2,268,000,000","3,856,000,000","2,050,000,000","2,399,000,000","2,154,000,000","3,515,000,000","2,174,000,000","2,458,000,000","2,217,000,000","3,456,000,000","1,983,000,000","2,242,000,000","1,932,000,000","3,063,000,000","1,777,000,000","2,067,000,000","1,725,000,000","2,991,000,000","1,843,000,000","2,284,000,000","1,925,000,000","3,276,000,000","1,923,000,000","2,624,000,000","2,311,000,000","4,025,000,000","2,115,000,000","2,454,000,000","2,077,091,000","3,541,616,000","1,891,551,000","2,290,901,000","1,974,932,000","3,328,110,000","1,890,855,000","2,210,832,000","1,978,203,000","3,230,827,000","1,846,770,000","2,014,106,000","1,842,000,000","2,322,417,000","1,982,616,000","2,112,788,000","2,027,000,000","3,137,560,000","1,906,484,000","2,192,111,000","2,126,845,000","3,564,001,000","2,169,192,000","2,262,977,000","2,108,436,000","3,286,634,000","2,064,100,000","2,267,800,000","2,104,800,000","3,255,900,000","1,999,900,000","2,083,100,000","2,008,100,000","3,268,400,000","2,070,600,000","2,020,100,000","1,829,800,000","2,966,300,000","1,995,000,000","1,895,600,000","1,787,900,000","2,771,300,000","1,803,300,000","1,718,600,000","1,588,100,000","2,538,600,000","1,715,200,000","1,585,400,000","1,481,600,000","2,420,800,000","1,616,700,000","1,689,000,000","1,518,600,000","2,428,000,000","1,611,300,000","1,489,400,000","1,415,600,000","2,056,100,000","1,433,400,000","1,375,200,000","1,284,500,000","1,743,700,000","1,247,900,000","1,154,600,000","1,107,300,000","1,582,500,000","1,110,400,000","990,300,000","964,600,000","1,356,000,000","1,010,600,000","893,100,000","811,100,000","1,010,500,000","891,700,000","822,100,000","803,500,000","982,100,000","803,700,000","695,300,000","661,600,000","787,200,000","613,300,000"
CostOfRevenue,"4,027,000,000","1,582,000,000","842,000,000","1,820,000,000","1,610,000,000","2,511,000,000","1,696,000,000","1,608,000,000","1,366,000,000","2,914,000,000","1,936,000,000","1,919,000,000","1,695,000,000","2,884,000,000","1,847,000,000","1,925,000,000","1,682,000,000","2,783,000,000","1,629,000,000","1,727,000,000","1,534,000,000","2,545,000,000","1,556,000,000","1,777,000,000","1,571,000,000","2,392,000,000","1,451,000,000","1,651,000,000","1,456,000,000","2,234,000,000","1,372,000,000","1,631,000,000","1,409,000,000","2,176,000,000","1,314,000,000","1,527,000,000","1,327,000,000","2,139,000,000","1,225,000,000","1,457,000,000","1,252,000,000","1,988,000,000","1,389,000,000","1,556,000,000","1,375,000,000","2,011,000,000","1,269,000,000","1,464,000,000","1,238,000,000","1,814,000,000","1,214,000,000","1,399,000,000","1,177,000,000","1,967,000,000","1,263,000,000","1,523,000,000","1,284,000,000","1,972,000,000","1,309,000,000","1,803,000,000","1,508,000,000","2,413,000,000","1,356,000,000","1,601,000,000","1,288,316,000","2,040,979,000","1,311,122,000","1,497,531,000","1,366,077,000","2,037,318,000","1,277,270,000","1,412,863,000","1,302,549,000","1,889,567,000","1,251,317,000","1,311,882,000","1,230,000,000","1,255,776,000","1,364,021,000","1,388,918,000","1,342,000,000","1,813,659,000","1,339,899,000","1,500,145,000","1,456,297,000","2,235,043,000","1,365,010,000","1,451,855,000","1,349,135,000","1,936,514,000","1,322,000,000","1,465,700,000","1,369,200,000","2,004,100,000","1,313,400,000","1,398,700,000","1,346,700,000","2,024,900,000","1,372,700,000","1,406,900,000","1,252,900,000","1,913,000,000","1,367,800,000","1,331,200,000","1,246,600,000","1,892,100,000","1,276,800,000","1,223,000,000","1,116,000,000","1,636,700,000","1,150,300,000","1,122,800,000","1,028,700,000","1,649,000,000","1,105,800,000","1,190,800,000","1,069,300,000","1,581,000,000","1,103,700,000","1,026,300,000","995,500,000","1,333,300,000","978,300,000","931,300,000","890,200,000","1,120,100,000","821,400,000","758,100,000","739,000,000","1,017,900,000","723,000,000",,,,,,,,,,,,,,,,
GrossProfit,"3,855,000,000","1,446,000,000","839,000,000","1,498,000,000","1,414,000,000","2,307,000,000","1,359,000,000","711,000,000","288,000,000","1,793,000,000","741,000,000","983,000,000","934,000,000","1,968,000,000","928,000,000","1,059,000,000","944,000,000","2,040,000,000","989,000,000","1,028,000,000","903,000,000","1,944,000,000","1,025,000,000","1,113,000,000","1,043,000,000","2,003,000,000","1,031,000,000","1,114,000,000","1,056,000,000","1,835,000,000","947,000,000","1,044,000,000","982,000,000","1,642,000,000","857,000,000","989,000,000","941,000,000","1,717,000,000","825,000,000","942,000,000","902,000,000","1,527,000,000","785,000,000","902,000,000","842,000,000","1,445,000,000","714,000,000","778,000,000","694,000,000","1,249,000,000","563,000,000","668,000,000","548,000,000","1,024,000,000","580,000,000","761,000,000","641,000,000","1,304,000,000","614,000,000","821,000,000","803,000,000","1,612,000,000","759,000,000","853,000,000","788,775,000","1,500,637,000","580,429,000","793,370,000","608,855,000","1,290,792,000","613,585,000","797,969,000","675,654,000","1,341,260,000","595,453,000","702,224,000","612,000,000","1,066,641,000","618,595,000","723,870,000","685,000,000","1,323,901,000","566,585,000","691,966,000","670,548,000","1,328,958,000","804,182,000","811,122,000","759,301,000","1,350,120,000","742,100,000","802,100,000","735,600,000","1,251,800,000","686,500,000","684,400,000","661,400,000","1,243,500,000","697,900,000","613,200,000","576,900,000","1,053,300,000","627,200,000","564,400,000","541,300,000","879,200,000","526,500,000","495,600,000","472,100,000","901,900,000","564,900,000","462,600,000","452,900,000","771,800,000","510,900,000","498,200,000","449,300,000","847,000,000","507,600,000","463,100,000","420,100,000","722,800,000","455,100,000","443,900,000","394,300,000","623,600,000","426,500,000","396,500,000","368,300,000","564,600,000","387,400,000",,,,,,,,,,,,,,,,
OperatingExpense,"1,846,000,000","567,000,000","430,000,000","899,000,000","842,000,000","1,034,000,000","778,000,000","667,000,000","606,000,000","992,000,000","892,000,000","808,000,000","781,000,000","1,069,000,000","874,000,000","831,000,000","789,000,000","1,054,000,000","757,000,000","727,000,000","694,000,000","956,000,000","741,000,000","705,000,000","720,000,000","925,000,000","692,000,000","711,000,000","684,000,000","878,000,000","663,000,000","668,000,000","646,000,000","779,000,000","646,000,000","631,000,000","630,000,000","836,000,000","638,000,000","637,000,000","609,000,000","654,000,000","599,000,000","708,000,000","625,000,000","725,000,000","565,000,000","542,000,000","509,000,000","660,000,000","504,000,000","519,000,000","483,000,000","980,000,000","539,000,000","575,000,000","432,000,000","683,000,000","552,000,000","732,000,000","695,000,000","885,000,000","692,000,000","656,000,000","602,829,000","769,480,000","577,758,000","589,456,000","560,597,000","663,252,000","560,440,000","571,026,000","556,282,000","699,850,000","553,281,000","531,857,000","503,000,000","494,354,000","597,106,000","583,711,000","581,000,000","699,132,000","413,127,000","614,949,000","607,792,000","837,650,000","702,064,000","652,930,000","634,903,000","746,581,000","649,600,000","670,500,000","666,200,000","768,000,000","605,500,000","608,000,000","605,000,000","767,600,000","602,700,000","540,500,000","527,200,000","628,900,000","538,800,000","482,900,000","487,500,000","535,300,000","435,100,000","398,800,000","392,100,000","461,900,000","399,300,000","360,300,000","361,700,000","433,600,000","362,100,000","372,000,000","363,700,000","432,700,000","362,300,000","320,400,000","333,700,000","380,000,000","320,500,000","303,400,000","299,600,000","329,700,000","275,400,000","255,600,000","256,700,000","295,500,000","237,900,000",,,,,,,,,,,,,,,,
	SellingGeneralAndAdministration,"1,846,000,000","567,000,000","430,000,000","899,000,000","842,000,000","1,034,000,000","778,000,000","667,000,000","606,000,000","992,000,000","892,000,000","808,000,000","781,000,000","1,069,000,000","874,000,000","831,000,000","789,000,000","1,054,000,000","757,000,000","727,000,000","694,000,000","956,000,000","741,000,000","705,000,000","720,000,000","925,000,000","692,000,000","711,000,000","684,000,000","878,000,000","663,000,000","668,000,000","646,000,000","779,000,000","646,000,000","631,000,000","630,000,000","836,000,000","638,000,000","637,000,000","609,000,000","765,000,000","599,000,000","708,000,000","625,000,000","725,000,000","565,000,000","542,000,000","509,000,000","660,000,000","504,000,000","519,000,000","483,000,000","656,000,000","539,000,000","575,000,000","541,000,000","683,000,000","552,000,000","732,000,000","695,000,000","885,000,000","692,000,000","656,000,000","602,829,000","769,480,000","577,758,000","589,456,000","560,597,000","663,252,000","560,440,000","571,026,000","556,282,000","699,850,000","553,281,000","531,857,000","503,000,000","494,162,000","597,106,000","583,711,000","547,000,000","699,132,000","583,127,000","614,949,000","607,792,000","761,430,000","637,957,000","585,885,000","571,129,000","682,438,000","585,100,000","602,100,000","590,800,000","696,100,000","535,800,000","538,300,000","530,300,000","680,900,000","525,800,000","466,200,000","451,800,000","555,400,000","467,000,000","410,400,000","415,700,000","464,300,000","361,600,000","326,900,000","322,600,000","391,500,000","329,800,000","300,400,000","293,700,000","365,100,000","298,200,000","301,400,000","295,200,000","367,100,000","295,100,000","268,200,000","271,600,000","318,600,000","265,200,000","249,000,000","248,000,000","279,700,000","228,000,000","211,100,000","214,100,000","251,300,000","197,600,000",,,,,,,,,,,,,,,,
		GeneralAndAdministrativeExpense,"1,846,000,000","567,000,000","430,000,000","899,000,000","842,000,000","1,034,000,000","778,000,000","667,000,000","606,000,000","992,000,000","892,000,000","808,000,000","781,000,000","1,069,000,000","874,000,000","831,000,000","789,000,000","1,054,000,000","757,000,000","727,000,000","694,000,000","956,000,000","741,000,000","705,000,000","720,000,000","925,000,000","692,000,000","711,000,000","684,000,000","878,000,000","663,000,000","668,000,000","646,000,000","779,000,000","646,000,000","631,000,000","630,000,000","835,327,000",,,,,,,,,,,,,,,,,,,,,,,,,,,,,,,,,,,,,,,,,,,,,,,,,,,,,,,,,,,,,,,,,,,,,,,,,,,,,,,,,,,,,,,,,,,,,,,,,,,,,,,,,,,,,
			OtherGandA,"1,846,000,000","567,000,000","430,000,000","899,000,000","842,000,000","1,034,000,000","778,000,000","667,000,000","606,000,000","992,000,000","892,000,000","808,000,000","781,000,000","1,069,000,000","874,000,000","831,000,000","789,000,000","1,054,000,000","757,000,000","727,000,000","694,000,000","956,000,000","741,000,000","705,000,000","720,000,000","925,000,000","692,000,000","711,000,000","684,000,000","878,000,000","663,000,000","668,000,000","646,000,000","779,000,000","646,000,000","631,000,000","630,000,000","835,327,000",,,,,,,,,,,,,,,,,,,,,,,,,,,,,,,,,,,,,,,,,,,,,,,,,,,,,,,,,,,,,,,,,,,,,,,,,,,,,,,,,,,,,,,,,,,,,,,,,,,,,,,,,,,,,
	DepreciationAmortizationDepletionIncomeStatement,,,,,,,,,,,,,,,,,,,,,,,,,,,,,,,,,,,,,,,,,,,,,,,,,,,,,,,,,,,,,,,,,,,,,,,,,,,,,,,,,,,,,,"76,220,000","64,107,000","67,045,000","63,774,000","64,143,000","64,500,000","68,400,000","75,400,000","71,900,000","69,700,000","69,700,000","74,700,000","86,700,000","76,900,000","74,300,000","75,400,000","73,500,000","71,800,000","72,500,000","71,800,000","71,000,000","73,500,000","71,900,000","69,500,000","70,400,000","69,500,000","59,900,000","68,000,000","68,500,000","63,900,000","70,600,000","68,500,000","65,600,000","67,200,000","52,200,000","62,100,000","61,400,000","55,300,000","54,400,000","51,600,000","50,000,000","47,400,000","44,500,000","42,600,000","44,200,000","40,300,000",,,,,,,,,,,,,,,,
		DepreciationAndAmortizationInIncomeStatement,,,,,,,,,,,,,,,,,,,,,,,,,,,,,,,,,,,,,,,,,,,,,,,,,,,,,,,,,,,,,,,,,,,,,,,,,,,,,,,,,,,,,,"76,220,000","64,107,000","67,045,000","63,774,000","64,143,000","64,500,000","68,400,000","75,400,000","71,900,000","69,700,000","69,700,000","74,700,000","86,700,000","76,900,000","74,300,000","75,400,000","73,500,000","71,800,000","72,500,000","71,800,000","71,000,000","73,500,000","71,900,000","69,500,000","70,400,000","69,500,000","59,900,000","68,000,000","68,500,000","63,900,000","70,600,000","68,500,000","65,600,000","67,200,000","52,200,000","62,100,000","61,400,000","55,300,000","54,400,000","51,600,000","50,000,000","47,400,000","44,500,000","42,600,000","44,200,000","40,300,000",,,,,,,,,,,,,,,,
	OtherOperatingExpenses,,,,,,,,,,,,,,,,,,,,,,,,,,,,,,,,,,,,,,,,,,,,,,,,,,"0",,,,"324,000,000",,,"-109,000,000",,,,,,,,,,,,,,,,,,,,,"192,000",,,"34,000,000","0","-170,000,000",,,,,,,,,,,,,,,,,,,,,,,,,,,,,,,,,,,,,,,,,,,,,,,,,,,,,,,,,,,,,,,,
OperatingIncome,"2,009,000,000","879,000,000","409,000,000","599,000,000","572,000,000","1,273,000,000","581,000,000","44,000,000","-318,000,000","801,000,000","-151,000,000","175,000,000","153,000,000","899,000,000","54,000,000","228,000,000","155,000,000","986,000,000","232,000,000","301,000,000","209,000,000","988,000,000","284,000,000","408,000,000","323,000,000","1,078,000,000","339,000,000","403,000,000","372,000,000","957,000,000","284,000,000","376,000,000","336,000,000","863,000,000","211,000,000","358,000,000","311,000,000","881,000,000","187,000,000","305,000,000","293,000,000","873,000,000","186,000,000","194,000,000","217,000,000","720,000,000","149,000,000","236,000,000","185,000,000","589,000,000","59,000,000","149,000,000","65,000,000","44,000,000","41,000,000","186,000,000","209,000,000","621,000,000","62,000,000","89,000,000","108,000,000","727,000,000","67,000,000","197,000,000","185,946,000","731,157,000","2,671,000","203,914,000","48,258,000","627,540,000","53,145,000","226,943,000","119,372,000","641,410,000","42,172,000","170,367,000","109,000,000","572,287,000","21,489,000","140,159,000","104,000,000","624,769,000","153,458,000","77,017,000","62,756,000","491,308,000","102,118,000","158,192,000","124,398,000","603,539,000","92,500,000","131,600,000","69,400,000","483,800,000","81,000,000","76,400,000","56,400,000","475,900,000","95,200,000","72,700,000","49,700,000","424,400,000","88,400,000","81,500,000","53,800,000","343,900,000","91,400,000","96,800,000","80,000,000","440,000,000","165,600,000","102,300,000","91,200,000","338,200,000","148,800,000","126,200,000","85,600,000","414,300,000","145,300,000","142,700,000","86,400,000","342,800,000","134,600,000","140,500,000","94,700,000","293,900,000","151,100,000","140,900,000","111,600,000","269,100,000","149,500,000","990,300,000","964,600,000","-2,247,400,000","1,010,600,000","893,100,000","811,100,000","-2,108,600,000","891,700,000","822,100,000","803,500,000","-1,722,300,000","803,700,000","695,300,000","661,600,000","-1,323,600,000","613,300,000"
NetNonOperatingInterestIncomeExpense,"-388,000,000","-87,000,000","-91,000,000","-99,000,000","-114,000,000","-116,000,000","-121,000,000","-104,000,000","-97,000,000","-92,000,000","-92,000,000","-95,000,000","-99,000,000","-93,000,000","-96,000,000","-98,000,000","-98,000,000","-106,000,000","-99,000,000","-101,000,000","-101,000,000","-99,000,000","-97,000,000","-101,000,000","-97,000,000","-97,000,000","-79,000,000","-78,000,000","-80,000,000","-78,000,000","-80,000,000","-82,000,000","-84,000,000","-82,000,000","-76,000,000","-77,000,000","-79,000,000","-82,000,000","-77,000,000","-79,000,000","-78,000,000","-63,000,000","-64,000,000","-64,000,000","-54,000,000","-48,000,000","-48,000,000","-51,000,000","-60,000,000","-61,000,000","-56,000,000","-57,000,000","-61,000,000",,,,,,,,,,,,,,,,,,,,,,,,,,,,,,,,,,,,,,,,,,,,,,,,,,,,,,,,,,,,,,,,,,,,,,,,,,,,,,,,,,,,,,,,,,,,,,
	InterestIncomeNonOperating,,,,,,,,,,,,,,,,,,,,,,,,,,,,,,,,,,,,,,,,,,,"319,000","339,000","1,000,000","0","461,000","0","1,000,000","0","0","1,000,000","1,000,000",,,,,,,,,,,,,,,,,,,,,,,,,,,,,,,,,,,,,,,,,,,,,,,,,,,,,,,,,,,,,,,,,,,,,,,,,,,,,,,,,,,,,,,,,,,,,,
	InterestExpenseNonOperating,"388,000,000","87,000,000","91,000,000","99,000,000","114,000,000","116,000,000","121,000,000","104,000,000","97,000,000","92,000,000","92,000,000","95,000,000","99,000,000","93,000,000","96,000,000","98,000,000","98,000,000","106,000,000","99,000,000","101,000,000","101,000,000","99,000,000","97,000,000","101,000,000","97,000,000","97,000,000","79,000,000","78,000,000","80,000,000","78,000,000","80,000,000","82,000,000","84,000,000","82,000,000","76,000,000","77,000,000","79,000,000","82,000,000","77,000,000","79,000,000","78,000,000","63,000,000","64,000,000","64,000,000","55,000,000","48,000,000","48,000,000","51,000,000","61,000,000","61,000,000","56,000,000","58,000,000","62,000,000",,,,,,,,,,,,,,,,,,,,,,,,,,,,,,,,,,,,,,,,,,,,,,,,,,,,,,,,,,,,,,,,,,,,,,,,,,,,,,,,,,,,,,,,,,,,,,
OtherIncomeExpense,"-198,000,000","-2,000,000","-91,000,000","-1,000,000","-105,000,000","-2,000,000","-50,000,000","-56,000","3,000,000","-715,000,000","-34,000,000","-38,000,000","6,000,000","-95,000,000","1,000,000","-1,000,000","2,000,000","-38,000,000","2,000,000","17,000,000","10,000,000","4,000,000","3,000,000","73,000,000","7,000,000","1,000,000","-440,000","-2,000,000","77,000,000","1,000,000","1,000,000","2,000,000","3,000,000","6,000,000","7,000,000","1,000,000","3,000,000","-88,000,000","18,000,000","3,000,000","-2,000,000","-230,000,000","-687,000","146,000,000","86,000,000","47,000,000","-832,000","59,000,000","62,000,000","8,000,000","9,000,000","-2,000,000","-1,000,000","-215,000,000","1,000,000","17,000,000","114,000,000","11,000,000","1,000,000","346,000,000",,"3,000,000","-2,000,000","-1,000,000","-1,492,000","2,653,000","-1,063,000","-1,218,000","2,628,000","4,158,000","53,311,000","18,597,000","40,934,000","-3,541,000","133,416,000","910,000","71,000,000","-16,250,000","10,729,000","4,243,000","-27,000,000","6,216,000","172,631,000","69,247,000","5,906,000","-18,740,000","6,850,000","9,947,000","12,421,000","50,140,000","20,700,000","-600,000","15,300,000","15,000,000","12,600,000","1,667,000,000","104,800,000","-261,000,000","69,000,000","6,800,000","17,400,000","-800,000","125,400,000","6,500,000","17,100,000","49,000,000","616,500,000","4,200,000","2,700,000","5,200,000","1,300,000","1,300,000","2,800,000","3,200,000","3,700,000","1,300,000","1,700,000","700,000","2,100,000","4,100,000","12,200,000","1,100,000","1,900,000","4,900,000","3,700,000","3,300,000","4,200,000","2,600,000","2,500,000","400,000","2,800,000",,,,,,,,,,,,,,,,
	SpecialIncomeCharges,,,,,"-105,000,000","0",,,,,,,,"-689,576,000",,,,,,,,,,,,,,,,,,,,"0",,,,"-112,000,000","18,000,000","3,000,000","-2,000,000","-230,000,000","0","146,000,000","86,000,000","47,000,000","0","59,000,000","62,000,000","8,000,000","9,000,000","-2,000,000","-1,000,000","-215,000,000","1,000,000","17,000,000","114,000,000","11,000,000","1,000,000","346,000,000",,"3,000,000","-2,000,000","-1,000,000","-1,492,000","2,653,000","-1,063,000","-1,218,000","2,628,000","4,158,000","53,311,000","18,597,000","40,934,000","-3,541,000","133,416,000","910,000","71,000,000","-16,250,000","10,729,000","4,243,000","-27,000,000","6,216,000","172,631,000","69,247,000","5,906,000","-18,740,000","6,850,000","9,947,000","12,421,000","50,140,000","20,700,000","-600,000","15,300,000","15,000,000","12,600,000","1,667,000,000","104,800,000","-261,000,000","69,000,000","6,800,000","17,400,000","-800,000","125,400,000","6,500,000","17,100,000","49,000,000","616,500,000","4,200,000","2,700,000","5,200,000","1,300,000","1,300,000","2,800,000","3,200,000","3,700,000","1,300,000","1,700,000","700,000","2,100,000","4,100,000","12,200,000","1,100,000","1,900,000","4,900,000","3,700,000","3,300,000","4,200,000","2,600,000","2,500,000","400,000","2,800,000",,,,,,,,,,,,,,,,
		RestructuringAndMergernAcquisition,,,,,,,,,,,,,,,,,,,,,,,,,,,,,,,,,,,,,,,,,,,,,,,,,,,,,,,,,,"0",,"-230,000,000",,,,,,,,,,,,,,,,,,,,,,,,,,,,,,,,,,,,,,,,,,,,,,,,,,,,,,,,,,,,,,,,,,,,,,,,,,,,,,,,,,,,,,,
		ImpairmentOfCapitalAssets,,,,,,"0",,,,,,,,"689,576,000",,,,,,,,,,,,,,,,,,,,"0",,,,"93,201,000",,,,,,,,,,,,,,,,,,,,,,,,,,,,,,,,,,,,,,,,,,,,,,,,,,,,,,,,,,,,,,,,,,,,,,,,,,,,,,,,,,,,,,,,,,,,,,,,,,,,,,,,,,,,,
		OtherSpecialCharges,,,,,"105,000,000",,,,,,,,,,,,,,,,,,,,,,,,,,,,,,,,,,,,,,,,,,,,,,,,,,,,,"-11,000,000",,"-116,000,000",,,,,,,,,,,,,,,,,,,,,,,,,,,,,,,,,,,,,,,,,,,,,,,,,,,,,,,,,,,,,,,,,,,,,,,,,,,,,,,,,,,,,,,
		GainOnSaleOfBusiness,,,,,,,,,,,,,,"0",,,,,,,,,,,,,,,,,,,,,,,,"0",,,,,,,,,,,,,,,,,,,,,,,,,,,,,,,,,,,,,,,,,,,,,,,,,,,,,,,,,,,,,,,,,,,,,,,,,,,,,,,,,,,,,,,,,,,,,,,,,,,,,,,,,,,,,
	OtherNonOperatingIncomeExpenses,"-198,000,000","-2,000,000","-91,000,000","-1,000,000","-105,341,000","-2,000,000","-50,000,000","-56,000","3,000,000","5,000,000","-34,000,000","-38,000,000","6,000,000","4,000,000","1,000,000","-1,000,000","2,000,000","-38,000,000","2,000,000","17,000,000","10,000,000","4,000,000","3,000,000","73,000,000","7,000,000","1,000,000","-440,000","-2,000,000","77,000,000","1,000,000","1,000,000","2,000,000","3,000,000","6,000,000","7,000,000","1,000,000","3,000,000","4,907,000",,,,,,,,,,,,,,,,,,,,,,,,,,,,,,,,,,,,,,,,,,,,,,,,,,,,,,,,,,,,,,,,,,,,,,,,,,,,,,,,,,,,,,,,,,,,,,,,,,,,,,,,,,,,,
PretaxIncome,"1,423,000,000","790,000,000","227,000,000","499,000,000","353,000,000","1,155,000,000","410,000,000","-60,000,000","-412,000,000","-6,000,000","-277,000,000","42,000,000","60,000,000","711,000,000","-41,000,000","129,000,000","59,000,000","842,000,000","135,000,000","217,000,000","118,000,000","893,000,000","190,000,000","380,000,000","233,000,000","982,000,000","260,000,000","323,000,000","369,000,000","880,000,000","205,000,000","296,000,000","255,000,000","787,000,000","142,000,000","282,000,000","235,000,000","711,000,000","128,000,000","229,000,000","213,000,000","580,000,000","122,000,000","276,000,000","249,000,000","719,000,000","101,000,000","244,000,000","187,000,000","536,000,000","12,000,000","99,000,000","3,000,000","110,000,000","3,000,000","164,000,000","176,000,000","591,000,000","23,000,000","423,000,000","92,000,000","706,000,000","42,000,000","180,000,000","169,684,000","758,086,000","-19,308,000","185,077,000","33,145,000","617,066,000","100,345,000","241,952,000","156,637,000","634,837,000","200,674,000","167,959,000","163,000,000","577,120,000","25,775,000","138,247,000","96,000,000","573,608,000","149,151,000","126,550,000","54,691,000","420,151,000","87,231,000","139,573,000","111,950,000","587,059,000","86,700,000","97,400,000","60,500,000","441,400,000","70,400,000","1,714,300,000","137,500,000","164,300,000","138,700,000","52,600,000","44,900,000","375,400,000","188,500,000","61,200,000","50,200,000","352,200,000","685,300,000","80,800,000","66,200,000","425,700,000","150,500,000","88,800,000","79,300,000","325,300,000","136,200,000","111,200,000","72,200,000","399,900,000","130,000,000","131,100,000","84,500,000","328,300,000","118,900,000","129,200,000","83,900,000","282,100,000","138,900,000","130,000,000","102,300,000","256,100,000","138,900,000",,,,,,,,,,,,,,,,
TaxProvision,"348,000,000","198,000,000","50,000,000","125,000,000","76,000,000","295,000,000","79,000,000","-11,000,000","-115,000,000","186,000,000","-25,000,000","4,000,000","20,000,000","171,000,000","2,000,000","30,000,000","11,000,000","178,000,000","49,000,000","78,000,000","24,000,000","261,000,000","68,000,000","128,000,000","81,000,000","346,000,000","96,000,000","121,000,000","119,000,000","315,000,000","73,000,000","108,000,000","98,000,000","297,000,000","50,000,000","104,000,000","92,000,000","300,000,000","54,000,000","86,000,000","88,000,000","221,000,000","28,000,000","45,000,000","84,000,000","266,000,000","40,000,000","66,000,000","74,000,000","180,000,000","-3,000,000","25,000,000","0","94,000,000","-1,000,000","62,000,000","78,000,000","202,000,000","11,000,000","159,000,000","39,000,000","266,000,000","18,000,000","67,000,000","71,000,000","216,000,000","-7,000,000","72,000,000","10,000,000","235,000,000","22,000,000","94,000,000","60,000,000","247,000,000","71,000,000","66,000,000","65,000,000","230,000,000","10,000,000","55,000,000","46,000,000","247,000,000","59,000,000","55,000,000","24,000,000","182,000,000","38,000,000","62,000,000","49,000,000","253,000,000","46,000,000","45,000,000","27,000,000","191,000,000","31,000,000","30,000,000","58,000,000","79,000,000","59,000,000","25,000,000","20,000,000","162,000,000","29,000,000","28,000,000","22,000,000","136,000,000","28,000,000","32,000,000","27,000,000","169,000,000","60,000,000","35,000,000","32,000,000","129,000,000","54,000,000","43,000,000","28,000,000","156,000,000","50,000,000","51,000,000","33,000,000","128,000,000","46,000,000","50,000,000","33,000,000","110,000,000","54,000,000","51,000,000","40,000,000","103,000,000","54,000,000",,,,,,,,,,,,,,,,
NetIncomeCommonStockholders,"1,333,000,000","594,000,000","88,000,000","374,000,000","277,000,000","860,000,000","331,000,000","-49,000,000","-297,000,000","-192,000,000","-252,000,000","38,000,000","40,000,000","540,000,000","-43,000,000","99,000,000","48,000,000","664,000,000","86,000,000","139,000,000","94,000,000","632,000,000","122,000,000","252,000,000","152,000,000","636,000,000","164,000,000","202,000,000","250,000,000","565,000,000","132,000,000","188,000,000","157,000,000","490,000,000","92,000,000","178,000,000","143,000,000","411,000,000","74,000,000","143,000,000","125,000,000","359,000,000","94,000,000","231,000,000","165,000,000","453,000,000","61,000,000","178,000,000","113,000,000","356,000,000","15,000,000","74,000,000","3,000,000","16,000,000","4,000,000","102,000,000","98,000,000","389,000,000","12,000,000","264,000,000","53,000,000","440,000,000","24,000,000","113,000,000","99,380,000","559,086,000","-12,308,000","113,077,000","23,145,000","382,066,000","78,345,000","147,952,000","96,637,000","387,837,000","129,674,000","101,959,000","98,000,000","353,120,000","15,775,000","83,247,000","50,000,000","326,608,000","90,151,000","71,550,000","30,691,000","238,151,000","49,231,000","77,573,000","62,950,000","334,059,000","40,700,000","52,400,000","33,500,000","250,400,000","39,400,000","1,684,300,000","79,500,000","85,300,000","79,700,000","27,600,000","24,900,000","213,400,000","159,500,000","33,200,000","28,200,000","216,200,000","657,300,000","48,800,000","39,200,000","256,700,000","90,500,000","53,800,000","47,300,000","196,300,000","82,200,000","68,200,000","44,200,000","243,900,000","80,000,000","80,100,000","51,500,000","200,300,000","72,900,000","79,200,000","50,900,000","172,100,000","84,900,000","79,000,000","62,300,000","153,100,000","84,900,000",,,,,,,,,,,,,,,,
	NetIncome,"1,333,000,000","594,000,000","88,000,000","374,000,000","277,000,000","860,000,000","331,000,000","-49,000,000","-297,000,000","-192,000,000","-252,000,000","38,000,000","40,000,000","540,000,000","-43,000,000","99,000,000","48,000,000","664,000,000","86,000,000","139,000,000","94,000,000","632,000,000","122,000,000","252,000,000","152,000,000","636,000,000","164,000,000","202,000,000","250,000,000","565,000,000","132,000,000","188,000,000","157,000,000","490,000,000","92,000,000","178,000,000","143,000,000","411,000,000","74,000,000","143,000,000","125,000,000","359,000,000","94,000,000","231,000,000","165,000,000","453,000,000","61,000,000","178,000,000","113,000,000","356,000,000","15,000,000","74,000,000","3,000,000","16,000,000","4,000,000","102,000,000","98,000,000","389,000,000","12,000,000","264,000,000","53,000,000","440,000,000","24,000,000","113,000,000","99,380,000","559,086,000","-12,308,000","113,077,000","23,145,000","382,066,000","78,345,000","147,952,000","96,637,000","387,837,000","129,674,000","101,959,000","98,000,000","353,120,000","15,775,000","83,247,000","50,000,000","326,608,000","90,151,000","71,550,000","30,691,000","238,151,000","49,231,000","77,573,000","62,950,000","334,059,000","40,700,000","52,400,000","33,500,000","250,400,000","39,400,000","1,684,300,000","79,500,000","85,300,000","79,700,000","27,600,000","24,900,000","213,400,000","159,500,000","33,200,000","28,200,000","216,200,000","657,300,000","48,800,000","39,200,000","256,700,000","90,500,000","53,800,000","47,300,000","196,300,000","82,200,000","68,200,000","44,200,000","243,900,000","80,000,000","80,100,000","51,500,000","200,300,000","72,900,000","79,200,000","50,900,000","172,100,000","84,900,000","79,000,000","62,300,000","153,100,000","84,900,000",,,,,,,,,,,,,,,,
		NetIncomeIncludingNoncontrollingInterests,"1,333,000,000","594,000,000","88,000,000","374,000,000","277,000,000","860,000,000","331,000,000","-49,000,000","-297,000,000","-192,000,000","-252,000,000","38,000,000","40,000,000","540,000,000","-43,000,000","99,000,000","48,000,000","664,000,000","86,000,000","139,000,000","94,000,000","632,000,000","122,000,000","252,000,000","152,000,000","636,000,000","164,000,000","202,000,000","250,000,000","565,000,000","132,000,000","188,000,000","157,000,000","490,000,000","92,000,000","178,000,000","143,000,000","411,000,000","74,000,000","143,000,000","125,000,000","359,000,000","94,000,000","231,000,000","165,000,000","453,000,000","61,000,000","178,000,000","113,000,000","356,000,000","15,000,000","74,000,000","3,000,000","16,000,000","4,000,000","99,000,000","99,000,000","390,000,000","11,000,000","248,000,000","47,000,000","440,000,000","24,000,000","113,000,000","99,380,000","559,086,000","-12,308,000","113,077,000","23,145,000","382,066,000","78,345,000","147,952,000","96,637,000","387,837,000","129,674,000","101,959,000","98,000,000","353,057,000","15,775,000","83,247,000","56,000,000","375,355,000","88,415,000","82,854,000","36,376,000","273,829,000","56,142,000","93,468,000","73,811,000","379,682,000","46,700,000","66,000,000","40,900,000","288,300,000","45,500,000","1,696,900,000","87,400,000","117,900,000","87,300,000","38,200,000","30,500,000","242,000,000","164,100,000","41,400,000","32,500,000","238,600,000","657,300,000","48,800,000","39,200,000","256,700,000","90,500,000","53,800,000","47,300,000","196,300,000","82,200,000","68,200,000","44,200,000","243,900,000","80,000,000","80,100,000","51,500,000","200,300,000","72,900,000","79,200,000","50,900,000","172,100,000","84,900,000","79,000,000","62,300,000","153,100,000","84,900,000","63,800,000","45,200,000","120,100,000","70,400,000","30,700,000","23,900,000","63,300,000","69,300,000","57,200,000","45,500,000","87,600,000","68,600,000","40,200,000","31,400,000","56,100,000","42,100,000"
			NetIncomeContinuousOperations,"1,075,000,000","592,000,000","177,000,000","374,000,000","277,000,000","860,000,000","331,000,000","-49,000,000","-297,000,000","-192,000,000","-252,000,000","38,000,000","40,000,000","540,000,000","-43,000,000","99,000,000","48,000,000","664,000,000","86,000,000","139,000,000","94,000,000","632,000,000","122,000,000","252,000,000","152,000,000","636,000,000","164,000,000","202,000,000","250,000,000","565,000,000","132,000,000","188,000,000","157,000,000","490,000,000","92,000,000","178,000,000","143,000,000","411,000,000","74,000,000","143,000,000","125,000,000","359,000,000","94,000,000","231,000,000","165,000,000","453,000,000","61,000,000","178,000,000","113,000,000","356,000,000","15,000,000","74,000,000","3,000,000","16,000,000","4,000,000","102,000,000","98,000,000","389,000,000","12,000,000","264,000,000","53,000,000","440,000,000","24,000,000","113,000,000","98,684,000","542,086,000","-12,308,000","113,077,000","23,145,000","382,066,000","78,345,000","147,952,000","96,637,000","387,837,000","129,674,000","101,959,000","98,000,000","347,120,000","15,775,000","83,247,000","50,000,000","326,608,000","90,151,000","71,550,000","30,691,000","238,151,000","49,231,000","77,573,000","62,950,000","334,059,000","40,700,000","52,400,000","33,500,000","250,400,000","39,400,000","1,684,300,000","79,500,000","85,300,000","79,700,000","27,600,000","24,900,000","213,400,000","159,500,000","33,200,000","28,200,000","216,200,000","657,300,000","48,800,000","39,200,000","256,700,000","90,500,000","53,800,000","47,300,000","196,300,000","82,200,000","68,200,000","44,200,000","243,900,000","80,000,000","80,100,000","51,500,000","200,300,000","72,900,000","79,200,000","50,900,000","172,100,000","84,900,000","79,000,000","62,300,000","153,100,000","84,900,000","63,800,000","45,200,000","120,100,000","70,400,000","30,700,000","23,900,000","63,300,000","69,300,000","57,200,000","45,500,000","87,600,000","68,600,000","40,200,000","31,400,000","56,100,000","42,100,000"
			NetIncomeDiscontinuousOperations,"258,000,000","2,000,000","-89,000,000",,,,,,,,,,,,,,,,,,,,,,,,,,,,,,,,,,,,,,,,,,,,,,,,,,,,,,,,,,,,,,,,,,,,,,,,,,,,,,,,,,,,,,,,,,,,,,,,,,,,,,,,,,,,,,,,,,,,,,,,,,,,,,,,,,,,,,,,,,,,,,,,
			NetIncomeExtraordinary,,,,,,,,,,,,,,,,,,,,,,,,,,,,,,,,,,,,,,,,,,,,,,,,,,,,,,,,,,,,,,"0",,,"696,000",,,,,,,,,,,,,,,,,,,,,,,,,,,,,,,,,,,,,,,,,,,,,,,,,,,,,,,,,,,,,,,,,,,,,,,,,,,,,,,,,,
		MinorityInterests,,,,,,,,,,,,,,,,,,,,,,,,,,,,,,,,,,,,,,,,,,,,,,,,,,"0","0","0","0","0",,"3,000,000","-1,000,000","-1,000,000","1,000,000","16,000,000","6,000,000",,,,,,,,,,,,,,,,,"63,000",,,"-6,000,000","-48,747,000","1,736,000","-11,304,000","-5,685,000","-35,678,000","-6,911,000","-15,895,000","-10,861,000","-45,623,000","-6,000,000","-13,600,000","-7,400,000","-37,900,000","-6,100,000","-12,600,000","-7,900,000","-32,600,000","-7,600,000","-10,600,000","-5,600,000","-28,600,000","-4,600,000","-8,200,000","-4,300,000",,,,,,,,,,,,,,,,,,,,,,,,,,,,,,,,,,,,,,,,,,
DilutedNIAvailtoComStockholders,"1,333,000,000","594,000,000","88,000,000","374,000,000","277,000,000","860,000,000","331,000,000","-49,000,000","-297,000,000","-192,000,000","-252,000,000","38,000,000","40,000,000","540,000,000","-43,000,000","99,000,000","48,000,000","664,000,000","86,000,000","139,000,000","94,000,000","632,000,000","122,000,000","252,000,000","152,000,000","636,000,000","164,000,000","202,000,000","250,000,000","565,000,000","132,000,000","188,000,000","157,000,000","490,000,000","92,000,000","178,000,000","143,000,000","411,000,000","74,000,000","143,000,000","125,000,000","359,000,000","94,000,000","231,000,000","165,000,000","453,000,000","61,000,000","178,000,000","113,000,000","356,000,000","15,000,000","74,000,000","3,000,000","16,000,000","4,000,000","102,000,000","98,000,000","389,000,000","12,000,000","264,000,000","53,000,000","440,000,000","24,000,000","113,000,000","99,380,000","559,086,000","-12,308,000","113,077,000","23,145,000","382,066,000","78,345,000","147,952,000","96,637,000","387,837,000","129,674,000","101,959,000","98,000,000","353,120,000","15,775,000","83,247,000","50,000,000","326,608,000","90,151,000","71,550,000","30,691,000","238,151,000","49,231,000","77,573,000","62,950,000","334,059,000","40,700,000","52,400,000","33,500,000","250,400,000","39,400,000","1,684,300,000","79,500,000","85,300,000","79,700,000","27,600,000","24,900,000","213,400,000","159,500,000","33,200,000","28,200,000","216,200,000","657,300,000","48,800,000","39,200,000","256,700,000","90,500,000","53,800,000","47,300,000","196,300,000","82,200,000","68,200,000","44,200,000","243,900,000","80,000,000","80,100,000","51,500,000","200,300,000","72,900,000","79,200,000","50,900,000","172,100,000","84,900,000","79,000,000","62,300,000","153,100,000","84,900,000",,,,,,,,,,,,,,,,
BasicEPS,,"2.283","0.329","1.336","0.972","3.031","1.168","-0.179","-1.07",,"-0.912","0.136","0.146","-0.695","-0.155","0.357","0.17","2.334","0.305","0.486","0.329","2.209","0.425","0.883","0.529","2.193","0.564","0.693","0.857","1.934","0.451","0.633","0.528","1.648","0.31","0.606","0.483","1.393","0.255","0.499","0.427",,"0.317","0.768","0.536",,"0.191","0.548","0.348",,"0.046","0.187","0.01",,"0.01","0.3","0.29",,"0.03","0.68","0.13",,"0.06","0.29","0.25",,"-0.03","0.28","0.06",,"0.17","0.31","0.19",,"0.25","0.2","0.19",,"0.03","0.16","0.11",,"0.21","0.17","0.07",,"0.12","0.18","0.15",,"0.1","0.12","0.08",,"0.09","3.57","0.15",,"0.15","0.05","0.05",,"0.3","0.06","0.05",,"0.92","0.07","0.06",,"0.13","0.08","0.07",,"0.12","0.1","0.06",,"0.11","0.11","0.07",,"0.1","0.11","0.07",,"0.12","0.11","0.09",,"0.12","0.09","0.07",,"0.1","0.05","0.04",,"0.09","0.08","0.06",,"0.09","0.06","0.05",,"0.06"
DilutedEPS,,"2.28","0.329","1.336","0.97","3.03","1.168","-0.18","-1.07",,"-0.912","0.136","0.14","-0.7","-0.16","0.357","0.17","2.33","0.3","0.48","0.329","2.18","0.42","0.87","0.52","2.15","0.55","0.68","0.84","1.89","0.44","0.63","0.528","1.648","0.31","0.606","0.48","1.39","0.25","0.49","0.41",,"0.31","0.73","0.5",,"0.18","0.54","0.34",,"0.046","0.187","0.01",,"0.01","0.3","0.28",,"0.03","0.67","0.13",,"0.06","0.28","0.25",,"-0.03","0.27","0.06",,"0.16","0.31","0.19",,"0.25","0.19","0.19",,"0.03","0.16","0.1",,"0.21","0.16","0.07",,"0.11","0.17","0.14",,"0.09","0.11","0.07",,"0.09","3.47","0.14",,"0.15","0.05","0.05",,"0.3","0.06","0.05",,"0.92","0.07","0.06",,"0.13","0.08","0.07",,"0.12","0.1","0.06",,"0.11","0.11","0.07",,"0.1","0.11","0.07",,"0.12","0.11","0.09",,"0.12","0.09","0.07",,"0.1","0.05","0.04",,"0.09","0.08","0.06",,"0.09","0.06","0.05",,"0.06"
BasicAverageShares,,"260,611,000","266,994,000","280,002,000","284,461,000","283,802,000","283,001,000","277,795,000","276,988,000",,"276,398,000","276,000,000","276,000,000","276,477,000","275,000,000","275,000,000","278,000,000","284,546,000","282,000,000","286,000,000","286,000,000","286,000,000","286,000,000","286,000,000","288,000,000","290,000,000","291,000,000","291,000,000","292,000,000","292,000,000","293,000,000","297,342,000","297,300,000","297,018,000","296,544,000","295,473,000","295,185,000","295,423,000","288,000,000","288,000,000","292,000,000",,"297,000,000","301,000,000","308,000,000",,"321,000,000","323,000,000","325,000,000",,"321,000,000","321,000,000","321,000,000",,"337,000,000","339,000,000","337,931,034",,"360,909,000","388,235,294","407,692,308",,"395,153,000","389,655,172","397,520,000",,"400,803,000","403,846,429","385,750,000",,"470,774,000","477,264,516","508,615,789",,"517,083,000","509,795,000","515,789,474",,"523,018,000","520,293,750","454,545,455",,"429,000,000","420,882,353","438,442,857",,"425,578,000","430,961,111","419,666,667",,"407,000,000","436,666,667","418,750,000",,"437,777,778","471,792,717","530,000,000",,"531,333,333","552,000,000","498,000,000",,"531,666,667","553,333,333","564,000,000",,"714,456,522","697,142,857","653,333,333",,"717,762,000","717,268,000","717,126,000",,"685,000,000","682,000,000","736,666,667",,"727,272,727","728,181,818","735,714,286",,"729,000,000","720,000,000","727,142,857",,"707,500,000","718,181,818","692,222,222",,"707,500,000","717,816,000","716,772,000",,"716,724,000","715,388,000","715,388,000",,"755,904,000","755,516,000","754,596,000",,"753,128,000","720,116,000","717,480,000",,"716,204,000"
DilutedAverageShares,,"260,906,140","266,994,000","280,002,000","285,171,134","283,937,624","283,001,000","277,795,000","276,988,000",,"276,398,000","278,487,000","278,165,000","276,477,000","275,103,000","278,723,000","281,587,000","285,009,442","285,437,000","288,936,000","289,327,000","290,231,000","290,265,000","290,986,000","292,778,000","295,174,000","295,923,000","296,913,000","299,143,000","299,040,000","298,134,000","298,979,365","297,300,000","297,018,000","296,722,581","295,473,000","296,881,250","295,968,345","294,386,000","296,030,000","301,238,000",,"307,928,000","314,800,000","328,472,000",,"331,981,000","333,742,000","332,898,000",,"328,259,000","325,697,000","323,000,000",,"340,000,000","341,000,000","350,000,000",,"364,975,000","394,029,851","407,692,308",,"401,896,000","403,571,429","397,520,000",,"400,803,000","418,803,704","385,750,000",,"479,898,000","477,264,516","508,615,789",,"524,380,000","536,626,316","515,789,474",,"531,209,000","520,293,750","500,000,000",,"433,000,000","447,187,500","438,442,857",,"441,369,000","456,311,765","449,642,857",,"452,222,222","476,363,636","478,571,429",,"437,777,778","485,389,049","567,857,143",,"531,333,333","552,000,000","498,000,000",,"531,666,667","553,333,333","564,000,000",,"714,456,522","697,142,857","653,333,333",,"717,762,000","717,268,000","717,126,000",,"685,000,000","682,000,000","736,666,667",,"727,272,727","728,181,818","735,714,286",,"729,000,000","720,000,000","727,142,857",,"707,500,000","718,181,818","692,222,222",,"707,500,000","717,816,000","716,772,000",,"716,724,000","715,388,000","715,388,000",,"755,904,000","755,516,000","754,596,000",,"753,128,000","720,116,000","717,480,000",,"716,204,000"
TotalOperatingIncomeAsReported,"2,009,000,000","879,000,000","409,000,000","599,000,000","572,000,000","1,273,000,000","581,000,000","44,000,000","-318,000,000","81,000,000","-151,000,000","175,000,000","153,000,000","800,000,000","54,000,000","228,000,000","155,000,000","986,000,000","232,000,000","301,000,000","209,000,000","988,000,000","284,000,000","408,000,000","323,000,000","1,078,000,000","339,000,000","403,000,000","372,000,000","957,000,000","284,000,000","376,000,000","336,000,000","863,000,000","211,000,000","358,000,000","311,000,000","788,000,000","187,000,000","305,000,000","293,000,000","641,000,000","186,000,000","194,000,000","217,000,000","714,000,000","149,000,000","236,000,000","185,000,000","586,000,000","59,000,000","158,000,000","65,000,000","153,000,000","41,000,000","186,000,000","209,000,000","621,000,000","62,000,000","319,000,000","108,000,000","727,000,000","67,000,000","197,000,000","185,946,000","731,157,000","2,671,000","203,914,000","48,258,000","627,540,000","53,145,000","226,943,000","119,372,000","641,410,000","42,172,000","170,367,000","109,000,000","572,287,000","21,489,000","140,159,000","104,000,000","624,769,000","153,458,000","77,017,000","62,756,000","491,308,000","102,118,000","158,192,000","124,398,000","603,539,000","92,500,000","131,600,000","69,400,000","483,800,000","81,000,000","76,400,000","56,400,000","475,900,000","95,200,000","72,700,000","49,700,000","424,400,000","88,400,000","81,500,000","53,800,000","343,900,000","91,400,000","96,800,000","80,000,000","440,000,000","165,600,000","102,300,000","91,200,000","338,200,000","148,800,000","126,200,000","85,600,000","414,300,000","145,300,000","142,700,000","86,400,000","342,800,000","134,600,000","140,500,000","94,700,000","293,900,000","151,100,000","140,900,000","111,600,000","269,100,000","149,500,000",,,,,,,,,,,,,,,,
TotalExpenses,"5,873,000,000","2,149,000,000","1,272,000,000","2,719,000,000","2,452,000,000","3,545,000,000","2,474,000,000","2,275,000,000","1,972,000,000","3,906,000,000","2,828,000,000","2,727,000,000","2,476,000,000","3,953,000,000","2,721,000,000","2,756,000,000","2,471,000,000","3,837,000,000","2,386,000,000","2,454,000,000","2,228,000,000","3,501,000,000","2,297,000,000","2,482,000,000","2,291,000,000","3,317,000,000","2,143,000,000","2,362,000,000","2,140,000,000","3,112,000,000","2,035,000,000","2,299,000,000","2,055,000,000","2,955,000,000","1,960,000,000","2,158,000,000","1,957,000,000","2,975,000,000","1,863,000,000","2,094,000,000","1,861,000,000","2,642,000,000","1,988,000,000","2,264,000,000","2,000,000,000","2,736,000,000","1,834,000,000","2,006,000,000","1,747,000,000","2,474,000,000","1,718,000,000","1,918,000,000","1,660,000,000","2,947,000,000","1,802,000,000","2,098,000,000","1,716,000,000","2,655,000,000","1,861,000,000","2,535,000,000","2,203,000,000","3,298,000,000","2,048,000,000","2,257,000,000","1,891,145,000","2,810,459,000","1,888,880,000","2,086,987,000","1,926,674,000","2,700,570,000","1,837,710,000","1,983,889,000","1,858,831,000","2,589,417,000","1,804,598,000","1,843,739,000","1,733,000,000","1,750,130,000","1,961,127,000","1,972,629,000","1,923,000,000","2,512,791,000","1,753,026,000","2,115,094,000","2,064,089,000","3,072,693,000","2,067,074,000","2,104,785,000","1,984,038,000","2,683,095,000","1,971,600,000","2,136,200,000","2,035,400,000","2,772,100,000","1,918,900,000","2,006,700,000","1,951,700,000","2,792,500,000","1,975,400,000","1,947,400,000","1,780,100,000","2,541,900,000","1,906,600,000","1,814,100,000","1,734,100,000","2,427,400,000","1,711,900,000","1,621,800,000","1,508,100,000","2,098,600,000","1,549,600,000","1,483,100,000","1,390,400,000","2,082,600,000","1,467,900,000","1,562,800,000","1,433,000,000","2,013,700,000","1,466,000,000","1,346,700,000","1,329,200,000","1,713,300,000","1,298,800,000","1,234,700,000","1,189,800,000","1,449,800,000","1,096,800,000","1,013,700,000","995,700,000","1,313,400,000","960,900,000",,,,,,,,,,,,,,,,
NetIncomeFromContinuingAndDiscontinuedOperation,"1,333,000,000","594,000,000","88,000,000","374,000,000","277,000,000","860,000,000","331,000,000","-49,000,000","-297,000,000","-192,000,000","-252,000,000","38,000,000","40,000,000","540,000,000","-43,000,000","99,000,000","48,000,000","664,000,000","86,000,000","139,000,000","94,000,000","632,000,000","122,000,000","252,000,000","152,000,000","636,000,000","164,000,000","202,000,000","250,000,000","565,000,000","132,000,000","188,000,000","157,000,000","490,000,000","92,000,000","178,000,000","143,000,000","411,000,000","74,000,000","143,000,000","125,000,000","359,000,000","94,000,000","231,000,000","165,000,000","453,000,000","61,000,000","178,000,000","113,000,000","356,000,000","15,000,000","74,000,000","3,000,000","16,000,000","4,000,000","102,000,000","98,000,000","389,000,000","12,000,000","264,000,000","53,000,000","440,000,000","24,000,000","113,000,000","98,684,000","542,086,000","-12,308,000","113,077,000","23,145,000","382,066,000","78,345,000","147,952,000","96,637,000","387,837,000","129,674,000","101,959,000","98,000,000","353,120,000","15,775,000","83,247,000","50,000,000","326,608,000","90,151,000","71,550,000","30,691,000","238,151,000","49,231,000","77,573,000","62,950,000","334,059,000","40,700,000","52,400,000","33,500,000","250,400,000","39,400,000","1,684,300,000","79,500,000","85,300,000","79,700,000","27,600,000","24,900,000","213,400,000","159,500,000","33,200,000","28,200,000","216,200,000","657,300,000","48,800,000","39,200,000","256,700,000","90,500,000","53,800,000","47,300,000","196,300,000","82,200,000","68,200,000","44,200,000","243,900,000","80,000,000","80,100,000","51,500,000","200,300,000","72,900,000","79,200,000","50,900,000","172,100,000","84,900,000","79,000,000","62,300,000","153,100,000","84,900,000",,,,,,,,,,,,,,,,
NormalizedIncome,"1,075,000,000","592,000,000","177,000,000","374,000,000","359,320,000","860,000,000","331,000,000","-49,000,000","-297,000,000","-192,000,000","-252,000,000","38,000,000","40,000,000","540,000,000","-43,000,000","99,000,000","48,000,000","664,000,000","86,000,000","139,000,000","94,000,000","632,000,000","122,000,000","252,000,000","152,000,000","636,000,000","164,000,000","202,000,000","250,000,000","565,000,000","132,000,000","188,000,000","157,000,000","490,000,000","92,000,000","178,000,000","143,000,000","483,800,000","62,300,000","141,122,000","126,300,000","501,362,068.966","94,000,000","108,804,347.826","108,012,048.193","423,388,038.943","61,000,000","134,959,016.393","75,534,759.358","350,686,567.164","9,150,000","75,494,949.495","4,000,000","155,750,000","3,350,000","91,426,829.268","23,900,000","381,759,729.272","11,350,000","48,056,737.589","53,000,000","438,130,311.615","25,200,000","113,627,777.778","99,579,200","540,188,914.237","-11,630,384.297","113,821,164.785","21,309,879.771","379,491,509.706","36,722,096.069","136,580,061.169","71,382,820.221","390,000,280.995","43,461,603.855","101,406,587.268","55,312,883.436","356,893,877.183","9,208,560.621","80,692,029.397","66,200,000","322,878,400","-14,191,963.044","30,001,800","27,147,400","249,395,000","45,121,000","71,604,800","55,497,400","303,975,000","28,280,000","52,760,000","24,320,000","241,400,000","31,840,000","46,472,256.898","16,620,000","241,900,000","38,300,000","23,520,000","14,460,000","213,880,000","53,392,307.692","29,300,000","17,940,000","186,121,067.575","65,988,968.335","46,263,366.337","37,580,000","253,564,364.576","89,718,272.425","53,012,387.387","45,620,000","194,368,982.478","79,966,960.352","67,402,697.842","43,159,279.778","243,473,068.267","78,707,692.308","77,594,965.675","44,064,497.041","199,628,876.028","71,735,071.489","76,196,284.83","48,655,303.933","170,086,777.738","82,332,829.374","77,420,000","60,777,517.107","152,860,000","83,188,552.916",,,,,,,,,,,,,,,,
InterestIncome,,,,,,,,,,,,,,,,,,,,,,,,,,,,,,,,,,,,,,,,,,,"319,000","339,000","1,000,000","0","461,000","0","1,000,000","0","0","1,000,000","1,000,000",,,,,,,,,,,,,,,,,,,,,,,,,,,,,,,,,,,,,,,,,,,,,,,,,,,,,,,,,,,,,,,,,,,,,,,,,,,,,,,,,,,,,,,,,,,,,,
InterestExpense,"388,000,000","87,000,000","91,000,000","99,000,000","114,000,000","116,000,000","121,000,000","104,000,000","97,000,000","92,000,000","92,000,000","95,000,000","99,000,000","93,000,000","96,000,000","98,000,000","98,000,000","106,000,000","99,000,000","101,000,000","101,000,000","99,000,000","97,000,000","101,000,000","97,000,000","97,000,000","79,000,000","78,000,000","80,000,000","78,000,000","80,000,000","82,000,000","84,000,000","82,000,000","76,000,000","77,000,000","79,000,000","82,000,000","77,000,000","79,000,000","78,000,000","63,000,000","64,000,000","64,000,000","55,000,000","48,000,000","48,000,000","51,000,000","61,000,000","61,000,000","56,000,000","58,000,000","62,000,000",,,,,,,,,,,,,,,,,,,,,,,,,,,,,,,,,,,,,,,,,,,,,,,,,,,,,,,,,,,,,,,,,,,,,,,,,,,,,,,,,,,,,,,,,,,,,,
NetInterestIncome,"-388,000,000","-87,000,000","-91,000,000","-99,000,000","-114,000,000","-116,000,000","-121,000,000","-104,000,000","-97,000,000","-92,000,000","-92,000,000","-95,000,000","-99,000,000","-93,000,000","-96,000,000","-98,000,000","-98,000,000","-106,000,000","-99,000,000","-101,000,000","-101,000,000","-99,000,000","-97,000,000","-101,000,000","-97,000,000","-97,000,000","-79,000,000","-78,000,000","-80,000,000","-78,000,000","-80,000,000","-82,000,000","-84,000,000","-82,000,000","-76,000,000","-77,000,000","-79,000,000","-82,000,000","-77,000,000","-79,000,000","-78,000,000","-63,000,000","-64,000,000","-64,000,000","-54,000,000","-48,000,000","-48,000,000","-51,000,000","-60,000,000","-61,000,000","-56,000,000","-57,000,000","-61,000,000",,,,,,,,,,,,,,,,,,,,,,,,,,,,,,,,,,,,,,,,,,,,,,,,,,,,,,,,,,,,,,,,,,,,,,,,,,,,,,,,,,,,,,,,,,,,,,
EBIT,"1,811,000,000","877,000,000","318,000,000","598,000,000","467,000,000","1,271,000,000","531,000,000","44,000,000","-315,000,000","86,000,000","-185,000,000","137,000,000","159,000,000","804,000,000","55,000,000","227,000,000","157,000,000","948,000,000","234,000,000","318,000,000","219,000,000","992,000,000","287,000,000","481,000,000","330,000,000","1,079,000,000","339,000,000","401,000,000","449,000,000","958,000,000","285,000,000","378,000,000","339,000,000","869,000,000","218,000,000","359,000,000","314,000,000","793,000,000","205,000,000","308,000,000","291,000,000","643,000,000","186,000,000","340,000,000","304,000,000","767,000,000","149,000,000","295,000,000","248,000,000","597,000,000","68,000,000","157,000,000","65,000,000","44,000,000","41,000,000","186,000,000","209,000,000","621,000,000","62,000,000","89,000,000","108,000,000","727,000,000","67,000,000","197,000,000","185,946,000","731,157,000","2,671,000","203,914,000","48,258,000","627,540,000","53,145,000","226,943,000","119,372,000","641,410,000","42,172,000","170,367,000","109,000,000","572,287,000","21,489,000","140,159,000","104,000,000","624,769,000","153,458,000","77,017,000","62,756,000","491,308,000","102,118,000","158,192,000","124,398,000","603,539,000","92,500,000","131,600,000","69,400,000","483,800,000","81,000,000","76,400,000","56,400,000","475,900,000","95,200,000","72,700,000","49,700,000","424,400,000","88,400,000","81,500,000","53,800,000","343,900,000","91,400,000","96,800,000","80,000,000","440,000,000","165,600,000","102,300,000","91,200,000","338,200,000","148,800,000","126,200,000","85,600,000","414,300,000","145,300,000","142,700,000","86,400,000","342,800,000","134,600,000","140,500,000","94,700,000","293,900,000","151,100,000","140,900,000","111,600,000","269,100,000","149,500,000","990,300,000","964,600,000","-2,247,400,000","1,010,600,000","893,100,000","811,100,000","-2,108,600,000","891,700,000","822,100,000","803,500,000","-1,722,300,000","803,700,000","695,300,000","661,600,000","-1,323,600,000","613,300,000"
EBITDA,"2,174,000,000"
ReconciledCostOfRevenue,"4,027,000,000","1,582,000,000","842,000,000","1,820,000,000","1,610,000,000","2,511,000,000","1,696,000,000","1,608,000,000","1,366,000,000","2,914,000,000","1,936,000,000","1,919,000,000","1,695,000,000","2,884,000,000","1,847,000,000","1,925,000,000","1,682,000,000","2,783,000,000","1,629,000,000","1,727,000,000","1,534,000,000","2,545,000,000","1,556,000,000","1,777,000,000","1,571,000,000","2,392,000,000","1,451,000,000","1,651,000,000","1,456,000,000","2,234,000,000","1,372,000,000","1,631,000,000","1,409,000,000","2,176,000,000","1,314,000,000","1,527,000,000","1,327,000,000","2,139,000,000","1,225,000,000","1,457,000,000","1,252,000,000","1,988,000,000","1,389,000,000","1,556,000,000","1,375,000,000","2,011,000,000","1,269,000,000","1,464,000,000","1,238,000,000","1,814,000,000","1,214,000,000","1,399,000,000","1,177,000,000","1,967,000,000","1,263,000,000","1,523,000,000","1,284,000,000","1,972,000,000","1,309,000,000","1,803,000,000","1,508,000,000","2,413,000,000","1,356,000,000","1,601,000,000","1,288,316,000","2,040,979,000","1,311,122,000","1,497,531,000","1,366,077,000","2,037,318,000","1,277,270,000","1,412,863,000","1,302,549,000","1,889,567,000","1,251,317,000","1,311,882,000","1,230,000,000","1,255,776,000","1,364,021,000","1,388,918,000","1,342,000,000","1,813,659,000","1,339,899,000","1,500,145,000","1,456,297,000","2,235,043,000","1,365,010,000","1,451,855,000","1,349,135,000","1,936,514,000","1,322,000,000","1,465,700,000","1,369,200,000","2,004,100,000","1,313,400,000","1,398,700,000","1,346,700,000","2,024,900,000","1,372,700,000","1,406,900,000","1,252,900,000","1,913,000,000","1,367,800,000","1,331,200,000","1,246,600,000","1,892,100,000","1,276,800,000","1,223,000,000","1,116,000,000","1,636,700,000","1,150,300,000","1,122,800,000","1,028,700,000","1,649,000,000","1,105,800,000","1,190,900,000","1,069,300,000","1,581,000,000","1,103,800,000","1,026,300,000","995,500,000","1,333,300,000","978,300,000","931,300,000","890,200,000","1,120,100,000","821,400,000","758,200,000","739,000,000","1,017,900,000","723,000,000",,,,,,,,,,,,,,,,
ReconciledDepreciation,"363,000,000","53,000,000","52,000,000","129,000,000","129,000,000","128,000,000","127,000,000","127,000,000","139,000,000","145,000,000","148,000,000","150,000,000","145,000,000","146,000,000","148,000,000","148,000,000","148,000,000","145,000,000","144,000,000","140,000,000","142,000,000","140,000,000","133,000,000","124,000,000","121,000,000","122,000,000","111,000,000","113,000,000","111,000,000","111,000,000","108,000,000","109,000,000","110,000,000","108,000,000","97,000,000","102,000,000","100,000,000","102,000,000","96,000,000","96,000,000","95,000,000","101,000,000","94,000,000","98,000,000","98,000,000","103,000,000","97,000,000","97,000,000","97,000,000","105,000,000","97,000,000","97,000,000","94,000,000","93,000,000","82,000,000","84,000,000","84,000,000","88,000,000","81,000,000","88,000,000","95,000,000","86,000,000","78,000,000","77,986,000","74,014,000","78,125,000","70,141,000","72,981,000","77,753,000","105,783,000","74,532,000","77,110,000","75,575,000","54,262,000","73,639,000","78,099,000","77,000,000","73,880,000","80,031,000","82,089,000","74,000,000","65,386,000","77,498,000","68,791,000","65,325,000","76,220,000","64,107,000","67,045,000","63,774,000","64,143,000","64,500,000","68,400,000","75,400,000","71,900,000","69,700,000","69,700,000","74,700,000","86,700,000","76,900,000","74,300,000","75,400,000","73,500,000","71,800,000","72,500,000","71,800,000","71,000,000","73,500,000","71,900,000","69,500,000","70,400,000","69,500,000","59,900,000","68,000,000","68,500,000","63,900,000","70,500,000","68,500,000","65,600,000","67,100,000","52,200,000","62,100,000","61,400,000","55,300,000","54,400,000","51,600,000","50,000,000","47,400,000","44,400,000","42,600,000","44,200,000","40,300,000",,,,,,,,,,,,,,,,
NetIncomeFromContinuingOperationNetMinorityInterest,"1,075,000,000","592,000,000","177,000,000","374,000,000","277,000,000","860,000,000","331,000,000","-49,000,000","-297,000,000","-192,000,000","-252,000,000","38,000,000","40,000,000","540,000,000","-43,000,000","99,000,000","48,000,000","664,000,000","86,000,000","139,000,000","94,000,000","632,000,000","122,000,000","252,000,000","152,000,000","636,000,000","164,000,000","202,000,000","250,000,000","565,000,000","132,000,000","188,000,000","157,000,000","490,000,000","92,000,000","178,000,000","143,000,000","411,000,000","74,000,000","143,000,000","125,000,000","359,000,000","94,000,000","231,000,000","165,000,000","453,000,000","61,000,000","178,000,000","113,000,000","356,000,000","15,000,000","74,000,000","3,000,000","16,000,000","4,000,000","102,000,000","98,000,000","389,000,000","12,000,000","264,000,000","53,000,000","440,000,000","24,000,000","113,000,000","98,684,000","542,086,000","-12,308,000","113,077,000","23,145,000","382,066,000","78,345,000","147,952,000","96,637,000","387,837,000","129,674,000","101,959,000","98,000,000","347,120,000","15,775,000","83,247,000","50,000,000","326,608,000","90,151,000","71,550,000","30,691,000","238,151,000","49,231,000","77,573,000","62,950,000","334,059,000","40,700,000","52,400,000","33,500,000","250,400,000","39,400,000","1,684,300,000","79,500,000","85,300,000","79,700,000","27,600,000","24,900,000","213,400,000","159,500,000","33,200,000","28,200,000","216,200,000","657,300,000","48,800,000","39,200,000","256,700,000","90,500,000","53,800,000","47,300,000","196,300,000","82,200,000","68,200,000","44,200,000","243,900,000","80,000,000","80,100,000","51,500,000","200,300,000","72,900,000","79,200,000","50,900,000","172,100,000","84,900,000","79,000,000","62,300,000","153,100,000","84,900,000",,,,,,,,,,,,,,,,
TotalUnusualItemsExcludingGoodwill,,,,,"-105,000,000","0",,,,,,,,"-689,576,000",,,,,,,,,,,,,,,,,,,,"0",,,,"-112,000,000","18,000,000","3,000,000","-2,000,000","-230,000,000","0","146,000,000","86,000,000","47,000,000","0","59,000,000","62,000,000","8,000,000","9,000,000","-2,000,000","-1,000,000","-215,000,000","1,000,000","17,000,000","114,000,000","11,000,000","1,000,000","346,000,000",,"3,000,000","-2,000,000","-1,000,000","-1,492,000","2,653,000","-1,063,000","-1,218,000","2,628,000","4,158,000","53,311,000","18,597,000","40,934,000","-3,541,000","133,416,000","910,000","71,000,000","-16,250,000","10,729,000","4,243,000","-27,000,000","6,216,000","172,631,000","69,247,000","5,906,000","-18,740,000","6,850,000","9,947,000","12,421,000","50,140,000","20,700,000","-600,000","15,300,000","15,000,000","12,600,000","1,667,000,000","104,800,000","-261,000,000","69,000,000","6,800,000","17,400,000","-800,000","125,400,000","6,500,000","17,100,000","49,000,000","616,500,000","4,200,000","2,700,000","5,200,000","1,300,000","1,300,000","2,800,000","3,200,000","3,700,000","1,300,000","1,700,000","700,000","2,100,000","4,100,000","12,200,000","1,100,000","1,900,000","4,900,000","3,700,000","3,300,000","4,200,000","2,600,000","2,500,000","400,000","2,800,000",,,,,,,,,,,,,,,,
TotalUnusualItems,,,,,"-105,000,000","0",,,,,,,,"-689,576,000",,,,,,,,,,,,,,,,,,,,"0",,,,"-112,000,000","18,000,000","3,000,000","-2,000,000","-230,000,000","0","146,000,000","86,000,000","47,000,000","0","59,000,000","62,000,000","8,000,000","9,000,000","-2,000,000","-1,000,000","-215,000,000","1,000,000","17,000,000","114,000,000","11,000,000","1,000,000","346,000,000",,"3,000,000","-2,000,000","-1,000,000","-1,492,000","2,653,000","-1,063,000","-1,218,000","2,628,000","4,158,000","53,311,000","18,597,000","40,934,000","-3,541,000","133,416,000","910,000","71,000,000","-16,250,000","10,729,000","4,243,000","-27,000,000","6,216,000","172,631,000","69,247,000","5,906,000","-18,740,000","6,850,000","9,947,000","12,421,000","50,140,000","20,700,000","-600,000","15,300,000","15,000,000","12,600,000","1,667,000,000","104,800,000","-261,000,000","69,000,000","6,800,000","17,400,000","-800,000","125,400,000","6,500,000","17,100,000","49,000,000","616,500,000","4,200,000","2,700,000","5,200,000","1,300,000","1,300,000","2,800,000","3,200,000","3,700,000","1,300,000","1,700,000","700,000","2,100,000","4,100,000","12,200,000","1,100,000","1,900,000","4,900,000","3,700,000","3,300,000","4,200,000","2,600,000","2,500,000","400,000","2,800,000",,,,,,,,,,,,,,,,
NormalizedEBITDA,"2,174,000,000","930,000,000","370,000,000","727,000,000","701,000,000","1,399,000,000","658,000,000","171,000,000","-176,000,000","231,000,000","-37,000,000","287,000,000","304,000,000","950,000,000","203,000,000","375,000,000","305,000,000","1,093,000,000","378,000,000","458,000,000","361,000,000","1,132,000,000","420,000,000","605,000,000","451,000,000","1,201,000,000","450,000,000","514,000,000","560,000,000","1,069,000,000","393,000,000","487,000,000","449,000,000","977,000,000","315,000,000","461,000,000","414,000,000","1,007,000,000","283,000,000","401,000,000","388,000,000","974,000,000","280,000,000","292,000,000","316,000,000","823,000,000","246,000,000","333,000,000","283,000,000","694,000,000","156,000,000","256,000,000","160,000,000","352,000,000","122,000,000","253,000,000","179,000,000","698,000,000","142,000,000","-169,000,000","203,000,000","810,000,000","147,000,000","275,986,000","261,452,000","806,629,000","73,875,000","278,113,000","123,383,000","729,165,000","74,366,000","285,456,000","154,013,000","699,213,000","-17,605,000","247,556,000","115,000,000","662,417,000","90,791,000","218,005,000","205,000,000","683,939,000","58,325,000","76,561,000","122,175,000","586,268,000","159,375,000","215,290,000","175,751,000","617,542,000","136,300,000","200,600,000","129,500,000","540,700,000","138,100,000","-1,520,900,000","26,300,000","823,600,000","103,100,000","140,200,000","107,700,000","498,700,000","34,800,000","147,500,000","108,500,000","365,900,000","-451,600,000","164,500,000","146,800,000","505,200,000","233,800,000","160,900,000","156,400,000","403,500,000","209,000,000","195,500,000","152,400,000","479,200,000","210,400,000","190,800,000","136,300,000","403,100,000","188,000,000","190,000,000","142,600,000","340,600,000","194,300,000","182,800,000","151,700,000","312,900,000","187,000,000","990,300,000","964,600,000","-2,247,400,000","1,010,600,000","893,100,000","811,100,000","-2,108,600,000","891,700,000","822,100,000","803,500,000","-1,722,300,000","803,700,000","695,300,000","661,600,000","-1,323,600,000","613,300,000"
TaxRateForCalcs,"0.245","0.251","0.22","0.251","0.216","0.255","0.193","0.177","0.28","0.27","0.091","0.101","0.336","0.241","0.27","0.232","0.185","0.211","0.361","0.36","0.206","0.292","0.36","0.336","0.346","0.352","0.368","0.374","0.322","0.358","0.355","0.364","0.385","0.377","0.35","0.367","0.393","0.35","0.35","0.374","0.35","0.381","0.23","0.163","0.337","0.37","0.396","0.27","0.396","0.336","0.35","0.253","0","0.35","0.35","0.378","0.35","0.342","0.35","0.376","0.35","0.377","0.4","0.372","0.4","0.285","0.363","0.389","0.302","0.381","0.219","0.389","0.383","0.389","0.354","0.393","0.399","0.399","0.388","0.398","0.4","0.4","0.396","0.4","0.4","0.4","0.4","0.4","0.4","0.4","0.4","0.4","0.4","0.4","0.4","0.018","0.4","0.4","0.4","0.4","0.4","0.4","0.154","0.4","0.4","0.386","0.041","0.396","0.4","0.397","0.399","0.394","0.4","0.397","0.396","0.387","0.388","0.39","0.385","0.389","0.391","0.39","0.387","0.387","0.393","0.39","0.389","0.392","0.391","0.4","0.389",,,,,,,,,,,,,,,,
TaxEffectOfUnusualItems,"0","0","0","0","-22,680,000","0","0","0","0","0","0","0","0","0","0","0","0","0","0","0","0","0","0","0","0","0","0","0","0","0","0","0","0","0","0","0","0","-39,200,000","6,300,000","1,122,000","-700,000","-87,637,931.034","0","23,804,347.826","29,012,048.193","17,388,038.943","0","15,959,016.393","24,534,759.358","2,686,567.164","3,150,000","-505,050.505","0","-75,250,000","350,000","6,426,829.268","39,900,000","3,759,729.272","350,000","130,056,737.589","0","1,130,311.615","-800,000","-372,222.222","-596,800","755,914.237","-385,384.297","-473,835.215","792,879.771","1,583,509.706","11,688,096.069","7,225,061.169","15,679,820.221","-1,377,719.005","47,203,603.855","357,587.268","28,312,883.436","-6,476,122.817","4,162,560.621","1,688,029.397","-10,800,000","2,486,400","68,288,036.956","27,698,800","2,362,400","-7,496,000","2,740,000","3,978,800","4,968,400","20,056,000","8,280,000","-240,000","6,120,000","6,000,000","5,040,000","29,172,256.898","41,920,000","-104,400,000","27,600,000","2,720,000","6,960,000","-320,000","19,292,307.692","2,600,000","6,840,000","18,921,067.575","25,188,968.335","1,663,366.337","1,080,000","2,064,364.576","518,272.425","512,387.387","1,120,000","1,268,982.478","1,466,960.352","502,697.842","659,279.778","273,068.267","807,692.308","1,594,965.675","4,764,497.041","428,876.028","735,071.489","1,896,284.83","1,455,303.933","1,286,777.738","1,632,829.374","1,020,000","977,517.107","160,000","1,088,552.916",,,,,,,,,,,,,,,,