name,ttm,01/31/2022,10/31/2021,07/31/2021,04/30/2021,01/31/2021,10/31/2020,07/31/2020,04/30/2020,01/31/2020,10/31/2019,07/31/2019,04/30/2019,01/31/2019,10/31/2018,07/31/2018,04/30/2018,01/31/2018,10/31/2017,07/31/2017,04/30/2017,01/31/2017,10/31/2016,07/31/2016,04/30/2016,01/31/2016,10/31/2015,07/31/2015,04/30/2015,01/31/2015,10/31/2014,07/31/2014,04/30/2014,01/31/2014,10/31/2013,07/31/2013,04/30/2013,10/31/2012,07/31/2012,04/30/2012,02/29/2012,11/30/2011,08/31/2011,05/31/2011,02/28/2011,11/30/2010,08/31/2010,05/31/2010,02/28/2010,11/30/2009,08/31/2009,05/31/2009,02/28/2009,11/30/2008,08/31/2008,05/31/2008,02/29/2008,11/30/2007,08/31/2007,05/31/2007,02/28/2007,11/30/2006,08/31/2006,05/31/2006,02/28/2006,11/30/2005,08/31/2005,05/31/2005,02/28/2005,11/30/2004,08/31/2004,05/31/2004,02/29/2004,11/30/2003,08/31/2003,05/31/2003,02/28/2003,11/30/2002,08/31/2002,05/31/2002,02/28/2002,11/30/2001,08/31/2001,05/31/2001,02/28/2001,11/30/2000,08/31/2000,05/31/2000,02/29/2000,11/30/1999,08/31/1999,05/31/1999,02/28/1999,11/30/1998,08/31/1998,05/31/1998,02/28/1998,11/30/1997,08/31/1997,05/31/1997,02/28/1997,11/30/1996,08/31/1996,05/31/1996,02/29/1996,11/30/1995,08/31/1995,05/31/1995,02/28/1995,11/30/1994,08/31/1994,05/31/1994,02/28/1994,11/30/1993,08/31/1993,05/31/1993,02/28/1993,11/30/1992,08/31/1992,05/31/1992,02/29/1992,11/30/1991,08/31/1991,05/31/1991,02/28/1991,11/30/1990,08/31/1990,05/31/1990,12/31/1989,09/30/1989,06/30/1989,03/31/1989,12/31/1988,09/30/1988,06/30/1988,03/31/1988,12/31/1987,09/30/1987,06/30/1987,03/31/1987,12/31/1986,09/30/1986,06/30/1986,03/31/1986,12/31/1985,09/30/1985
TotalRevenue,"51,761,000,000","16,365,000,000","11,910,000,000","11,849,000,000","11,637,000,000","16,937,000,000","11,853,000,000","9,910,000,000","8,562,000,000","15,196,000,000","9,764,000,000","9,536,000,000","9,142,000,000","14,801,000,000","9,590,000,000","9,379,000,000","9,109,000,000","15,363,000,000","9,320,000,000","8,940,000,000","8,528,000,000","13,482,000,000","8,945,000,000","8,533,000,000","8,443,000,000","13,623,000,000","8,819,000,000","8,528,000,000","8,558,000,000","13,028,000,000","9,380,000,000","8,896,000,000","9,035,000,000","14,368,000,000","9,362,000,000","9,300,000,000","9,380,000,000","10,753,000,000","10,547,000,000","11,610,000,000","16,319,000,000","12,099,000,000","11,347,000,000","10,940,000,000","16,256,000,000","11,890,000,000","11,339,000,000","10,787,000,000","16,553,000,000","12,024,000,000","11,022,000,000","10,095,000,000","14,724,000,000","11,500,000,000","9,801,000,000","8,990,000,000","13,418,000,000","9,928,000,000","8,750,000,000","7,927,000,000","12,899,000,000","8,473,000,000","7,603,000,000","6,959,000,000","10,693,000,000","7,335,000,000","6,702,000,000","6,118,000,000","9,227,000,000","6,646,000,000","6,080,000,000","5,475,000,000","8,449,000,000","6,034,000,000","5,396,000,000","4,668,000,000","5,847,000,000","5,505,000,000","5,008,000,000","4,586,000,000","6,980,000,000","4,756,000,000","4,164,000,000","3,697,000,000","5,461,583,000","3,732,080,000","3,169,171,000","2,963,718,000","4,314,623,000","3,107,300,000","2,688,200,000","2,386,200,000","3,458,300,000","2,493,800,000","2,182,100,000","1,943,700,000","2,852,100,000","2,106,400,000","1,793,200,000","1,606,600,000","2,347,600,000","2,007,300,000","1,778,600,000","1,637,200,000","2,575,500,000","1,929,300,000","1,437,900,000","1,274,700,000","1,947,200,000","1,349,900,000","933,200,000","849,400,000","1,193,100,000","808,500,000","563,000,000","441,900,000","613,600,000","474,400,000","285,400,000","246,500,000","339,900,000","230,600,000","193,600,000","165,600,000","215,700,000","170,800,000","152,200,000","126,100,000","198,300,000","118,300,000","107,200,000","105,800,000","172,000,000","117,200,000","111,800,000","106,500,000","161,400,000","95,800,000","75,300,000","70,800,000","88,600,000","43,100,000","37,000,000","32,600,000","41,200,000","21,900,000"
	OperatingRevenue,"51,761,000,000","16,365,000,000","11,910,000,000","11,849,000,000","11,637,000,000","16,937,000,000","11,853,000,000","9,910,000,000","8,562,000,000","15,196,000,000","9,764,000,000","9,536,000,000","9,142,000,000","14,801,000,000","9,590,000,000","9,379,000,000","9,109,000,000","15,363,000,000","9,320,000,000","8,940,000,000","8,528,000,000","13,482,000,000","8,945,000,000","8,533,000,000","8,443,000,000","13,623,000,000","8,819,000,000","8,528,000,000","8,558,000,000","13,028,000,000","9,380,000,000","8,896,000,000","9,035,000,000","14,368,000,000","9,362,000,000","9,300,000,000","9,380,000,000","10,753,000,000","10,547,000,000","11,610,000,000","16,319,000,000","12,099,000,000","11,347,000,000","10,940,000,000","16,256,000,000","11,890,000,000","11,339,000,000","10,787,000,000","16,553,000,000","12,024,000,000","11,022,000,000","10,095,000,000","14,724,000,000","11,500,000,000","9,801,000,000","8,990,000,000","13,418,000,000","9,928,000,000","8,750,000,000","7,927,000,000","12,899,000,000","8,473,000,000","7,603,000,000","6,959,000,000","10,693,000,000","7,335,000,000","6,702,000,000","6,118,000,000","9,227,000,000","6,646,000,000","6,080,000,000","5,475,000,000","8,449,000,000","6,034,000,000","5,396,000,000","4,668,000,000","5,847,000,000","5,505,000,000","5,008,000,000","4,586,000,000","6,980,000,000","4,756,000,000","4,164,000,000","3,697,000,000","5,461,583,000","3,732,080,000","3,169,171,000","2,963,718,000","4,314,623,000","3,107,300,000","2,688,200,000","2,386,200,000","3,458,300,000","2,493,800,000","2,182,100,000","1,943,700,000","2,852,100,000","2,106,400,000","1,793,200,000","1,606,600,000","2,347,600,000","2,007,300,000","1,778,600,000","1,637,200,000","2,575,500,000","1,929,300,000","1,437,900,000","1,274,700,000","1,947,200,000","1,349,900,000","933,200,000","849,400,000","1,193,100,000","808,500,000","563,000,000","441,900,000","613,600,000","474,400,000","285,400,000","246,500,000","339,900,000","230,600,000","193,600,000","165,600,000","215,700,000","170,800,000","152,200,000","126,100,000","198,300,000","118,300,000","107,200,000","105,800,000","172,000,000","117,200,000","111,800,000","106,500,000","161,400,000","95,800,000","75,300,000","70,800,000","88,600,000","43,100,000","37,000,000","32,600,000","41,200,000","21,900,000"
CostOfRevenue,"40,121,000,000","13,052,000,000","9,108,000,000","9,039,000,000","8,922,000,000","13,394,000,000","9,058,000,000","7,640,000,000","6,597,000,000","11,961,000,000","7,403,000,000","7,253,000,000","6,973,000,000","11,518,000,000","7,266,000,000","7,150,000,000","6,984,000,000","11,942,000,000","7,040,000,000","6,787,000,000","6,506,000,000","10,452,000,000","6,742,000,000","6,471,000,000","6,298,000,000","10,672,000,000","6,707,000,000","6,430,000,000","6,528,000,000","10,184,000,000","7,252,000,000","6,841,000,000","7,015,000,000","11,487,000,000","7,192,000,000","6,831,000,000","7,210,000,000","8,167,000,000","7,983,000,000","8,703,000,000","12,317,000,000","9,168,000,000","8,475,000,000","8,172,000,000","12,313,000,000","8,907,000,000","8,421,000,000","7,994,000,000","12,576,000,000","9,082,000,000","8,338,000,000","7,538,000,000","11,101,000,000","8,639,000,000","7,420,000,000","6,857,000,000","10,240,000,000","7,591,000,000","6,611,000,000","6,035,000,000","9,792,000,000","6,478,000,000","5,701,000,000","5,194,000,000","8,024,000,000","5,547,000,000","4,991,000,000","4,560,000,000","7,304,000,000","5,015,000,000","4,528,000,000","4,086,000,000","6,307,000,000","4,536,000,000","4,024,000,000","3,483,000,000","3,992,000,000","4,318,000,000","3,879,000,000","3,521,000,000","5,372,000,000","3,728,000,000","3,216,000,000","2,851,000,000","4,295,464,000","2,998,542,000","2,481,741,000","2,324,343,000","3,465,653,000","2,492,000,000","2,133,600,000","1,899,800,000","2,818,600,000","2,028,200,000","1,753,100,000","1,571,800,000","2,378,900,000","1,751,200,000","1,486,100,000","1,341,600,000","2,005,600,000","1,741,800,000","1,510,100,000","1,387,500,000","2,246,200,000","1,672,100,000","1,228,100,000","1,079,600,000","1,680,000,000","1,155,800,000","792,500,000","722,300,000","1,018,700,000","681,700,000","463,900,000","363,000,000","506,000,000","392,600,000","228,300,000","194,200,000","276,400,000","183,500,000","150,900,000","127,900,000","169,400,000","132,100,000","116,300,000","97,500,000","151,800,000",,,,,,,,,,,,,,,,,
GrossProfit,"11,640,000,000","3,313,000,000","2,802,000,000","2,810,000,000","2,715,000,000","3,543,000,000","2,795,000,000","2,270,000,000","1,965,000,000","3,235,000,000","2,361,000,000","2,283,000,000","2,169,000,000","3,283,000,000","2,324,000,000","2,229,000,000","2,125,000,000","3,421,000,000","2,280,000,000","2,153,000,000","2,022,000,000","3,030,000,000","2,203,000,000","2,062,000,000","2,145,000,000","2,951,000,000","2,112,000,000","2,098,000,000","2,030,000,000","2,844,000,000","2,128,000,000","2,055,000,000","2,020,000,000","2,881,000,000","2,170,000,000","2,469,000,000","2,170,000,000","2,586,000,000","2,564,000,000","2,907,000,000","4,002,000,000","2,931,000,000","2,872,000,000","2,768,000,000","3,943,000,000","2,983,000,000","2,918,000,000","2,793,000,000","3,977,000,000","2,942,000,000","2,684,000,000","2,557,000,000","3,623,000,000","2,861,000,000","2,381,000,000","2,133,000,000","3,178,000,000","2,337,000,000","2,139,000,000","1,892,000,000","3,107,000,000","1,995,000,000","1,902,000,000","1,765,000,000","2,669,000,000","1,788,000,000","1,711,000,000","1,558,000,000","1,923,000,000","1,631,000,000","1,552,000,000","1,389,000,000","2,142,000,000","1,498,000,000","1,372,000,000","1,185,000,000","1,855,000,000","1,187,000,000","1,129,000,000","1,065,000,000","1,608,000,000","1,028,000,000","948,000,000","846,000,000","1,166,119,000","733,538,000","687,430,000","639,375,000","848,970,000","615,300,000","554,600,000","486,400,000","639,700,000","465,600,000","429,000,000","371,900,000","473,200,000","355,200,000","307,100,000","265,000,000","342,000,000","265,500,000","268,500,000","249,700,000","329,300,000","257,200,000","209,800,000","195,100,000","267,200,000","194,100,000","140,700,000","127,100,000","174,400,000","126,800,000","99,100,000","78,900,000","107,600,000","81,800,000","57,100,000","52,300,000","63,500,000","47,100,000","42,700,000","37,700,000","46,300,000","38,700,000","35,900,000","28,600,000","46,500,000",,,,,,,,,,,,,,,,,
OperatingExpense,"8,635,000,000","2,505,000,000","2,133,000,000","2,009,000,000","1,988,000,000","2,368,000,000","2,123,000,000","1,702,000,000","1,735,000,000","2,268,000,000","1,973,000,000","1,922,000,000","1,835,000,000","2,306,000,000","2,002,000,000","1,877,000,000","1,830,000,000","2,539,000,000","1,932,000,000","1,830,000,000","1,722,000,000","2,140,000,000","1,890,000,000","1,773,000,000","1,744,000,000","2,167,000,000","1,874,000,000","1,811,000,000","1,766,000,000","2,031,000,000","1,929,000,000","1,812,000,000","1,820,000,000","2,298,000,000","2,048,000,000","2,049,000,000","1,996,000,000","2,538,000,000","2,440,000,000","2,518,000,000","2,559,000,000","2,616,000,000","2,583,000,000","2,484,000,000","2,740,000,000","2,598,000,000","2,507,000,000","2,480,000,000","2,694,000,000","2,566,000,000","2,404,000,000","2,209,000,000","2,565,000,000","2,587,000,000","2,042,000,000","1,856,000,000","2,035,000,000","1,986,000,000","1,738,000,000","1,626,000,000","1,971,000,000","1,799,000,000","1,572,000,000","1,428,000,000","1,714,000,000","1,599,000,000","1,450,000,000","1,319,000,000","1,140,000,000","1,398,000,000","1,310,000,000","1,205,000,000","1,383,000,000","1,296,000,000","1,143,000,000","1,071,000,000","1,202,000,000","1,048,000,000","1,026,000,000","950,000,000","1,038,000,000","899,000,000","800,000,000","756,000,000","703,323,000","648,525,000","572,080,000","530,857,000","593,611,000","492,800,000","463,400,000","413,900,000","467,600,000","374,100,000","356,300,000","343,800,000","364,400,000","302,300,000","287,200,000","259,800,000","318,200,000","268,700,000","248,900,000","236,700,000","285,000,000","214,600,000","190,600,000","178,700,000","212,600,000","156,100,000","123,000,000","115,400,000","134,800,000","106,000,000","86,000,000","75,300,000","88,600,000","72,000,000","52,500,000","49,800,000","54,700,000","42,100,000","39,000,000","36,400,000","39,900,000","35,100,000","33,500,000","30,000,000","35,000,000",,,,,,,,,,,,,,,,,
	SellingGeneralAndAdministration,"8,635,000,000","2,505,000,000","2,133,000,000","2,009,000,000","1,988,000,000","2,368,000,000","2,123,000,000","1,702,000,000","1,735,000,000","2,268,000,000","1,973,000,000","1,922,000,000","1,835,000,000","2,306,000,000","2,002,000,000","1,877,000,000","1,830,000,000","2,539,000,000","1,932,000,000","1,830,000,000","1,722,000,000","2,140,000,000","1,890,000,000","1,773,000,000","1,744,000,000","2,167,000,000","1,874,000,000","1,811,000,000","1,766,000,000","2,031,000,000","1,929,000,000","1,812,000,000","1,820,000,000","2,298,000,000","2,048,000,000","2,049,000,000","1,996,000,000","2,538,000,000","2,440,000,000","2,518,000,000","2,559,000,000","2,616,000,000","2,583,000,000","2,484,000,000","2,740,000,000","2,598,000,000","2,507,000,000","2,480,000,000","2,694,000,000","2,566,000,000","2,404,000,000","2,209,000,000","2,499,000,000","2,587,000,000","2,042,000,000","1,856,000,000","2,035,000,000","1,986,000,000","1,738,000,000","1,626,000,000","1,971,000,000","1,799,000,000","1,572,000,000","1,428,000,000","1,714,000,000","1,599,000,000","1,450,000,000","1,319,000,000","1,140,000,000","1,398,000,000","1,310,000,000","1,205,000,000","1,383,000,000","1,296,000,000","1,143,000,000","1,071,000,000","1,202,000,000","1,048,000,000","1,026,000,000","950,000,000","1,038,000,000","899,000,000","800,000,000","756,000,000","820,287,000","604,028,000","533,395,000","497,075,000","555,170,000","467,800,000","440,900,000","390,300,000","445,600,000","354,000,000","337,600,000","326,200,000","348,700,000","285,000,000","269,000,000","242,700,000","302,100,000","251,900,000","232,000,000","219,700,000","270,400,000","200,300,000","177,400,000","165,900,000","201,000,000","145,700,000","114,500,000","107,300,000","127,500,000","100,300,000","81,100,000","70,800,000","83,800,000","68,000,000","49,500,000","46,800,000","51,700,000","39,600,000","36,700,000","34,200,000","37,700,000","33,100,000","31,600,000","28,300,000","33,400,000",,,,,,,,,,,,,,,,,
	DepreciationAmortizationDepletionIncomeStatement,,,,,,,,,,,,,,,,,,,,,,,,,,,,,,,,,,,,,,,,,,,,,,,,,,,,,,,,,,,,,,,,,,,,,,,,,,,,,,,,,,,,,"50,405,000","44,497,000","38,685,000","33,782,000","38,441,000","25,000,000","22,500,000","23,600,000","22,000,000","20,100,000","18,700,000","17,600,000","15,700,000","17,300,000","18,200,000","17,100,000","16,100,000","16,800,000","16,900,000","17,000,000","14,600,000","14,300,000","13,200,000","12,800,000","11,600,000","10,400,000","8,500,000","8,100,000","7,300,000","5,700,000","4,900,000","4,500,000","4,800,000","4,000,000","3,000,000","3,000,000","3,000,000","2,500,000","2,300,000","2,200,000","2,200,000","2,000,000","1,900,000","1,700,000","1,600,000",,,,,,,,,,,,,,,,,
		DepreciationAndAmortizationInIncomeStatement,,,,,,,,,,,,,,,,,,,,,,,,,,,,,,,,,,,,,,,,,,,,,,,,,,,,,,,,,,,,,,,,,,,,,,,,,,,,,,,,,,,,,"50,405,000","44,497,000","38,685,000","33,782,000","38,441,000","25,000,000","22,500,000","23,600,000","22,000,000","20,100,000","18,700,000","17,600,000","15,700,000","17,300,000","18,200,000","17,100,000","16,100,000","16,800,000","16,900,000","17,000,000","14,600,000","14,300,000","13,200,000","12,800,000","11,600,000","10,400,000","8,500,000","8,100,000","7,300,000","5,700,000","4,900,000","4,500,000","4,800,000","4,000,000","3,000,000","3,000,000","3,000,000","2,500,000","2,300,000","2,200,000","2,200,000","2,000,000","1,900,000","1,700,000","1,600,000",,,,,,,,,,,,,,,,,
OperatingIncome,"3,005,000,000","808,000,000","669,000,000","801,000,000","727,000,000","1,175,000,000","672,000,000","568,000,000","230,000,000","967,000,000","388,000,000","361,000,000","334,000,000","977,000,000","322,000,000","352,000,000","295,000,000","882,000,000","348,000,000","323,000,000","300,000,000","890,000,000","313,000,000","289,000,000","401,000,000","784,000,000","238,000,000","287,000,000","264,000,000","813,000,000","199,000,000","243,000,000","200,000,000","583,000,000","122,000,000","420,000,000","174,000,000","48,000,000","124,000,000","389,000,000","1,443,000,000","315,000,000","289,000,000","284,000,000","1,203,000,000","385,000,000","411,000,000","313,000,000","1,283,000,000","376,000,000","280,000,000","348,000,000","1,058,000,000","274,000,000","339,000,000","277,000,000","1,143,000,000","351,000,000","401,000,000","266,000,000","1,136,000,000","196,000,000","330,000,000","337,000,000","955,000,000","189,000,000","261,000,000","239,000,000","783,000,000","233,000,000","242,000,000","184,000,000","759,000,000","202,000,000","229,000,000","114,000,000","653,000,000","139,000,000","103,000,000","115,000,000","570,000,000","129,000,000","148,000,000","90,000,000","462,796,000","85,013,000","115,350,000","108,518,000","255,359,000","122,500,000","91,200,000","72,500,000","172,100,000","91,500,000","72,700,000","28,100,000","108,800,000","52,900,000","19,900,000","5,200,000","23,800,000","-3,200,000","19,600,000","13,000,000","44,300,000","42,600,000","19,200,000","16,400,000","54,600,000","38,000,000","17,700,000","11,700,000","39,600,000","20,800,000","13,100,000","3,600,000","19,000,000","9,800,000","4,600,000","2,500,000","8,800,000","5,000,000","3,700,000","1,300,000","6,400,000","3,600,000","2,400,000","-1,400,000","11,500,000","118,300,000","107,200,000","-390,800,000","172,000,000","117,200,000","111,800,000","-323,500,000","161,400,000","95,800,000","75,300,000","-153,300,000","88,600,000","43,100,000","37,000,000","-72,200,000","41,200,000","21,900,000"
NetNonOperatingInterestIncomeExpense,"-25,000,000","-6,000,000","-7,000,000","-6,000,000","-6,000,000","-9,000,000","-11,000,000","-15,000,000","-17,000,000","-14,000,000","-16,000,000","-16,000,000","-18,000,000","-20,000,000","-15,000,000","-19,000,000","-19,000,000","-18,000,000","-20,000,000","-18,000,000","-19,000,000","-18,000,000","-16,000,000","-18,000,000","-20,000,000","-20,000,000","-20,000,000","-20,000,000","-20,000,000","-22,000,000","-22,000,000","-23,000,000","-23,000,000","-23,000,000","-24,000,000","-26,000,000","-27,000,000","-18,000,000","-24,000,000","-33,000,000","-32,000,000","-37,000,000","-34,000,000","-31,000,000","-23,000,000","-20,000,000","-21,000,000","-23,000,000","-26,000,000","-23,000,000","-22,000,000","-23,000,000",,,,,,,,,,,,,,,,,,,,,,,,,,,,,,,,,,,,,,,,,,,,,,,,,,,,,,,,,,,,,,,,,,,,,,,,,,,,,,,,,,,,,,,,,,,,,,
	InterestIncomeNonOperating,,,,,,,,,,,,,,,,,,,,,,,,,,,,,,,,,,,,,,"13,000,000","6,000,000",,,,,,,,,,,,,,,,,,,,,,,,,,,,,,,,,,,,,,,,,,,,,,,,,,,,,,,,,,,,,,,,,,,,,,,,,,,,,,,,,,,,,,,,,,,,,,,,,,,,,,,,,,,
	InterestExpenseNonOperating,"25,000,000","6,000,000","7,000,000","6,000,000","6,000,000","9,000,000","11,000,000","15,000,000","17,000,000","14,000,000","16,000,000","16,000,000","18,000,000","20,000,000","15,000,000","19,000,000","19,000,000","18,000,000","20,000,000","18,000,000","19,000,000","18,000,000","16,000,000","18,000,000","20,000,000","20,000,000","20,000,000","20,000,000","20,000,000","22,000,000","22,000,000","23,000,000","23,000,000","23,000,000","24,000,000","26,000,000","27,000,000","31,000,000","30,000,000","33,000,000","32,000,000","37,000,000","34,000,000","31,000,000","23,000,000","20,000,000","21,000,000","23,000,000","26,000,000","23,000,000","22,000,000","23,000,000",,,,,,,,,,,,,,,,,,,,,,,,,,,,,,,,,,,,,,,,,,,,,,,,,,,,,,,,,,,,,,,,,,,,,,,,,,,,,,,,,,,,,,,,,,,,,,
OtherIncomeExpense,"44,000,000","-2,000,000","2,000,000","-1,000,000","45,000,000","-123,000,000","-106,000,000","8,000,000","5,000,000","14,000,000","17,000,000","-38,000,000","14,000,000","15,000,000","23,000,000","-4,000,000","-19,000,000","9,000,000","14,000,000","5,000,000","11,000,000","1,000,000","7,000,000","8,000,000","-21,000,000","-14,000,000","-5,000,000","5,000,000","-169,000,000","15,000,000","-1,000,000","5,000,000","3,000,000","-104,000,000","-19,000,000","12,000,000","-1,000,000","-36,000,000","-91,000,000","-121,000,000","-1,094,000,000","-74,000,000","4,000,000","10,000,000","-180,000,000","8,000,000","13,000,000","12,000,000","16,000,000","11,000,000","18,000,000","-43,000,000","-134,000,000","-108,000,000","9,000,000","-1,000,000","31,000,000","30,000,000","21,000,000","44,000,000",,,,,,,,,,,,,,,,,,,,,,,,,,,,,,,,"4,400,000",,,,,,,,,,,,,,,,,,,,,,,,,,,,,,,,,,,,,,,,,,,,,,,,,,,,,,
	GainOnSaleOfSecurity,"10,000,000","3,000,000","1,000,000","3,000,000","3,000,000","19,000,000","5,000,000","8,000,000","6,000,000","14,000,000","10,000,000","10,000,000","14,000,000","14,000,000","23,000,000","13,000,000","11,000,000","19,000,000","12,000,000","7,000,000","11,000,000","10,000,000","8,000,000","8,000,000","8,000,000","-1,000,000","3,000,000","4,000,000","9,000,000","3,000,000","8,000,000","10,000,000","6,000,000","11,000,000","12,000,000","19,000,000","5,000,000",,,,,,,,,,,,,,,,,,,,,,,,,,,,,,,,,,,,,,,,,,,,,,,,,,,,,,,,,,,,,,,,,,,,,,,,,,,,,,,,,,,,,,,,,,,,,,,,,,,,,,,,,,,,,
	EarningsFromEquityInterest,,,,,,,,,,,,,,,,,,,,,,,,,,,,,,,,,,,,,,,,,,,,,,,,,,,,,"2,000,000","6,000,000",,"-1,000,000","0","-2,000,000","-1,000,000",,,,,,,,,,,,,,,,,,,,,,,,,,,,,,,,,,,,,,,,,,,,,,,,,,,,,,,,,,,,,,,,,,,,,,,,,,,,,,,,,,,,,,,
	SpecialIncomeCharges,"34,000,000","-5,000,000","1,000,000","-4,000,000","42,000,000","-142,000,000","-111,000,000","0","-1,000,000","0","7,000,000","-48,000,000","0","1,000,000","0","-17,000,000","-30,000,000","-10,000,000","2,000,000","-2,000,000","0","-9,000,000","-1,000,000","0","-29,000,000","-13,000,000","-8,000,000","1,000,000","-178,000,000","12,000,000","-9,000,000","-5,000,000","-3,000,000","-115,000,000","-31,000,000","-7,000,000","-6,000,000","-36,000,000","-91,000,000","-121,000,000","-1,186,000,000","-74,000,000","4,000,000","10,000,000","-180,000,000","8,000,000","13,000,000","12,000,000","16,000,000","11,000,000","18,000,000","-43,000,000","-136,000,000","-114,000,000","9,000,000",,"31,000,000","32,000,000","22,000,000","44,000,000",,,,,,,,,,,,,,,,,,,,,,,,,,,,,,,,"4,400,000",,,,,,,,,,,,,,,,,,,,,,,,,,,,,,,,,,,,,,,,,,,,,,,,,,,,,,
		RestructuringAndMergernAcquisition,"-34,000,000","5,000,000","-1,000,000","4,000,000","-42,000,000","142,000,000","111,000,000","0","1,000,000","0","-7,000,000","48,000,000","0","-1,000,000","0","17,000,000","30,000,000","10,000,000","-2,000,000","2,000,000","0","9,000,000","1,000,000","0","29,000,000","13,000,000","8,000,000","-1,000,000","178,000,000","-12,000,000","9,000,000","5,000,000","3,000,000","115,000,000","31,000,000","7,000,000","6,000,000","36,000,000","91,000,000","127,000,000","-102,000,000","137,000,000","2,000,000","2,000,000","198,000,000","0","0","0","0","0","0","52,000,000",,,,,,,,,,,,,,,,,,,,,,,,,,,,,,,,,,,,,,,,,,,,,,,,,,,,,,,,,,,,,,,,,,,,,,,,,,,,,,,,,,,,,,,,,,,,,,
		ImpairmentOfCapitalAssets,,,,,,,,,,,,,,,,,,,,,,,,,,,,,,,,,,"0",,,,,,,,,,,,,,,"0","0",,,,,,,,,,,,,,,,,,,,,,,,,,,,,,,,,,,,,,,,,,,,,,,,,,,,,,,,,,,,,,,,,,,,,,,,,,,,,,,,,,,,,,,,,,,,,,,,
		OtherSpecialCharges,,,,,,,,,,,,,,,,,,,,,,,,,,,,,,,,,,,,,,,"-6,000,000","-6,000,000",,"-63,000,000","-6,000,000","-12,000,000","-18,000,000","-8,000,000","-13,000,000","-12,000,000","-16,000,000","-11,000,000","-18,000,000","-9,000,000",,,,,,,,,,,,,,,,,,,,,,,,,,,,,,,,,,,,,,,,,,,,,,,,,,,,,,,,,,,,,,,,,,,,,,,,,,,,,,,,,,,,,,,,,,,,,,
PretaxIncome,"3,024,000,000","800,000,000","664,000,000","794,000,000","766,000,000","1,043,000,000","555,000,000","561,000,000","218,000,000","967,000,000","389,000,000","307,000,000","330,000,000","972,000,000","330,000,000","329,000,000","257,000,000","873,000,000","342,000,000","310,000,000","292,000,000","873,000,000","304,000,000","279,000,000","360,000,000","750,000,000","213,000,000","272,000,000","75,000,000","806,000,000","176,000,000","225,000,000","180,000,000","456,000,000","79,000,000","406,000,000","146,000,000","-6,000,000","9,000,000","235,000,000","317,000,000","204,000,000","259,000,000","263,000,000","1,000,000,000","373,000,000","403,000,000","302,000,000","1,273,000,000","364,000,000","276,000,000","282,000,000","963,000,000","125,000,000","327,000,000","285,000,000","1,165,000,000","360,000,000","400,000,000","303,000,000","1,199,000,000","220,000,000","351,000,000","360,000,000","987,000,000","203,000,000","279,000,000","252,000,000","777,000,000","239,000,000","243,000,000","184,000,000","760,000,000","198,000,000","226,000,000","112,000,000","661,000,000","138,000,000","100,000,000","115,000,000","575,000,000","132,000,000","138,000,000","91,000,000","307,410,000","92,763,000","124,348,000","116,958,000","265,470,000","127,100,000","95,400,000","76,900,000","179,200,000","88,400,000","71,800,000","25,500,000","104,000,000","43,300,000","10,800,000","-4,300,000","13,900,000","-18,000,000","6,200,000","700,000","32,400,000","29,400,000","9,500,000","7,800,000","45,600,000","29,000,000","12,600,000","7,000,000","35,300,000","18,300,000","12,400,000","2,400,000","17,400,000","8,400,000","4,200,000","2,000,000","8,200,000","3,700,000","2,900,000","600,000","5,900,000","2,100,000","1,300,000","-2,000,000","10,500,000",,,,,,,,,,,,,,,,,
TaxProvision,"574,000,000","172,000,000","166,000,000","64,000,000","172,000,000","227,000,000","164,000,000","129,000,000","59,000,000","222,000,000","96,000,000","69,000,000","65,000,000","237,000,000","53,000,000","85,000,000","49,000,000","509,000,000","104,000,000","101,000,000","104,000,000","266,000,000","112,000,000","97,000,000","134,000,000","273,000,000","84,000,000","108,000,000","38,000,000","274,000,000","69,000,000","79,000,000","-281,000,000","145,000,000","35,000,000","169,000,000","49,000,000","-2,000,000","14,000,000","72,000,000","439,000,000","72,000,000","99,000,000","99,000,000","314,000,000","133,000,000","146,000,000","121,000,000","464,000,000","93,000,000","-119,000,000","126,000,000","378,000,000","68,000,000","122,000,000","106,000,000","429,000,000","129,000,000","144,000,000","113,000,000","435,000,000","70,000,000","121,000,000","126,000,000","343,000,000","65,000,000","91,000,000","82,000,000","255,000,000","91,000,000","93,000,000","70,000,000","291,000,000","76,000,000","86,000,000","43,000,000","256,000,000","53,000,000","38,000,000","45,000,000","225,000,000","52,000,000","53,000,000","36,000,000","117,740,000","35,500,000","47,600,000","44,800,000","101,700,000","48,700,000","36,400,000","29,600,000","69,000,000","34,000,000","27,700,000","9,800,000","39,900,000","16,900,000","4,200,000","-1,700,000","5,400,000","-7,000,000","2,400,000","300,000","12,600,000","11,600,000","3,800,000","3,100,000","17,400,000","11,300,000","5,000,000","2,800,000","13,900,000","7,100,000","4,800,000","900,000","6,600,000","3,200,000","1,600,000","800,000","3,100,000","1,400,000","1,100,000","200,000","2,300,000","800,000","500,000","-800,000","4,200,000",,,,,,,,,,,,,,,,,
EarningsFromEquityInterestNetOfTax,"4,000,000","-2,000,000","1,000,000","4,000,000","1,000,000",,,,,,,,,,,,,,,,,,,,,,,,,,,,,,,,,"-1,000,000","-2,000,000","-2,000,000","-2,000,000","-1,000,000","0","-1,000,000",,"0","0",,"1,000,000","0","0","0",,,,,,,,,,,,,,,,,,,,,,,,,,,,,,,,,,,,,,,,,,,,,,,,,,,,,,,,,,,,,,,,,,,,,,,,,,,,,,,,,,,,,,,,,,,,,,
NetIncomeCommonStockholders,"2,454,000,000","626,000,000","499,000,000","734,000,000","595,000,000","816,000,000","391,000,000","432,000,000","159,000,000","745,000,000","293,000,000","238,000,000","265,000,000","735,000,000","277,000,000","244,000,000","208,000,000","364,000,000","239,000,000","209,000,000","188,000,000","607,000,000","194,000,000","198,000,000","229,000,000","479,000,000","125,000,000","164,000,000","129,000,000","519,000,000","107,000,000","146,000,000","461,000,000","293,000,000","54,000,000","266,000,000","-81,000,000","-10,000,000","12,000,000","158,000,000","-1,698,000,000","154,000,000","177,000,000","136,000,000","651,000,000","217,000,000","254,000,000","155,000,000","779,000,000","227,000,000","158,000,000","153,000,000","570,000,000","52,000,000","202,000,000","179,000,000","737,000,000","228,000,000","250,000,000","192,000,000","763,000,000","150,000,000","230,000,000","234,000,000","644,000,000","138,000,000","188,000,000","170,000,000","572,000,000","148,000,000","150,000,000","114,000,000","469,000,000","122,000,000","141,000,000","-25,000,000","230,000,000","85,000,000","62,000,000","70,000,000","350,000,000","80,000,000","85,000,000","55,000,000","189,670,000","57,263,000","76,748,000","72,158,000","163,770,000","78,400,000","59,000,000","47,300,000","110,200,000","54,400,000","44,100,000","15,700,000","64,100,000","26,400,000","6,600,000","-2,600,000","8,500,000","-11,000,000","3,800,000","400,000","19,800,000","17,800,000","5,700,000","4,700,000","28,200,000","17,700,000","7,600,000","4,200,000","21,400,000","11,200,000","7,600,000","1,100,000","10,800,000","5,200,000","2,600,000","1,200,000","5,100,000","2,300,000","1,800,000","400,000","3,600,000","1,300,000","800,000","-1,200,000","6,300,000",,,,,,,,,,,,,,,,,
	NetIncome,"2,454,000,000","626,000,000","499,000,000","734,000,000","595,000,000","816,000,000","391,000,000","432,000,000","159,000,000","745,000,000","293,000,000","238,000,000","265,000,000","735,000,000","277,000,000","244,000,000","208,000,000","364,000,000","239,000,000","209,000,000","188,000,000","607,000,000","194,000,000","198,000,000","229,000,000","479,000,000","125,000,000","164,000,000","129,000,000","519,000,000","107,000,000","146,000,000","461,000,000","293,000,000","54,000,000","266,000,000","-81,000,000","-10,000,000","12,000,000","158,000,000","-1,698,000,000","154,000,000","177,000,000","136,000,000","651,000,000","217,000,000","254,000,000","155,000,000","779,000,000","227,000,000","158,000,000","153,000,000","570,000,000","52,000,000","202,000,000","179,000,000","737,000,000","228,000,000","250,000,000","192,000,000","763,000,000","150,000,000","230,000,000","234,000,000","644,000,000","138,000,000","188,000,000","170,000,000","572,000,000","148,000,000","150,000,000","114,000,000","469,000,000","122,000,000","141,000,000","-25,000,000","230,000,000","85,000,000","62,000,000","70,000,000","350,000,000","80,000,000","85,000,000","55,000,000","189,670,000","57,263,000","76,748,000","72,158,000","163,770,000","78,400,000","59,000,000","47,300,000","110,200,000","54,400,000","44,100,000","15,700,000","64,100,000","26,400,000","6,600,000","-2,600,000","8,500,000","-11,000,000","3,800,000","400,000","19,800,000","17,800,000","5,700,000","4,700,000","28,200,000","17,700,000","7,600,000","4,200,000","21,400,000","11,200,000","7,600,000","1,100,000","10,800,000","5,200,000","2,600,000","1,200,000","5,100,000","2,300,000","1,800,000","400,000","3,600,000","1,300,000","800,000","-1,200,000","6,300,000",,,,,,,,,,,,,,,,,
		NetIncomeIncludingNoncontrollingInterests,"2,454,000,000","626,000,000","499,000,000","734,000,000","595,000,000","816,000,000","391,000,000","432,000,000","159,000,000","745,000,000","293,000,000","238,000,000","265,000,000","735,000,000","277,000,000","244,000,000","208,000,000","364,000,000","239,000,000","209,000,000","188,000,000","607,000,000","194,000,000","198,000,000","229,000,000","479,000,000","125,000,000","164,000,000","129,000,000","520,000,000","107,000,000","147,000,000","461,000,000","294,000,000","54,000,000","248,000,000","-73,000,000","1,000,000","-7,000,000","152,000,000","-432,000,000","131,000,000","160,000,000","163,000,000","688,000,000","240,000,000","257,000,000","181,000,000","810,000,000","271,000,000","157,000,000","156,000,000","587,000,000","63,000,000","205,000,000","178,000,000","736,000,000","229,000,000","255,000,000","190,000,000","764,000,000","150,000,000","230,000,000","234,000,000","644,000,000","138,000,000","188,000,000","170,000,000","572,000,000","148,000,000","150,000,000","114,000,000","469,000,000","122,000,000","141,000,000","-25,000,000","230,000,000","85,000,000","62,000,000","70,000,000","350,000,000","80,000,000","85,000,000","55,000,000","189,670,000","57,263,000","76,748,000","72,158,000","163,770,000","78,400,000","59,000,000","47,300,000","110,200,000","54,400,000","44,100,000","15,700,000","64,100,000","26,400,000","6,600,000","-2,600,000","8,500,000","-11,000,000","3,800,000","400,000","19,800,000","17,800,000","5,700,000","4,700,000","28,200,000","17,700,000","7,600,000","4,200,000","21,400,000","11,200,000","7,600,000","1,100,000","10,800,000","5,200,000","2,600,000","1,200,000","5,100,000","2,300,000","1,800,000","400,000","3,600,000","1,300,000","800,000","-1,200,000","6,300,000","600,000","-1,200,000","-2,300,000","3,600,000","1,100,000","-200,000","-500,000","1,500,000","1,000,000","800,000","1,600,000","3,200,000","1,600,000","1,400,000","1,200,000","1,800,000","700,000"
			NetIncomeContinuousOperations,"2,454,000,000","626,000,000","499,000,000","734,000,000","595,000,000","816,000,000","391,000,000","432,000,000","159,000,000","745,000,000","293,000,000","238,000,000","265,000,000","735,000,000","277,000,000","244,000,000","208,000,000","364,000,000","238,000,000","209,000,000","188,000,000","607,000,000","192,000,000","182,000,000","226,000,000","477,000,000","129,000,000","164,000,000","37,000,000","532,000,000","107,000,000","146,000,000","461,000,000","311,000,000","44,000,000","237,000,000","97,000,000","-5,000,000","-7,000,000","161,000,000","-124,000,000","131,000,000","160,000,000","163,000,000","688,000,000","240,000,000","257,000,000","181,000,000","810,000,000","271,000,000","157,000,000","156,000,000","570,000,000","52,000,000","202,000,000","179,000,000","737,000,000","228,000,000","250,000,000","192,000,000","763,000,000","150,000,000","230,000,000","234,000,000","644,000,000","138,000,000","188,000,000","170,000,000","522,000,000","148,000,000","150,000,000","114,000,000","469,000,000","122,000,000","140,000,000","69,000,000","405,000,000","85,000,000","62,000,000","70,000,000","350,000,000","80,000,000","85,000,000","55,000,000","189,670,000","57,263,000","76,748,000","72,158,000","163,770,000","78,400,000","59,000,000","47,300,000","110,200,000","54,400,000","44,100,000","15,700,000","64,100,000","26,400,000","6,600,000","-2,600,000","8,500,000","-11,000,000","3,800,000","400,000","19,800,000","17,800,000","5,700,000","4,700,000","28,200,000","17,700,000","7,600,000","4,200,000","21,400,000","11,200,000","7,600,000","1,500,000","10,800,000","5,200,000","2,600,000","1,200,000","5,100,000","2,300,000","1,800,000","400,000","3,600,000","1,300,000","800,000","-1,200,000","6,300,000","600,000","-1,200,000","-2,300,000","3,600,000","1,100,000","-200,000","-500,000","1,500,000","1,000,000","800,000","1,600,000","3,200,000","1,600,000","1,400,000","1,200,000","1,800,000","700,000"
			NetIncomeDiscontinuousOperations,,,,,,,,,,,,,,"0","0",,,"0","1,000,000","0","0","0","2,000,000","16,000,000","3,000,000","2,000,000","-4,000,000","0","92,000,000","-12,000,000","0","1,000,000","0","-17,000,000","10,000,000","11,000,000","-170,000,000","6,000,000","0","-9,000,000",,,,,,,,,,,,,,,,,,,,,,,,,,,,,,,,,"0",,"1,000,000","-94,000,000",,,,,,,,,,,,,,,,,,,,,,,,,,,,,,,,,,,,,,,,,,,,,,,,,,,,,,,,,,,,,,,,,,,,,,
			NetIncomeExtraordinary,,,,,,,,,,,,,,,,,,,,,,,,,,,,,,,,,,,,,,,,,,,,,,,,,,,,,,,,,,,,,,,,,,,,,,,,,,,,,"266,000,000",,,,,,,,,,,,,,,,,,,,,,,,,,,,,,,,,,,,"0",,,"-400,000",,,,,,,,,,,,,,,,,,,,,,,,,,,,,,
		MinorityInterests,,,,,,,,,,,,,,,,,,,,,,,,,,"0","0","0",,"-1,000,000","0","-1,000,000","0","-1,000,000","0","18,000,000","-8,000,000","-11,000,000","19,000,000","6,000,000","-1,266,000,000","23,000,000","17,000,000","-27,000,000","-37,000,000","-23,000,000","-3,000,000","-26,000,000","-31,000,000","-44,000,000","1,000,000","-3,000,000","-17,000,000","-11,000,000","-3,000,000","1,000,000","1,000,000","-1,000,000","-5,000,000","2,000,000",,,,,,,,,,,,,,,,,,,,,,,,,,,,,,,,,,,,,,,,,,,,,,,,,,,,,,,,,,,,,,,,,,,,,,,,,,,,,,,,,,,,,,
DilutedNIAvailtoComStockholders,"2,454,000,000","626,000,000","499,000,000","734,000,000","595,000,000","816,000,000","391,000,000","432,000,000","159,000,000","745,000,000","293,000,000","238,000,000","265,000,000","735,000,000","277,000,000","244,000,000","208,000,000","364,000,000","239,000,000","209,000,000","188,000,000","607,000,000","194,000,000","198,000,000","229,000,000","479,000,000","125,000,000","164,000,000","129,000,000","519,000,000","107,000,000","146,000,000","461,000,000","293,000,000","54,000,000","266,000,000","-81,000,000","-10,000,000","12,000,000","158,000,000","-1,698,000,000","154,000,000","177,000,000","136,000,000","651,000,000","217,000,000","254,000,000","155,000,000","779,000,000","227,000,000","158,000,000","153,000,000","570,000,000","52,000,000","202,000,000","179,000,000","737,000,000","228,000,000","250,000,000","192,000,000","763,000,000","150,000,000","230,000,000","234,000,000","644,000,000","138,000,000","188,000,000","170,000,000","572,000,000","148,000,000","150,000,000","114,000,000","469,000,000","122,000,000","141,000,000","-25,000,000","230,000,000","85,000,000","62,000,000","70,000,000","350,000,000","80,000,000","85,000,000","55,000,000","189,670,000","57,263,000","76,748,000","72,158,000","163,770,000","78,400,000","59,000,000","47,300,000","110,200,000","54,400,000","44,100,000","15,700,000","64,100,000","26,400,000","6,600,000","-2,600,000","8,500,000","-11,000,000","3,800,000","400,000","19,800,000","17,800,000","5,700,000","4,700,000","28,200,000","17,700,000","7,600,000","4,200,000","21,400,000","11,200,000","7,600,000","1,100,000","10,800,000","5,200,000","2,600,000","1,200,000","5,100,000","2,300,000","1,800,000","400,000","3,600,000","1,300,000","800,000","-1,200,000","6,300,000",,,,,,,,,,,,,,,,,
BasicEPS,,"2.65","2.02","2.93","2.35","3.15","1.5","1.67","0.61","2.87","1.11","0.89","0.99","2.73","1.01","0.88","0.74","1.26","0.8","0.69","0.61","1.94","0.61","0.62","0.71","1.41","0.36","0.47","0.37","1.48","0.3","0.42","1.33","0.85","0.16","0.78","-0.24","-0.03","0.04","0.46",,"0.43","0.48","0.35",,"0.55","0.61","0.37",,"0.54","0.38","0.37",,"0.13","0.49","0.44",,"0.55","0.56","0.4",,"0.31","0.48","0.48",,"0.28","0.38","0.347",,"0.3","0.307","0.233",,"0.253","0.287","-0.053",,"0.173","0.127","0.147",,"0.169","0.178","0.116",,"0.125","0.165","0.156",,"0.169","0.129","0.102",,"0.12","0.098","0.036",,"0.067","0.018","-0.009",,"-0.031","0.009","0.004",,"0.049","0.018","0.013",,"0.049","0.022","0.013",,"0.031","0.022","0.004",,"0.018","0.009","0.004",,"0.013","0.009","0.004",,"0.009","0.004","-0.009","0.031","0.004","-0.009",,"0.018","0.009","-0.004",,"0.009","0.004","0.004",,"0.018","0.009","0.009",,"0.013","0.004"
DilutedEPS,,"2.62","2","2.9","2.32","3.1","1.48","1.65","0.61","2.84","1.1","0.89","0.98","2.69","0.99","0.86","0.72","1.23","0.78","0.67","0.6","1.91","0.61","0.61","0.7","1.4","0.36","0.46","0.36","1.46","0.3","0.42","1.31","0.83","0.16","0.77","-0.24","-0.03","0.04","0.46",,"0.42","0.47","0.35",,"0.54","0.6","0.36",,"0.53","0.37","0.36",,"0.13","0.48","0.43",,"0.53","0.55","0.39",,"0.31","0.47","0.47",,"0.28","0.37","0.34",,"0.3","0.307","0.227",,"0.247","0.28","-0.053",,"0.173","0.127","0.147",,"0.165","0.174","0.116",,"0.12","0.16","0.151",,"0.165","0.125","0.098",,"0.116","0.093","0.036",,"0.067","0.018","-0.009",,"-0.031","0.009","0.004",,"0.049","0.018","0.013",,"0.049","0.022","0.013",,"0.031","0.022","0.004",,"0.018","0.009","0.004",,"0.013","0.009","0.004",,"0.009","0.004","-0.009","0.031","0.004","-0.009",,"0.018","0.009","-0.004",,"0.009","0.004","0.004",,"0.018","0.009","0.009",,"0.013","0.004"
BasicAverageShares,,"236,600,000","246,400,000","250,200,000","253,100,000","259,400,000","259,800,000","259,500,000","258,300,000","259,700,000","263,200,000","267,100,000","267,600,000","269,000,000","274,300,000","279,000,000","282,600,000","289,900,000","299,100,000","304,100,000","309,200,000","313,300,000","316,200,000","320,800,000","323,600,000","339,300,000","344,700,000","349,600,000","352,400,000","351,200,000","350,100,000","349,300,000","347,400,000","346,300,000","342,800,000","340,400,000","339,000,000","337,200,000","338,200,000","342,200,000",,"359,700,000","371,900,000","387,700,000",,"397,100,000","413,500,000","420,300,000",,"417,100,000","416,500,000","415,200,000",,"412,900,000","412,100,000","411,400,000",,"418,700,000","444,100,000","478,800,000",,"481,000,000","482,000,000","484,600,000",,"491,100,000","491,200,000","491,004,498",,"488,755,622","486,956,522","486,806,597",,"486,056,972","484,107,946","483,000,000",,"482,250,000","481,950,000","479,760,120",,"474,500,381","473,151,730","469,330,552",,"466,819,814","465,543,090","458,615,520",,"463,746,170","457,300,532","462,257,144",,"452,880,453","450,570,109","441,122,756",,"395,606,372","370,869,858","292,200,494",,"353,220,731","427,062,261","388,116,000",,"363,725,530","320,296,696","352,139,057",,"361,682,128","341,665,168","314,677,456",,"359,642,926","341,665,168","370,986,921",,"292,200,494","292,200,494","269,723,533",,"164,831,048","202,292,650","223,858,085",,"223,354,589","179,815,689","223,318,625","202,299,146","222,815,129","222,815,129",,"222,815,129","221,736,208","222,761,183",,"221,736,208","222,797,147","222,689,255",,"222,473,471","222,473,471","217,402,543",,"166,927,031","166,927,031"
DilutedAverageShares,,"239,000,000","249,100,000","252,800,000","256,700,000","263,200,000","263,700,000","262,100,000","260,400,000","262,400,000","265,200,000","269,400,000","271,500,000","273,400,000","279,300,000","283,700,000","288,300,000","296,700,000","305,400,000","310,800,000","315,000,000","318,300,000","320,000,000","322,900,000","326,700,000","342,300,000","349,000,000","353,900,000","357,600,000","356,200,000","354,000,000","352,200,000","350,400,000","352,600,000","348,900,000","344,400,000","341,000,000","337,200,000","338,600,000","342,800,000",,"368,800,000","381,400,000","397,200,000",,"407,800,000","423,600,000","431,700,000",,"428,600,000","427,000,000","425,700,000",,"422,600,000","423,300,000","423,400,000",,"430,800,000","456,200,000","491,500,000",,"495,800,000","496,500,000","500,800,000",,"507,200,000","509,100,000","504,947,526",,"497,601,199","493,703,148","494,452,774",,"495,502,249","491,454,273","487,800,000",,"486,150,000","486,750,000","489,205,397",,"482,817,063","483,716,163","479,670,210",,"478,786,844","479,975,904","475,446,685",,"476,280,155","473,633,087","483,264,539",,"470,299,384","472,026,288","441,122,756",,"395,606,372","370,869,858","292,200,494",,"353,220,731","427,062,261","388,116,000",,"363,725,530","320,296,696","352,139,057",,"361,682,128","341,665,168","314,677,456",,"359,642,926","341,665,168","370,986,921",,"292,200,494","292,200,494","269,723,533",,"164,831,048","202,292,650","223,858,085",,"223,354,589","179,815,689","223,318,625","202,299,146","222,815,129","222,815,129",,"222,815,129","221,736,208","222,761,183",,"221,736,208","222,797,147","222,689,255",,"222,473,471","222,473,471","217,402,543",,"166,927,031","166,927,031"
TotalOperatingIncomeAsReported,"3,039,000,000","803,000,000","670,000,000","797,000,000","769,000,000","1,033,000,000","561,000,000","568,000,000","229,000,000","967,000,000","395,000,000","313,000,000","334,000,000","978,000,000","322,000,000","335,000,000","265,000,000","872,000,000","350,000,000","321,000,000","300,000,000","881,000,000","312,000,000","289,000,000","372,000,000","771,000,000","230,000,000","288,000,000","86,000,000","825,000,000","190,000,000","238,000,000","197,000,000","468,000,000","91,000,000","413,000,000","168,000,000","12,000,000","33,000,000","262,000,000","338,000,000","178,000,000","287,000,000","282,000,000","1,005,000,000","385,000,000","411,000,000","313,000,000","1,283,000,000","376,000,000","280,000,000","296,000,000","980,000,000","274,000,000","339,000,000","277,000,000","1,143,000,000","351,000,000","401,000,000","266,000,000","1,136,000,000","196,000,000","330,000,000","337,000,000","955,000,000","189,000,000","261,000,000","239,000,000","783,000,000","233,000,000","242,000,000","184,000,000","759,000,000","202,000,000","229,000,000","114,000,000","653,000,000","139,000,000","103,000,000","115,000,000","570,000,000","129,000,000","148,000,000","90,000,000","295,427,000","85,013,000","115,350,000","108,518,000","255,359,000","122,500,000","91,200,000","72,500,000","172,100,000","91,500,000","72,700,000","28,100,000","108,800,000","52,900,000","19,900,000","5,200,000","23,800,000","-3,200,000","19,600,000","13,000,000","44,300,000","42,600,000","19,200,000","16,400,000","54,600,000","38,000,000","17,700,000","11,700,000","39,600,000","20,800,000","13,100,000","3,600,000","19,000,000","9,800,000","4,600,000","2,500,000","8,800,000","5,000,000","3,700,000","1,300,000","6,400,000","3,600,000","2,400,000","-1,400,000","11,500,000",,,,,,,,,,,,,,,,,
TotalExpenses,"48,756,000,000","15,557,000,000","11,241,000,000","11,048,000,000","10,910,000,000","15,762,000,000","11,181,000,000","9,342,000,000","8,332,000,000","14,229,000,000","9,376,000,000","9,175,000,000","8,808,000,000","13,824,000,000","9,268,000,000","9,027,000,000","8,814,000,000","14,481,000,000","8,972,000,000","8,617,000,000","8,228,000,000","12,592,000,000","8,632,000,000","8,244,000,000","8,042,000,000","12,839,000,000","8,581,000,000","8,241,000,000","8,294,000,000","12,215,000,000","9,181,000,000","8,653,000,000","8,835,000,000","13,785,000,000","9,240,000,000","8,880,000,000","9,206,000,000","10,705,000,000","10,423,000,000","11,221,000,000","14,876,000,000","11,784,000,000","11,058,000,000","10,656,000,000","15,053,000,000","11,505,000,000","10,928,000,000","10,474,000,000","15,270,000,000","11,648,000,000","10,742,000,000","9,747,000,000","13,666,000,000","11,226,000,000","9,462,000,000","8,713,000,000","12,275,000,000","9,577,000,000","8,349,000,000","7,661,000,000","11,763,000,000","8,277,000,000","7,273,000,000","6,622,000,000","9,738,000,000","7,146,000,000","6,441,000,000","5,879,000,000","8,444,000,000","6,413,000,000","5,838,000,000","5,291,000,000","7,690,000,000","5,832,000,000","5,167,000,000","4,554,000,000","5,194,000,000","5,366,000,000","4,905,000,000","4,471,000,000","6,410,000,000","4,627,000,000","4,016,000,000","3,607,000,000","4,998,787,000","3,647,067,000","3,053,821,000","2,855,200,000","4,059,264,000","2,984,800,000","2,597,000,000","2,313,700,000","3,286,200,000","2,402,300,000","2,109,400,000","1,915,600,000","2,743,300,000","2,053,500,000","1,773,300,000","1,601,400,000","2,323,800,000","2,010,500,000","1,759,000,000","1,624,200,000","2,531,200,000","1,886,700,000","1,418,700,000","1,258,300,000","1,892,600,000","1,311,900,000","915,500,000","837,700,000","1,153,500,000","787,700,000","549,900,000","438,300,000","594,600,000","464,600,000","280,800,000","244,000,000","331,100,000","225,600,000","189,900,000","164,300,000","209,300,000","167,200,000","149,800,000","127,500,000","186,800,000",,,,,,,,,,,,,,,,,
NetIncomeFromContinuingAndDiscontinuedOperation,"2,454,000,000","626,000,000","499,000,000","734,000,000","595,000,000","816,000,000","391,000,000","432,000,000","159,000,000","745,000,000","293,000,000","238,000,000","265,000,000","735,000,000","277,000,000","244,000,000","208,000,000","364,000,000","239,000,000","209,000,000","188,000,000","607,000,000","194,000,000","198,000,000","229,000,000","479,000,000","125,000,000","164,000,000","129,000,000","519,000,000","107,000,000","146,000,000","461,000,000","293,000,000","54,000,000","266,000,000","-81,000,000","-10,000,000","12,000,000","158,000,000","-1,698,000,000","154,000,000","177,000,000","136,000,000","651,000,000","217,000,000","254,000,000","155,000,000","779,000,000","227,000,000","158,000,000","153,000,000","570,000,000","52,000,000","202,000,000","179,000,000","737,000,000","228,000,000","250,000,000","192,000,000","763,000,000","150,000,000","230,000,000","234,000,000","644,000,000","138,000,000","188,000,000","170,000,000","572,000,000","148,000,000","150,000,000","114,000,000","469,000,000","122,000,000","141,000,000","-25,000,000","-36,000,000","85,000,000","62,000,000","70,000,000","350,000,000","80,000,000","85,000,000","55,000,000","189,670,000","57,263,000","76,748,000","72,158,000","163,770,000","78,400,000","59,000,000","47,300,000","110,200,000","54,400,000","44,100,000","15,700,000","64,100,000","26,400,000","6,600,000","-2,600,000","8,500,000","-11,000,000","3,800,000","400,000","19,800,000","17,800,000","5,700,000","4,700,000","28,200,000","17,700,000","7,600,000","4,200,000","21,400,000","11,200,000","7,600,000","1,500,000","10,800,000","5,200,000","2,600,000","1,200,000","5,100,000","2,300,000","1,800,000","400,000","3,600,000","1,300,000","800,000","-1,200,000","6,300,000",,,,,,,,,,,,,,,,,
NormalizedIncome,"2,418,360,000","627,570,000","497,502,000","734,920,000","560,080,000","912,230,105.465","465,624,000","425,832,000","155,370,000","734,214,064.116","280,216,000","267,526,000","253,772,000","723,657,407.407","257,703,000","246,972,000","223,352,000","357,430,000","228,256,000","205,630,000","180,916,000","606,304,696.449","187,569,000","176,784,000","239,167,000","485,904,000","132,030,000","160,990,000","138,400,000","521,099,255.583","107,606,000","141,745,000","459,050,000","380,929,824.561","56,350,000","247,200,000","89,666,000","7,508,000","71,150,000","250,974,000","-678,900,000","201,882,352.941","174,528,957.529","129,764,258.555","774,480,000","211,852,546.917","245,709,677.419","147,800,000","768,831,893.166","218,810,439.56","146,300,000","180,950,000","652,616,822.43","126,100,000","196,357,798.165","179,000,000","717,415,450.644","207,466,666.667","235,920,000","164,409,240.924","763,000,000","150,000,000","230,000,000","234,000,000","644,000,000","138,000,000","188,000,000","170,000,000","522,000,000","148,000,000","150,000,000","114,000,000","469,000,000","122,000,000","140,000,000","69,000,000","405,000,000","85,000,000","62,000,000","70,000,000","350,000,000","80,000,000","85,000,000","55,000,000","189,670,000","57,263,000","76,748,000","72,158,000","163,770,000","78,400,000","59,000,000","44,593,628.088","110,200,000","54,400,000","44,100,000","15,700,000","64,100,000","26,400,000","6,600,000","-2,600,000","8,500,000","-11,000,000","3,800,000","400,000","19,800,000","17,800,000","5,700,000","4,700,000","28,200,000","17,700,000","7,600,000","4,200,000","21,400,000","11,200,000","7,600,000","1,500,000","10,800,000","5,200,000","2,600,000","1,200,000","5,100,000","2,300,000","1,800,000","400,000","3,600,000","1,300,000","800,000","-1,200,000","6,300,000",,,,,,,,,,,,,,,,,
InterestIncome,,,,,,,,,,,,,,,,,,,,,,,,,,,,,,,,,,,,,,"13,000,000","6,000,000",,,,,,,,,,,,,,,,,,,,,,,,,,,,,,,,,,,,,,,,,,,,,,,,,,,,,,,,,,,,,,,,,,,,,,,,,,,,,,,,,,,,,,,,,,,,,,,,,,,,,,,,,,,
InterestExpense,"25,000,000","6,000,000","7,000,000","6,000,000","6,000,000","9,000,000","11,000,000","15,000,000","17,000,000","14,000,000","16,000,000","16,000,000","18,000,000","20,000,000","15,000,000","19,000,000","19,000,000","18,000,000","20,000,000","18,000,000","19,000,000","18,000,000","16,000,000","18,000,000","20,000,000","20,000,000","20,000,000","20,000,000","20,000,000","22,000,000","22,000,000","23,000,000","23,000,000","23,000,000","24,000,000","26,000,000","27,000,000","31,000,000","30,000,000","33,000,000","32,000,000","37,000,000","34,000,000","31,000,000","23,000,000","20,000,000","21,000,000","23,000,000","26,000,000","23,000,000","22,000,000","23,000,000",,,,,,,,,,,,,,,,,,,,,,,,,,,,,,,,,,,,,,,,,,,,,,,,,,,,,,,,,,,,,,,,,,,,,,,,,,,,,,,,,,,,,,,,,,,,,,
NetInterestIncome,"-25,000,000","-6,000,000","-7,000,000","-6,000,000","-6,000,000","-9,000,000","-11,000,000","-15,000,000","-17,000,000","-14,000,000","-16,000,000","-16,000,000","-18,000,000","-20,000,000","-15,000,000","-19,000,000","-19,000,000","-18,000,000","-20,000,000","-18,000,000","-19,000,000","-18,000,000","-16,000,000","-18,000,000","-20,000,000","-20,000,000","-20,000,000","-20,000,000","-20,000,000","-22,000,000","-22,000,000","-23,000,000","-23,000,000","-23,000,000","-24,000,000","-26,000,000","-27,000,000","-18,000,000","-24,000,000","-33,000,000","-32,000,000","-37,000,000","-34,000,000","-31,000,000","-23,000,000","-20,000,000","-21,000,000","-23,000,000","-26,000,000","-23,000,000","-22,000,000","-23,000,000",,,,,,,,,,,,,,,,,,,,,,,,,,,,,,,,,,,,,,,,,,,,,,,,,,,,,,,,,,,,,,,,,,,,,,,,,,,,,,,,,,,,,,,,,,,,,,
EBIT,"3,049,000,000","806,000,000","671,000,000","800,000,000","772,000,000","1,052,000,000","566,000,000","576,000,000","235,000,000","981,000,000","405,000,000","323,000,000","348,000,000","992,000,000","345,000,000","348,000,000","276,000,000","891,000,000","362,000,000","328,000,000","311,000,000","891,000,000","320,000,000","297,000,000","380,000,000","770,000,000","233,000,000","292,000,000","95,000,000","828,000,000","198,000,000","248,000,000","203,000,000","479,000,000","103,000,000","432,000,000","173,000,000","25,000,000","39,000,000","268,000,000","349,000,000","241,000,000","293,000,000","294,000,000","1,023,000,000","393,000,000","424,000,000","325,000,000","1,299,000,000","387,000,000","298,000,000","305,000,000","1,058,000,000","274,000,000","339,000,000","277,000,000","1,143,000,000","351,000,000","401,000,000","266,000,000","1,136,000,000","196,000,000","330,000,000","337,000,000","955,000,000","189,000,000","261,000,000","239,000,000","783,000,000","233,000,000","242,000,000","184,000,000","759,000,000","202,000,000","229,000,000","114,000,000","653,000,000","139,000,000","103,000,000","115,000,000","570,000,000","129,000,000","148,000,000","90,000,000","462,796,000","85,013,000","115,350,000","108,518,000","255,359,000","122,500,000","91,200,000","72,500,000","172,100,000","91,500,000","72,700,000","28,100,000","108,800,000","52,900,000","19,900,000","5,200,000","23,800,000","-3,200,000","19,600,000","13,000,000","44,300,000","42,600,000","19,200,000","16,400,000","54,600,000","38,000,000","17,700,000","11,700,000","39,600,000","20,800,000","13,100,000","3,600,000","19,000,000","9,800,000","4,600,000","2,500,000","8,800,000","5,000,000","3,700,000","1,300,000","6,400,000","3,600,000","2,400,000","-1,400,000","11,500,000","118,300,000","107,200,000","-390,800,000","172,000,000","117,200,000","111,800,000","-323,500,000","161,400,000","95,800,000","75,300,000","-153,300,000","88,600,000","43,100,000","37,000,000","-72,200,000","41,200,000","21,900,000"
EBITDA,"3,918,000,000"
ReconciledCostOfRevenue,"40,121,000,000","13,052,000,000","9,108,000,000","9,039,000,000","8,922,000,000","13,394,000,000","9,058,000,000","7,640,000,000","6,597,000,000","11,961,000,000","7,403,000,000","7,253,000,000","6,973,000,000","11,518,000,000","7,266,000,000","7,150,000,000","6,984,000,000","11,942,000,000","7,040,000,000","6,787,000,000","6,506,000,000","10,452,000,000","6,742,000,000","6,471,000,000","6,298,000,000","10,672,000,000","6,707,000,000","6,430,000,000","6,528,000,000","10,184,000,000","7,252,000,000","6,841,000,000","7,015,000,000","11,487,000,000","7,192,000,000","6,831,000,000","7,210,000,000","8,167,000,000","7,983,000,000","8,703,000,000","12,317,000,000","9,168,000,000","8,475,000,000","8,172,000,000","12,313,000,000","8,907,000,000","8,421,000,000","7,994,000,000","12,576,000,000","9,082,000,000","8,338,000,000","7,538,000,000","11,101,000,000","8,639,000,000","7,420,000,000","6,857,000,000","10,240,000,000","7,591,000,000","6,611,000,000","6,035,000,000","9,792,000,000","6,478,000,000","5,701,000,000","5,194,000,000","8,024,000,000","5,547,000,000","4,991,000,000","4,560,000,000","7,304,000,000","5,015,000,000","4,528,000,000","4,086,000,000","6,307,000,000","4,536,000,000","4,024,000,000","3,483,000,000","3,992,000,000","4,318,000,000","3,879,000,000","3,521,000,000","5,372,000,000","3,728,000,000","3,216,000,000","2,851,000,000","4,295,464,000","2,998,542,000","2,481,741,000","2,324,343,000","3,465,653,000","2,492,000,000","2,133,600,000","1,899,800,000","2,818,600,000","2,028,200,000","1,753,100,000","1,571,800,000","2,378,900,000","1,751,200,000","1,486,100,000","1,341,600,000","2,005,600,000","1,741,800,000","1,510,100,000","1,387,500,000","2,246,200,000","1,672,100,000","1,228,100,000","1,079,600,000","1,680,000,000","1,155,800,000","792,500,000","722,300,000","1,018,700,000","681,700,000","463,900,000","363,000,000","506,000,000","392,600,000","228,300,000","194,200,000","276,400,000","183,500,000","150,900,000","127,900,000","169,400,000","132,100,000","116,300,000","97,500,000","151,800,000",,,,,,,,,,,,,,,,,
ReconciledDepreciation,"869,000,000","225,000,000","214,000,000","214,000,000","216,000,000","211,000,000","214,000,000","207,000,000","207,000,000","205,000,000","206,000,000","201,000,000","200,000,000","220,000,000","192,000,000","182,000,000","176,000,000","183,000,000","171,000,000","168,000,000","161,000,000","163,000,000","164,000,000","165,000,000","162,000,000","163,000,000","168,000,000","163,000,000","163,000,000","172,000,000","165,000,000","158,000,000","161,000,000","166,000,000","163,000,000","177,000,000","210,000,000","222,000,000","228,000,000","237,000,000","239,000,000","231,000,000","239,000,000","236,000,000","247,000,000","250,000,000","238,000,000","243,000,000","246,000,000","231,000,000","232,000,000","217,000,000","231,000,000","250,000,000","159,000,000","153,000,000","161,000,000","140,000,000","144,000,000","135,000,000","140,000,000","123,000,000","125,000,000","121,000,000","123,000,000","111,000,000","113,000,000","109,000,000","147,000,000","106,000,000","103,000,000","103,000,000","102,000,000","93,000,000","92,000,000","98,000,000","45,000,000","94,000,000","86,000,000","85,000,000","98,000,000","77,000,000","67,000,000","67,000,000","50,405,000","44,497,000","38,685,000","33,782,000","38,441,000","25,000,000","22,500,000","23,600,000","22,000,000","20,100,000","18,700,000","17,600,000","15,700,000","17,300,000","18,200,000","17,100,000","16,100,000","16,800,000","16,900,000","17,000,000","14,600,000","14,300,000","13,200,000","12,800,000","11,600,000","10,400,000","8,500,000","8,100,000","7,300,000","5,700,000","4,900,000","4,500,000","4,800,000","4,000,000","3,000,000","3,000,000","3,000,000","2,500,000","2,300,000","2,200,000","2,200,000","2,000,000","1,900,000","1,700,000","1,600,000",,,,,,,,,,,,,,,,,
NetIncomeFromContinuingOperationNetMinorityInterest,"2,454,000,000","626,000,000","499,000,000","734,000,000","595,000,000","816,000,000","391,000,000","432,000,000","159,000,000","745,000,000","293,000,000","238,000,000","265,000,000","735,000,000","277,000,000","244,000,000","208,000,000","364,000,000","238,000,000","209,000,000","188,000,000","607,000,000","192,000,000","182,000,000","226,000,000","477,000,000","129,000,000","164,000,000","37,000,000","531,000,000","107,000,000","145,000,000","461,000,000","310,000,000","44,000,000","255,000,000","89,000,000","-16,000,000","12,000,000","167,000,000","-1,390,000,000","154,000,000","177,000,000","136,000,000","651,000,000","217,000,000","254,000,000","155,000,000","779,000,000","227,000,000","158,000,000","153,000,000","570,000,000","52,000,000","202,000,000","179,000,000","737,000,000","228,000,000","250,000,000","192,000,000","763,000,000","150,000,000","230,000,000","234,000,000","644,000,000","138,000,000","188,000,000","170,000,000","522,000,000","148,000,000","150,000,000","114,000,000","469,000,000","122,000,000","140,000,000","69,000,000","405,000,000","85,000,000","62,000,000","70,000,000","350,000,000","80,000,000","85,000,000","55,000,000","189,670,000","57,263,000","76,748,000","72,158,000","163,770,000","78,400,000","59,000,000","47,300,000","110,200,000","54,400,000","44,100,000","15,700,000","64,100,000","26,400,000","6,600,000","-2,600,000","8,500,000","-11,000,000","3,800,000","400,000","19,800,000","17,800,000","5,700,000","4,700,000","28,200,000","17,700,000","7,600,000","4,200,000","21,400,000","11,200,000","7,600,000","1,500,000","10,800,000","5,200,000","2,600,000","1,200,000","5,100,000","2,300,000","1,800,000","400,000","3,600,000","1,300,000","800,000","-1,200,000","6,300,000",,,,,,,,,,,,,,,,,
TotalUnusualItemsExcludingGoodwill,"44,000,000","-2,000,000","2,000,000","-1,000,000","45,000,000","-123,000,000","-106,000,000","8,000,000","5,000,000","14,000,000","17,000,000","-38,000,000","14,000,000","15,000,000","23,000,000","-4,000,000","-19,000,000","9,000,000","14,000,000","5,000,000","11,000,000","1,000,000","7,000,000","8,000,000","-21,000,000","-14,000,000","-5,000,000","5,000,000","-169,000,000","15,000,000","-1,000,000","5,000,000","3,000,000","-104,000,000","-19,000,000","12,000,000","-1,000,000","-36,000,000","-91,000,000","-121,000,000","-1,094,000,000","-74,000,000","4,000,000","10,000,000","-180,000,000","8,000,000","13,000,000","12,000,000","16,000,000","11,000,000","18,000,000","-43,000,000","-136,000,000","-114,000,000","9,000,000",,"31,000,000","32,000,000","22,000,000","44,000,000",,,,,,,,,,,,,,,,,,,,,,,,,,,,,,,,"4,400,000",,,,,,,,,,,,,,,,,,,,,,,,,,,,,,,,,,,,,,,,,,,,,,,,,,,,,,
TotalUnusualItems,"44,000,000","-2,000,000","2,000,000","-1,000,000","45,000,000","-123,000,000","-106,000,000","8,000,000","5,000,000","14,000,000","17,000,000","-38,000,000","14,000,000","15,000,000","23,000,000","-4,000,000","-19,000,000","9,000,000","14,000,000","5,000,000","11,000,000","1,000,000","7,000,000","8,000,000","-21,000,000","-14,000,000","-5,000,000","5,000,000","-169,000,000","15,000,000","-1,000,000","5,000,000","3,000,000","-104,000,000","-19,000,000","12,000,000","-1,000,000","-36,000,000","-91,000,000","-121,000,000","-1,094,000,000","-74,000,000","4,000,000","10,000,000","-180,000,000","8,000,000","13,000,000","12,000,000","16,000,000","11,000,000","18,000,000","-43,000,000","-136,000,000","-114,000,000","9,000,000",,"31,000,000","32,000,000","22,000,000","44,000,000",,,,,,,,,,,,,,,,,,,,,,,,,,,,,,,,"4,400,000",,,,,,,,,,,,,,,,,,,,,,,,,,,,,,,,,,,,,,,,,,,,,,,,,,,,,,
NormalizedEBITDA,"3,874,000,000","1,033,000,000","883,000,000","1,015,000,000","943,000,000","1,386,000,000","886,000,000","775,000,000","437,000,000","1,172,000,000","594,000,000","562,000,000","534,000,000","1,197,000,000","514,000,000","534,000,000","471,000,000","1,065,000,000","519,000,000","491,000,000","461,000,000","1,053,000,000","477,000,000","454,000,000","563,000,000","947,000,000","406,000,000","450,000,000","427,000,000","985,000,000","364,000,000","401,000,000","361,000,000","749,000,000","285,000,000","597,000,000","384,000,000","283,000,000","358,000,000","626,000,000","1,682,000,000","546,000,000","528,000,000","520,000,000","1,450,000,000","635,000,000","649,000,000","556,000,000","1,529,000,000","607,000,000","512,000,000","565,000,000","1,425,000,000","638,000,000","489,000,000","430,000,000","1,273,000,000","459,000,000","523,000,000","357,000,000","1,276,000,000","319,000,000","455,000,000","458,000,000","1,078,000,000","300,000,000","374,000,000","348,000,000","930,000,000","339,000,000","345,000,000","287,000,000","861,000,000","295,000,000","321,000,000","212,000,000","698,000,000","233,000,000","189,000,000","200,000,000","668,000,000","206,000,000","215,000,000","157,000,000","513,201,000","129,510,000","154,035,000","142,300,000","293,800,000","147,500,000","113,700,000","91,700,000","194,100,000","111,600,000","91,400,000","45,700,000","124,500,000","70,200,000","38,100,000","22,300,000","39,900,000","13,600,000","36,500,000","30,000,000","58,900,000","56,900,000","32,400,000","29,200,000","66,200,000","48,400,000","26,200,000","19,800,000","46,900,000","26,500,000","18,000,000","8,100,000","23,800,000","13,800,000","7,600,000","5,500,000","11,800,000","7,500,000","6,000,000","3,500,000","8,600,000","5,600,000","4,300,000","300,000","13,100,000","118,300,000","107,200,000","-390,800,000","172,000,000","117,200,000","111,800,000","-323,500,000","161,400,000","95,800,000","75,300,000","-153,300,000","88,600,000","43,100,000","37,000,000","-72,200,000","41,200,000","21,900,000"
TaxRateForCalcs,"0.19","0.215","0.251","0.08","0.224","0.218","0.296","0.229","0.274","0.23","0.248","0.223","0.198","0.244","0.161","0.257","0.192","0.27","0.304","0.326","0.356","0.305","0.367","0.348","0.373","0.364","0.394","0.398","0.4","0.34","0.394","0.349","0.35","0.318","0.35","0.35","0.334","0.347","0.35","0.306","0.35","0.353","0.382","0.376","0.314","0.357","0.362","0.4","0.364","0.255","0.35","0.35","0.393","0.35","0.373","0.372","0.368","0.358","0.36","0.373","0.363","0.318","0.345","0.35","0.348","0.32","0.326","0.325","0.328","0.381","0.383","0.38","0.383","0.384","0.381","0.384","0.387","0.384","0.38","0.391","0.391","0.394","0.384","0.396","0.383","0.383","0.383","0.383","0.383","0.383","0.382","0.385","0.385","0.385","0.386","0.384","0.384","0.39","0.389","0.395","0.388","0.389","0.387","0.4","0.389","0.395","0.4","0.397","0.382","0.39","0.397","0.4","0.394","0.388","0.387","0.375","0.379","0.381","0.381","0.4","0.378","0.378","0.379","0.333","0.39","0.381","0.385","0.4","0.4",,,,,,,,,,,,,,,,,
TaxEffectOfUnusualItems,"8,360,000","-430,000","502,000","-80,000","10,080,000","-26,769,894.535","-31,376,000","1,832,000","1,370,000","3,214,064.116","4,216,000","-8,474,000","2,772,000","3,657,407.407","3,703,000","-1,028,000","-3,648,000","2,430,000","4,256,000","1,630,000","3,916,000","304,696.449","2,569,000","2,784,000","-7,833,000","-5,096,000","-1,970,000","1,990,000","-67,600,000","5,099,255.583","-394,000","1,745,000","1,050,000","-33,070,175.439","-6,650,000","4,200,000","-334,000","-12,492,000","-31,850,000","-37,026,000","-382,900,000","-26,117,647.059","1,528,957.529","3,764,258.555","-56,520,000","2,852,546.917","4,709,677.419","4,800,000","5,831,893.166","2,810,439.56","6,300,000","-15,050,000","-53,383,177.57","-39,900,000","3,357,798.165","0","11,415,450.644","11,466,666.667","7,920,000","16,409,240.924","0","0","0","0","0","0","0","0","0","0","0","0","0","0","0","0","0","0","0","0","0","0","0","0","0","0","0","0","0","0","0","1,693,628.088","0","0","0","0","0","0","0","0","0","0","0","0","0","0","0","0","0","0","0","0","0","0","0","0","0","0","0","0","0","0","0","0","0","0","0","0","0",,,,,,,,,,,,,,,,,