name,ttm,12/31/2021,09/30/2021,06/30/2021,03/31/2021,12/31/2020,09/30/2020,06/30/2020,03/31/2020,12/31/2019,09/30/2019,06/30/2019,03/31/2019,12/31/2018,09/30/2018,06/30/2018,03/31/2018,12/31/2017,09/30/2017,06/30/2017,03/31/2017,12/31/2016,09/30/2016,06/30/2016,03/31/2016,12/31/2015,09/30/2015,06/30/2015,03/31/2015,12/31/2014,09/30/2014,06/30/2014,03/31/2014,12/31/2013,09/30/2013,06/30/2013,03/31/2013,12/31/2012,09/30/2012,06/30/2012,03/31/2012,12/31/2011,09/30/2011,06/30/2011,03/31/2011,12/31/2010,09/30/2010,06/30/2010,03/31/2010,12/31/2009,09/30/2009,06/30/2009,03/31/2009,12/31/2008,09/30/2008,06/30/2008,03/31/2008,12/31/2007,09/30/2007,06/30/2007,03/31/2007,12/31/2006,09/30/2006,06/30/2006,03/31/2006,12/31/2005,09/30/2005,06/30/2005,03/31/2005,12/31/2004,09/30/2004,06/30/2004,03/31/2004,12/31/2003,09/30/2003,06/30/2003,03/31/2003,12/31/2002,09/30/2002,06/30/2002,03/31/2002,12/31/2001,09/30/2001,06/30/2001,03/31/2001,12/31/2000,09/30/2000,06/30/2000,03/31/2000,12/31/1999,09/30/1999,06/30/1999,03/31/1999,12/31/1998,09/30/1998,06/30/1998,03/31/1998,12/31/1997,09/30/1997,06/30/1997,03/31/1997,12/31/1996,09/30/1996,06/30/1996,03/31/1996,12/31/1995,09/30/1995,06/30/1995,03/31/1995,12/31/1994,09/30/1994,06/30/1994,03/31/1994,12/31/1993,09/30/1993,06/30/1993,03/31/1993,12/31/1992,09/30/1992,06/30/1992,03/31/1992,12/31/1991,09/30/1991,06/30/1991,03/31/1991,12/31/1990,09/30/1990,06/30/1990,03/31/1990,12/31/1989,09/30/1989,06/30/1989,03/31/1989,12/31/1988,09/30/1988,06/30/1988,03/31/1988,12/31/1987,09/30/1987,06/30/1987,03/31/1987,12/31/1986,09/30/1986,06/30/1986,03/31/1986,12/31/1985,09/30/1985
TotalRevenue,"19,928,000,000","4,995,000,000","5,135,000,000","4,890,000,000","4,907,000,000","5,315,000,000","4,784,000,000","3,855,000,000","4,253,000,000","4,225,000,000","4,584,000,000","4,350,000,000","4,195,000,000","4,160,000,000","4,402,000,000","4,278,000,000","4,222,000,000","3,080,000,000","3,166,000,000","3,035,000,000","2,969,000,000","2,922,000,000","3,231,000,000","3,198,000,000","3,067,000,000","2,986,000,000","3,060,000,000","3,120,000,000","2,051,000,000","2,051,000,000","2,202,000,000","2,157,000,000","2,072,000,000","2,015,000,000","2,100,768,000","2,052,664,000","2,000,375,000","1,900,192,000","1,967,171,000","1,980,530,000","1,990,818,000","1,887,645,000","2,050,795,000","2,014,081,000","1,922,023,000","1,842,005,000","1,732,476,000","1,878,229,000","1,844,854,000","1,916,774,000","1,897,733,000","1,820,255,000","1,740,804,000","1,733,505,000","1,835,631,000","1,867,587,000","1,746,925,000","1,705,767,000","1,651,101,000","1,631,159,000","1,575,922,000","1,501,526,000","1,487,751,000","1,483,698,000","1,449,317,000","1,414,061,000","1,379,476,000","1,381,306,000","1,365,530,000","1,288,369,000","1,206,936,000","1,257,755,000","1,270,523,000","1,199,531,000","1,176,882,000","1,165,369,000","1,134,041,000","1,051,648,000","1,076,692,000","998,460,000","1,012,971,000","944,946,000","995,674,000","954,192,000","961,179,000","843,257,000","919,898,000","914,140,000","925,132,000","859,200,000","902,400,000","873,000,000","874,000,000","769,000,000","843,300,000","833,600,000","738,400,000","701,600,000","749,000,000","706,500,000","699,200,000","655,800,000","731,200,000","692,900,000","705,700,000","639,900,000","722,100,000","704,100,000","692,800,000","593,500,000","717,600,000","653,000,000","634,800,000","554,100,000","667,000,000","625,400,000","612,500,000","560,500,000","681,700,000","590,600,000","592,000,000","501,000,000","578,500,000","554,600,000","556,800,000","482,300,000","566,600,000","496,600,000","520,800,000","428,800,000","499,700,000","442,800,000","462,900,000","406,100,000","475,500,000","439,600,000","427,800,000","366,500,000","455,500,000","392,900,000","390,000,000","343,600,000","389,600,000","337,400,000","319,100,000","265,400,000","315,900,000"
	OperatingRevenue,"19,928,000,000","4,995,000,000","5,135,000,000","4,890,000,000","4,907,000,000","5,315,000,000","4,784,000,000","3,855,000,000","4,253,000,000","4,225,000,000","4,584,000,000","4,350,000,000","4,195,000,000","4,160,000,000","4,402,000,000","4,278,000,000","4,222,000,000","3,080,000,000","3,166,000,000","3,035,000,000","2,969,000,000","2,922,000,000","3,231,000,000","3,198,000,000","3,067,000,000","2,986,000,000","3,060,000,000","3,120,000,000","2,051,000,000","2,051,000,000","2,202,000,000","2,157,000,000","2,072,000,000","2,015,000,000","2,100,768,000","2,052,664,000","2,000,375,000","1,900,192,000","1,967,171,000","1,980,530,000","1,990,818,000","1,887,645,000","2,050,795,000","2,014,081,000","1,922,023,000","1,842,005,000","1,732,476,000","1,878,229,000","1,844,854,000","1,916,774,000","1,897,733,000","1,820,255,000","1,740,804,000","1,733,505,000","1,835,631,000","1,867,587,000","1,746,925,000","1,705,767,000","1,651,101,000","1,631,159,000","1,575,922,000","1,501,526,000","1,487,751,000","1,483,698,000","1,449,317,000","1,414,061,000","1,379,476,000","1,381,306,000","1,365,530,000","1,288,369,000","1,206,936,000","1,257,755,000","1,270,523,000","1,199,531,000","1,176,882,000","1,165,369,000","1,134,041,000","1,051,648,000","1,076,692,000","998,460,000","1,012,971,000","944,946,000","995,674,000","954,192,000","961,179,000","843,257,000","919,898,000","914,140,000","925,132,000","859,200,000","902,400,000","873,000,000","874,000,000","769,000,000","843,300,000","833,600,000","738,400,000","701,600,000","749,000,000","706,500,000","699,200,000","655,800,000","731,200,000","692,900,000","705,700,000","639,900,000","722,100,000","704,100,000","692,800,000","593,500,000","717,600,000","653,000,000","634,800,000","554,100,000","667,000,000","625,400,000","612,500,000","560,500,000","681,700,000","590,600,000","592,000,000","501,000,000","578,500,000","554,600,000","556,800,000","482,300,000","566,600,000","496,600,000","520,800,000","428,800,000","499,700,000","442,800,000","462,900,000","406,100,000","475,500,000","439,600,000","427,800,000","366,500,000","455,500,000","392,900,000","390,000,000","343,600,000","389,600,000","337,400,000","319,100,000","265,400,000","315,900,000"
CostOfRevenue,"10,810,000,000","2,572,000,000","2,848,000,000","2,729,000,000","2,661,000,000","2,583,000,000","2,578,000,000","2,195,000,000","2,520,000,000","2,247,000,000","2,318,000,000","2,276,000,000","2,221,000,000","2,187,000,000","2,311,000,000","2,262,000,000","2,619,000,000","1,530,000,000","1,612,000,000","1,532,000,000","1,537,000,000","1,470,000,000","1,679,000,000","1,651,000,000","1,584,000,000","1,578,000,000","1,644,000,000","1,932,000,000","1,005,000,000","1,006,000,000","1,100,000,000","1,046,000,000","1,019,000,000","980,000,000","1,014,007,000","992,673,000","982,256,000","894,063,000","966,344,000","947,395,000","970,832,000","926,182,000","999,352,000","951,980,000","920,589,000","865,431,000","830,924,000","905,822,000","886,895,000","919,542,000","911,911,000","860,063,000","838,101,000","804,298,000","891,545,000","917,362,000","853,807,000","829,846,000","807,377,000","791,071,000","764,540,000","708,933,000","767,533,000","732,943,000","710,635,000","675,741,000","662,746,000","686,764,000","678,018,000","634,501,000","597,217,000","624,212,000","638,049,000","640,884,000","585,436,000","622,387,000","578,428,000","550,039,000","546,703,000","514,071,000","523,133,000","499,762,000","501,425,000","475,305,000","487,615,000","448,947,000","397,056,000","380,552,000","404,918,000","377,600,000","367,800,000","398,500,000","363,500,000","323,000,000","343,300,000","358,800,000","308,400,000","301,800,000","309,100,000","299,600,000","301,300,000","293,400,000","309,200,000","252,900,000","317,900,000","297,700,000","307,000,000","326,200,000","318,600,000","276,800,000","330,600,000","309,200,000","293,000,000","263,200,000","322,900,000","295,200,000","289,000,000","271,300,000","329,300,000","275,200,000","281,100,000","246,400,000","272,200,000","263,900,000","257,100,000","229,400,000","258,700,000","235,500,000","251,200,000","210,900,000",,,,,,,,,,,,,,,,,
GrossProfit,"9,118,000,000","2,423,000,000","2,287,000,000","2,161,000,000","2,246,000,000","2,732,000,000","2,206,000,000","1,660,000,000","1,733,000,000","1,978,000,000","2,266,000,000","2,074,000,000","1,974,000,000","1,973,000,000","2,091,000,000","2,016,000,000","1,603,000,000","1,550,000,000","1,554,000,000","1,503,000,000","1,432,000,000","1,452,000,000","1,552,000,000","1,547,000,000","1,483,000,000","1,408,000,000","1,416,000,000","1,188,000,000","1,046,000,000","1,045,000,000","1,102,000,000","1,111,000,000","1,053,000,000","1,035,000,000","1,086,761,000","1,059,991,000","1,018,119,000","1,006,129,000","1,000,827,000","1,033,135,000","1,019,986,000","961,463,000","1,051,443,000","1,062,101,000","1,001,434,000","976,574,000","901,552,000","972,407,000","957,959,000","997,232,000","985,822,000","960,192,000","902,703,000","929,207,000","944,086,000","950,225,000","893,118,000","875,921,000","843,724,000","840,088,000","811,382,000","792,593,000","720,218,000","750,755,000","738,682,000","738,320,000","716,730,000","694,542,000","687,512,000","653,868,000","609,719,000","633,543,000","632,474,000","558,647,000","591,446,000","542,982,000","555,613,000","501,609,000","529,989,000","484,389,000","489,838,000","445,184,000","494,249,000","478,887,000","473,564,000","394,310,000","522,842,000","533,588,000","520,214,000","481,600,000","534,600,000","474,500,000","510,500,000","446,000,000","500,000,000","474,800,000","430,000,000","399,800,000","439,900,000","406,900,000","397,900,000","362,400,000","422,000,000","440,000,000","387,800,000","342,200,000","415,100,000","377,900,000","374,200,000","316,700,000","387,000,000","343,800,000","341,800,000","290,900,000","344,100,000","330,200,000","323,500,000","289,200,000","352,400,000","315,400,000","310,900,000","254,600,000","306,300,000","290,700,000","299,700,000","252,900,000","307,900,000","261,100,000","269,600,000","217,900,000",,,,,,,,,,,,,,,,,
OperatingExpense,"6,578,000,000","1,573,000,000","1,734,000,000","1,509,000,000","1,761,000,000","1,440,000,000","1,869,000,000","1,227,000,000","1,289,000,000","1,391,000,000","1,959,000,000","1,358,000,000","1,737,000,000","996,000,000","1,381,000,000","1,358,000,000","1,317,000,000","966,000,000","999,000,000","1,646,000,000","911,000,000","555,000,000","1,049,000,000","935,000,000","914,000,000","935,000,000","938,000,000","942,000,000","640,000,000","673,000,000","701,000,000","665,000,000","672,000,000","657,000,000","1,009,538,000","655,436,000","636,987,000","614,040,000","612,047,000","584,117,000","613,548,000","602,894,000","613,286,000","590,394,000","561,094,000","563,496,000","541,370,000","532,307,000","527,464,000","551,212,000","546,214,000","528,429,000","539,236,000","507,399,000","545,822,000","540,659,000","511,557,000","513,245,000","499,955,000","505,157,000","493,318,000","578,763,000","489,680,000","471,749,000","498,878,000","437,199,000","454,062,000","432,922,000","432,327,000","403,171,000","356,809,000","498,852,000","401,182,000","390,273,000","371,149,000","368,517,000","358,832,000","344,026,000","337,830,000","318,465,000","313,911,000","303,531,000","308,888,000","301,814,000","296,409,000","288,019,000","373,390,000","382,261,000","370,307,000","359,900,000","398,200,000","345,400,000","366,100,000","335,100,000","350,400,000","375,500,000","285,500,000","296,700,000","302,600,000","301,800,000","276,300,000","275,900,000","295,500,000","320,000,000","275,000,000","270,200,000","294,200,000","268,000,000","268,000,000","257,100,000","299,000,000","249,300,000","248,400,000","241,900,000","289,200,000","247,200,000","244,400,000","235,600,000","244,500,000","225,600,000","224,300,000","210,200,000","214,600,000","209,500,000","212,500,000","199,400,000","207,000,000","183,700,000","187,700,000","172,500,000",,,,,,,,,,,,,,,,,
	SellingGeneralAndAdministration,"4,942,000,000","1,223,000,000","1,333,000,000","1,237,000,000","1,148,000,000","1,149,000,000","1,192,000,000","980,000,000","1,025,000,000","1,121,000,000","1,096,000,000","1,076,000,000","1,089,000,000","1,073,000,000","1,103,000,000","1,081,000,000","1,057,000,000","774,000,000","774,000,000","719,000,000","724,000,000","709,000,000","796,000,000","728,000,000","732,000,000","748,000,000","743,000,000","764,000,000","511,000,000","544,000,000","561,000,000","528,000,000","525,000,000","531,000,000","877,192,000","534,320,000","514,610,000","495,878,000","484,260,000","469,130,000","495,020,000","488,958,000","487,231,000","474,646,000","441,942,000","447,954,000","420,398,000","423,684,000","426,346,000","450,928,000","432,477,000","429,940,000","440,502,000","409,942,000","437,217,000","440,588,000","415,523,000","421,718,000","399,525,000","412,164,000","406,631,000","384,084,000","406,060,000","393,782,000","369,779,000","367,874,000","376,510,000","365,919,000","366,339,000","341,088,000","305,167,000","338,052,000","338,628,000","329,620,000","316,010,000","308,475,000","298,798,000","284,181,000","282,232,000","253,857,000","247,660,000","248,294,000","257,383,000","248,709,000","241,912,000","235,292,000","247,228,000","248,773,000","244,063,000","233,800,000","243,900,000","231,900,000","233,000,000","223,100,000","242,000,000","234,400,000","186,000,000","199,100,000","203,000,000","191,100,000","185,500,000","186,500,000","244,800,000","221,000,000","224,200,000","219,200,000","240,500,000","215,800,000","216,400,000","206,800,000","243,800,000","200,600,000","198,300,000","192,200,000","239,900,000","200,100,000","196,300,000","190,300,000","198,700,000","181,700,000","183,500,000","171,200,000","176,500,000","172,100,000","175,100,000","162,400,000","167,400,000","150,100,000","156,400,000","141,900,000",,,,,,,,,,,,,,,,,
	ResearchAndDevelopment,"1,377,000,000","329,000,000","387,000,000","344,000,000","317,000,000","291,000,000","299,000,000","262,000,000","264,000,000","270,000,000","270,000,000","282,000,000","252,000,000","258,000,000","278,000,000","277,000,000","260,000,000","192,000,000","220,000,000","186,000,000","187,000,000","182,000,000","253,000,000","207,000,000","182,000,000","187,000,000","195,000,000","178,000,000","129,000,000","129,000,000","140,000,000","137,000,000","147,000,000","126,000,000","132,346,000","121,116,000","122,377,000","118,162,000","127,787,000","114,987,000","118,528,000","113,936,000","126,055,000","115,748,000","119,152,000","115,542,000","120,972,000","108,623,000","101,118,000","100,284,000","113,737,000","98,489,000","98,734,000","97,457,000","108,605,000","100,071,000","96,034,000","91,527,000","100,430,000","92,993,000","86,687,000","194,679,000","83,620,000","77,967,000","129,099,000","69,325,000","76,552,000","67,003,000","65,988,000","62,083,000","51,642,000","60,800,000","62,554,000","60,653,000","55,139,000","60,042,000","60,034,000","59,845,000","55,598,000","53,037,000","56,314,000","55,237,000","51,505,000","53,105,000","54,497,000","52,727,000","52,662,000","60,202,000","57,175,000","53,700,000","86,700,000","50,700,000","67,300,000","49,300,000","48,600,000","80,900,000","43,800,000","44,600,000","44,000,000","57,600,000","39,400,000","39,700,000",,,,,,,,,,,,,,,,,,,,,,,,,,,,,,,,,,,,,,,,,,,,,
	DepreciationAmortizationDepletionIncomeStatement,,,,,,,,,,,,,,,,,,,,,,,,,,,,,,,,,,,,,,,,,,,,,,,,,,,,,,,,,,,,,,,,,,,,,,,,,,,,,,,,,,,,,,,"73,500,000","73,286,000","69,069,000","72,400,000","67,600,000","62,800,000","65,800,000","62,700,000","59,800,000","60,200,000","55,700,000","53,000,000","55,600,000","53,100,000","51,400,000","49,700,000","50,700,000","99,000,000","50,800,000","51,000,000","53,700,000","52,200,000","51,600,000","50,300,000","55,200,000","48,700,000","50,100,000","49,700,000","49,300,000","47,100,000","48,100,000","45,300,000","45,800,000","43,900,000","40,800,000","39,000,000","38,100,000","37,400,000","37,400,000","37,000,000","39,600,000","33,600,000","31,300,000","30,600,000",,,,,,,,,,,,,,,,,
		DepreciationAndAmortizationInIncomeStatement,,,,,,,,,,,,,,,,,,,,,,,,,,,,,,,,,,,,,,,,,,,,,,,,,,,,,,,,,,,,,,,,,,,,,,,,,,,,,,,,,,,,,,,"73,500,000","73,286,000","69,069,000","72,400,000","67,600,000","62,800,000","65,800,000","62,700,000","59,800,000","60,200,000","55,700,000","53,000,000","55,600,000","53,100,000","51,400,000","49,700,000","50,700,000","99,000,000","50,800,000","51,000,000","53,700,000","52,200,000","51,600,000","50,300,000","55,200,000","48,700,000","50,100,000","49,700,000","49,300,000","47,100,000","48,100,000","45,300,000","45,800,000","43,900,000","40,800,000","39,000,000","38,100,000","37,400,000","37,400,000","37,000,000","39,600,000","33,600,000","31,300,000","30,600,000",,,,,,,,,,,,,,,,,
	OtherOperatingExpenses,,"21,000,000","14,000,000","-72,000,000","296,000,000",,"378,000,000","-15,000,000",,,"593,000,000",,"396,000,000","-335,000,000",,,,,"5,000,000","741,000,000",,"-336,000,000",,,,,,,,,,,,,,,,,,,,,,,,,,,,,,,,,,,,,,,,,,,,,,,,,"0","100,000,000",,,,,,,"0","11,571,000","9,937,000",,,,,,,,,,,,,,,,,,,,,,,,,,,,,,,,,,,,,,,,,,,,,,,,,,,,,,,,,,,,,,,,,,
OperatingIncome,"2,540,000,000","850,000,000","553,000,000","652,000,000","485,000,000","1,292,000,000","337,000,000","433,000,000","444,000,000","587,000,000","307,000,000","716,000,000","237,000,000","977,000,000","710,000,000","658,000,000","286,000,000","584,000,000","555,000,000","-143,000,000","521,000,000","897,000,000","503,000,000","612,000,000","569,000,000","473,000,000","478,000,000","246,000,000","406,000,000","372,000,000","401,000,000","446,000,000","381,000,000","378,000,000","77,223,000","404,555,000","381,132,000","392,089,000","388,780,000","449,018,000","406,438,000","358,569,000","438,157,000","471,707,000","440,340,000","413,078,000","360,182,000","440,100,000","430,495,000","446,020,000","439,608,000","431,763,000","363,467,000","421,808,000","398,264,000","409,566,000","381,561,000","362,676,000","343,769,000","334,931,000","318,064,000","213,830,000","230,538,000","279,006,000","239,804,000","301,121,000","262,668,000","261,620,000","255,185,000","250,697,000","252,910,000","134,691,000","231,292,000","168,374,000","220,297,000","174,465,000","196,781,000","157,583,000","192,159,000","165,924,000","175,927,000","141,653,000","185,361,000","177,073,000","177,155,000","106,291,000","149,452,000","151,327,000","149,907,000","121,700,000","136,400,000","129,100,000","144,400,000","110,900,000","149,600,000","99,300,000","144,500,000","103,100,000","137,300,000","105,100,000","121,600,000","86,500,000","126,500,000","120,000,000","112,800,000","72,000,000","120,900,000","109,900,000","106,200,000","59,600,000","88,000,000","94,500,000","93,400,000","49,000,000","54,900,000","83,000,000","79,100,000","53,600,000","107,900,000","89,800,000","86,600,000","44,400,000","91,700,000","81,200,000","87,200,000","53,500,000","100,900,000","77,400,000","81,900,000","45,400,000","-1,055,900,000","442,800,000","462,900,000","406,100,000","-994,800,000","439,600,000","427,800,000","366,500,000","-900,100,000","392,900,000","390,000,000","343,600,000","-738,800,000","337,400,000","319,100,000","265,400,000","-690,200,000"
NetNonOperatingInterestIncomeExpense,"-440,000,000","-96,000,000","-109,000,000","-113,000,000","-122,000,000","-116,000,000","-121,000,000","-133,000,000","-132,000,000","-135,000,000","-137,000,000","-154,000,000","-153,000,000","-183,000,000","-171,000,000","-174,000,000","-181,000,000","-114,000,000","-112,000,000","-165,000,000","-79,000,000","-90,000,000","-88,000,000","-92,000,000","-96,000,000","-91,000,000","-104,000,000","-103,000,000","-83,000,000","-66,000,000","-26,000,000","-21,000,000","-23,000,000","-20,000,000","-19,678,000","-28,301,000","-22,914,000","-27,107,000","-23,337,000","-28,596,000","-18,462,000","-13,930,000","-20,419,000","-10,703,000","-9,357,000","-331,000","2,316,000","-10,991,000","-3,261,000","-4,198,000","636,000","1,479,000","-3,183,000",,,,,,,,,,,,,,,,,,,,,,,,,,,,,,,,,,,,,,,,,,,,,,,,,,,,,,,,,,,,,,,,,,,,,,,,,,,,,,,,,,,,,,,,,,,,,,
	InterestIncomeNonOperating,"9,000,000","2,000,000","2,000,000","2,000,000","2,000,000","2,000,000","2,000,000","2,000,000","2,000,000","1,000,000","4,000,000","2,000,000","18,000,000","-12,000,000","10,000,000","8,000,000","4,000,000","44,000,000","45,000,000","19,000,000","7,000,000","5,000,000","7,000,000","5,000,000","3,000,000","6,000,000","-5,000,000","2,000,000","8,000,000","10,000,000","10,000,000","12,000,000","10,000,000","14,000,000","13,988,000","6,272,000","11,818,000","7,922,000","11,954,000","6,253,000","16,678,000","15,448,000","1,915,000","11,508,000","14,564,000","15,222,000","14,594,000","2,094,000","9,652,000","8,789,000","14,418,000","12,767,000","4,312,000",,,,,,,,,,,,,,,,,,,,,,,,,,,,,,,,,,,,,,,,,,,,,,,,,,,,,,,,,,,,,,,,,,,,,,,,,,,,,,,,,,,,,,,,,,,,,,
	InterestExpenseNonOperating,"449,000,000","98,000,000","111,000,000","115,000,000","124,000,000","118,000,000","123,000,000","135,000,000","134,000,000","136,000,000","141,000,000","156,000,000","171,000,000","183,000,000","181,000,000","182,000,000","185,000,000","158,000,000","157,000,000","184,000,000","86,000,000","95,000,000","95,000,000","97,000,000","99,000,000","97,000,000","99,000,000","105,000,000","91,000,000","76,000,000","36,000,000","33,000,000","33,000,000","34,000,000","33,666,000","34,573,000","34,732,000","35,029,000","35,291,000","34,849,000","35,140,000","29,378,000","22,334,000","22,211,000","23,921,000","15,553,000","12,278,000","13,085,000","12,913,000","12,987,000","13,782,000","11,288,000","7,495,000",,,,,,,,,,,,,,,,,,,,,,,,,,,,,,,,,,,,,,,,,,,,,,,,,,,,,,,,,,,,,,,,,,,,,,,,,,,,,,,,,,,,,,,,,,,,,,
OtherIncomeExpense,"-293,000,000","-30,000,000","-178,000,000","-25,000,000","-60,000,000","-18,000,000","-69,000,000","-51,000,000","-113,000,000","-59,000,000","-173,000,000","-101,000,000","-81,000,000","-81,000,000","-125,000,000","162,000,000","-99,000,000","-364,000,000","-118,000,000","-97,000,000","-81,000,000","-117,000,000","-406,000,000","-97,000,000","-98,000,000","-115,000,000","-184,000,000","-103,000,000","-98,000,000","-21,000,000","1,000,000","-2,000,000","5,000,000","1,000,000","3,225,000","2,809,000","2,253,000","714,000","-3,544,000","-1,881,000","4,657,000","-385,000","1,272,000","-363,000","-2,522,000","-4,596,000","1,340,000","1,348,000","164,000","-2,354,000","-3,312,000","-4,247,000","-5,701,000","9,411,000","-1,736,000","-1,285,000","828,000","707,000","-4,334,000","-5,620,000","5,872,000","-2,368,000","-4,763,000","-2,386,000","-451,000","-1,163,000","-977,000","-984,000","-2,242,000","-2,861,000","-927,000","-100,701,000","-3,118,000","-46,000","939,000","-2,036,000","-1,847,000","84,000","-13,959,000","-10,258,000","-9,445,000","-1,616,000","30,000","-367,000","-5,418,000","-7,961,000","-44,005,000","27,745,000","36,399,000","1,700,000","-1,700,000","-76,900,000","1,500,000","1,000,000","-1,100,000","-92,700,000","-3,100,000","-2,200,000","-400,000","3,800,000","3,300,000","4,800,000","2,900,000","-3,100,000","800,000","-800,000","9,100,000","-9,600,000","-2,400,000","-1,400,000","30,100,000","-2,400,000","-4,700,000","-4,400,000","-2,900,000","7,200,000","8,300,000","-6,700,000","-4,400,000","-1,400,000","-2,900,000","-1,300,000","-1,300,000","600,000","1,600,000","2,800,000","2,300,000","2,900,000","-1,200,000","4,900,000",,,,,,,,,,,,,,,,,
	GainOnSaleOfSecurity,,,,,,,,,,,,,,,"-4,000,000","-7,000,000","6,000,000","-8,000,000","-3,000,000","18,000,000","1,000,000","-4,000,000",,,,,,,,,,,,,,,,,,,,,,,,,,,,,,,,,,,,,,,,,,,,,,,,,,,,,,,,,,,,,,,,,,,,,,,,,,,,,,,,,,,,,,,,,,,,,,,,,,,,,,,,,,,,,,,,,,,,,,,,,,,,,
	EarningsFromEquityInterest,,,,,,,,,,,,,,,"0","303,000,000","-5,000,000","-2,000,000","0","-5,000,000","-9,000,000",,,,,,,,,,,,,,,,,,,,,,,,,,,,,,,,,,,,,,,,,,,,,,,,,,,,,,,,,,,,,,,,,,,,,,,,,,,,,,,,,,,,,,,,,,,,,,,,,,,,,,,,,,,,,,,,,,,,,,,,,,,,,,
	SpecialIncomeCharges,"-347,000,000","-34,000,000","-237,000,000","-24,000,000","-52,000,000","-50,000,000","-82,000,000","-74,000,000","-75,000,000","-86,000,000","-217,000,000","-90,000,000","-101,000,000","-91,000,000","-140,000,000","-149,000,000","-117,000,000","-354,000,000","-111,000,000","-112,000,000","-76,000,000","-115,000,000","-407,000,000","-96,000,000","-104,000,000","-121,000,000","-182,000,000","-108,000,000","-113,000,000","-23,000,000",,,,,,,,,,"-1,881,000","4,657,000","-385,000","1,272,000","-363,000","-2,522,000","-4,596,000","1,340,000","1,348,000","164,000","-2,354,000","-3,312,000","-4,247,000","-5,701,000","9,411,000","-1,736,000","-1,285,000","828,000","707,000","-4,334,000","-5,620,000","5,872,000","-2,368,000","-4,763,000","-2,386,000","-451,000","-1,163,000","-977,000","-984,000","-2,242,000","-2,861,000","-927,000","-100,701,000","-3,118,000","-46,000","939,000","-2,036,000","-1,847,000","84,000","-13,959,000","-10,258,000","-9,445,000","-1,616,000","30,000","-367,000","-5,418,000","-7,961,000","-44,005,000","27,745,000","36,399,000","1,700,000","-1,700,000","-76,900,000","1,500,000","1,000,000","-1,100,000","-92,700,000","-3,100,000","-2,200,000","-400,000","3,800,000","3,300,000","4,800,000","2,900,000","-3,100,000","800,000","-800,000","9,100,000","-9,600,000","-2,400,000","-1,400,000","30,100,000","-2,400,000","-4,700,000","-4,400,000","-2,900,000","7,200,000","8,300,000","-6,700,000","-4,400,000","-1,400,000","-2,900,000","-1,300,000","-1,300,000","600,000","1,600,000","2,800,000","2,300,000","2,900,000","-1,200,000","4,900,000",,,,,,,,,,,,,,,,,
		RestructuringAndMergernAcquisition,"169,000,000","34,000,000","59,000,000","24,000,000","52,000,000","50,000,000","74,000,000","74,000,000","75,000,000","86,000,000","199,000,000","90,000,000","101,000,000","91,000,000","140,000,000","146,000,000","104,000,000","354,000,000","111,000,000","81,000,000","76,000,000","87,000,000","407,000,000","96,000,000","104,000,000","121,000,000","182,000,000","108,000,000","113,000,000","23,000,000",,,,,,,,,,,,,,,,,,,,,,,,,,,,,,,,,,,,,,,,,,,,,,,,,,,,,,,,,,,,,,,,,,,,,,,,,,,,,,,,,,,,,,,,,,,,,,,,,,,,,,,,,,,,,,,,,,,,,
		OtherSpecialCharges,,,,,,,,,,,,,,,"0","3,000,000","13,000,000",,"0","31,000,000","-3,000,000","28,000,000",,,,,,,,,,,,,,,,,,,,,,,,,,,,,,,,,,,,,,,,,,,,,,,,,,,,,,,,,,,,,,,,,,,,,,,,,,,,,,,,,,,,,,,,,,,,,,,,,,,,,,,,,,,,,,,,,,,,,,,,,,,,,
	OtherNonOperatingIncomeExpenses,"10,000,000","4,000,000","15,000,000","-1,000,000","-8,000,000","32,000,000","17,000,000","23,000,000","-38,000,000","27,000,000","49,000,000","-11,000,000","20,000,000","10,000,000","19,000,000","15,000,000","17,000,000",,"-4,000,000","2,000,000","3,000,000","2,000,000","1,000,000","-1,000,000","6,000,000","6,000,000","-2,000,000","5,000,000","15,000,000","2,000,000","1,000,000","-2,000,000","5,000,000","1,000,000","3,225,000","2,809,000","2,253,000","714,000","-3,543,000",,,,,,,,,,,,,,,,,,,,,,,,,,,,,,,,,,,,,,,,,,,,,,,,,,,,,,,,,,,,,,,,,,,,,,,,,,,,,,,,,,,,,,,,,,,,,,,,,,,,,,,,,,,,
PretaxIncome,"1,808,000,000","723,000,000","266,000,000","514,000,000","305,000,000","1,157,000,000","143,000,000","248,000,000","200,000,000","394,000,000","-2,000,000","460,000,000","3,000,000","714,000,000","414,000,000","647,000,000","6,000,000","105,000,000","326,000,000","-404,000,000","362,000,000","692,000,000","9,000,000","422,000,000","376,000,000","266,000,000","190,000,000","39,000,000","225,000,000","285,000,000","377,000,000","423,000,000","363,000,000","359,000,000","59,770,000","379,063,000","360,471,000","365,696,000","361,899,000","418,541,000","392,633,000","344,254,000","419,010,000","460,641,000","428,461,000","408,151,000","363,838,000","430,457,000","427,398,000","439,468,000","436,932,000","428,995,000","354,583,000","425,046,000","394,519,000","410,220,000","382,296,000","366,572,000","338,250,000","329,651,000","321,336,000","214,708,000","227,207,000","273,341,000","236,539,000","297,869,000","260,678,000","257,075,000","248,387,000","238,714,000","243,394,000","129,862,000","220,213,000","159,399,000","211,620,000","162,771,000","186,281,000","149,034,000","171,984,000","158,559,000","167,580,000","130,466,000","177,694,000","163,551,000","155,739,000","79,766,000","91,570,000","161,508,000","165,107,000","101,800,000","116,100,000","35,300,000","127,100,000","94,000,000","131,200,000","-11,000,000","130,000,000","90,600,000","125,600,000","98,800,000","116,500,000","81,800,000","120,900,000","107,200,000","103,900,000","61,800,000","120,300,000","89,500,000","92,200,000","47,600,000","108,300,000","78,900,000","75,100,000","33,800,000","40,400,000","75,300,000","73,400,000","33,800,000","93,000,000","76,000,000","70,600,000","29,900,000","78,400,000","69,000,000","74,900,000","45,100,000","93,800,000","70,200,000","68,300,000","41,800,000",,,,,,,,,,,,,,,,,
TaxProvision,"42,000,000","46,000,000","1,000,000","-11,000,000","6,000,000","154,000,000","15,000,000","-38,000,000","17,000,000","117,000,000","-164,000,000","9,000,000","-17,000,000","115,000,000","549,000,000","53,000,000","18,000,000","241,000,000","-1,000,000","-271,000,000","18,000,000","131,000,000","-10,000,000","32,000,000","38,000,000","37,000,000","9,000,000","-23,000,000","9,000,000","50,000,000","76,000,000","97,000,000","76,000,000","88,000,000","-30,982,000","87,185,000","84,351,000","95,447,000","87,620,000","106,960,000","102,085,000","81,244,000","117,607,000","122,531,000","117,399,000","93,875,000","107,484,000","124,174,000","129,673,000","123,490,000","131,175,000","90,291,000","93,256,000","112,978,000","110,542,000","112,811,000","106,661,000","95,676,000","89,142,000","89,182,000","85,797,000","83,657,000","52,087,000","66,968,000","80,301,000","80,009,000","139,103,000","67,274,000","61,878,000","44,316,000","60,848,000","20,466,000","55,053,000","33,997,000","50,260,000","32,753,000","44,241,000","35,396,000","40,588,000","38,834,000","38,392,000","30,793,000","42,575,000","39,252,000","37,377,000","19,144,000","7,556,000","47,090,000","45,936,000","26,500,000","39,800,000","2,200,000","37,000,000","17,800,000","41,300,000","-1,000,000","37,700,000","26,300,000","36,400,000","28,700,000","33,800,000","23,700,000","33,800,000","30,000,000","29,100,000","17,300,000","33,700,000","22,800,000","27,300,000","14,100,000","22,000,000","20,800,000","18,000,000","8,100,000","-29,500,000","17,100,000","14,400,000","8,100,000","21,000,000","20,500,000","19,100,000","8,100,000","16,100,000","20,000,000","25,900,000","15,600,000","31,500,000","23,500,000","22,800,000","14,100,000",,,,,,,,,,,,,,,,,
NetIncomeCommonStockholders,"1,676,000,000","655,000,000","242,000,000","502,000,000","277,000,000","980,000,000","105,000,000","277,000,000","145,000,000","240,000,000","125,000,000","413,000,000","-18,000,000","562,000,000","-173,000,000","556,000,000","-50,000,000","-174,000,000","289,000,000","-165,000,000","344,000,000","562,000,000","18,000,000","390,000,000","338,000,000","229,000,000","181,000,000","62,000,000","216,000,000","236,000,000","301,000,000","326,000,000","287,000,000","271,000,000","90,377,000","301,550,000","275,637,000","625,436,000","289,043,000","326,866,000","291,033,000","262,985,000","299,979,000","343,058,000","312,019,000","315,937,000","396,695,000","306,908,000","297,631,000","316,376,000","317,220,000","341,027,000","261,274,000","312,082,000","282,175,000","297,089,000","276,185,000","271,548,000","259,812,000","244,809,000","242,533,000","142,879,000","173,979,000","206,373,000","154,068,000","217,860,000","149,094,000","189,668,000","188,150,000","194,984,000","66,934,000","108,876,000","164,625,000","124,852,000","160,938,000","129,440,000","141,445,000","113,032,000","130,430,000","119,091,000","128,542,000","99,019,000","97,706,000","123,627,000","117,677,000","59,921,000","83,301,000","113,693,000","118,439,000","75,300,000","75,600,000","32,300,000","89,300,000","75,400,000","89,100,000","-10,800,000","91,500,000","63,500,000","88,200,000","70,100,000","81,900,000","57,200,000","86,200,000","76,400,000","73,900,000","43,600,000","85,800,000","65,700,000","64,000,000","32,600,000","86,300,000","57,200,000","56,200,000","24,800,000","-72,000,000","57,600,000","58,400,000","25,100,000","71,400,000","54,900,000","50,900,000","21,200,000","61,600,000","48,400,000","48,400,000","28,900,000","61,600,000","46,100,000","45,000,000","27,700,000",,,,,,,,,,,,,,,,,
	NetIncome,"1,766,000,000","677,000,000","265,000,000","525,000,000","299,000,000","1,003,000,000","128,000,000","286,000,000","183,000,000","278,000,000","162,000,000","451,000,000","20,000,000","599,000,000","-135,000,000","594,000,000","-12,000,000","-136,000,000","327,000,000","-132,000,000","344,000,000","562,000,000","18,000,000","390,000,000","338,000,000","229,000,000","181,000,000","62,000,000","216,000,000","236,000,000","301,000,000","326,000,000","287,000,000","271,000,000","90,377,000","301,550,000","275,637,000","625,436,000","289,043,000","326,866,000","291,033,000","262,985,000","299,979,000","343,058,000","312,019,000","315,937,000","396,695,000","306,908,000","297,631,000","316,376,000","317,220,000","341,027,000","261,274,000","312,082,000","282,175,000","297,089,000","276,185,000","271,548,000","259,812,000","244,809,000","242,533,000","142,879,000","173,979,000","206,373,000","154,068,000","217,860,000","149,094,000","189,668,000","188,150,000","195,351,000","67,444,000","109,396,000","165,160,000","125,402,000","161,360,000","130,018,000","142,040,000","113,638,000","131,396,000","119,725,000","129,188,000","99,673,000","98,369,000","124,299,000","118,362,000","60,622,000","84,014,000","114,418,000","119,171,000","75,300,000","76,300,000","33,100,000","90,100,000","76,200,000","89,900,000","-10,000,000","92,300,000","64,300,000","89,200,000","70,100,000","82,700,000","58,100,000","87,100,000","77,200,000","74,800,000","44,500,000","86,600,000","66,700,000","64,900,000","33,500,000","86,300,000","58,100,000","57,100,000","25,700,000","-71,200,000","58,200,000","59,000,000","25,700,000","72,000,000","55,500,000","51,500,000","21,800,000","62,300,000","49,000,000","49,000,000","29,500,000","62,300,000","46,700,000","45,500,000","27,700,000",,,,,,,,,,,,,,,,,
		NetIncomeIncludingNoncontrollingInterests,"1,766,000,000","677,000,000","265,000,000","525,000,000","299,000,000","1,003,000,000","128,000,000","286,000,000","183,000,000","277,000,000","162,000,000","451,000,000","20,000,000","599,000,000","-135,000,000","594,000,000","-12,000,000","-136,000,000","327,000,000","-132,000,000","344,000,000","562,000,000","18,000,000","390,000,000","338,000,000","229,000,000","181,000,000","62,000,000","216,000,000","236,000,000","301,000,000","326,000,000","287,000,000","271,000,000","90,377,000","301,550,000","275,637,000","625,436,000","289,043,000","326,866,000","291,033,000","262,985,000","299,979,000","343,058,000","312,019,000","315,937,000","396,695,000","306,908,000","297,631,000","316,376,000","317,220,000","341,027,000","261,274,000","312,082,000","282,175,000","297,089,000","276,185,000","271,548,000","259,812,000","244,809,000","242,533,000","142,879,000","173,979,000","206,373,000","154,068,000","217,860,000","149,094,000","189,668,000","188,150,000","195,351,000","67,444,000","109,396,000","165,160,000","125,402,000","161,360,000","130,018,000","142,040,000","113,638,000","131,396,000","119,725,000","129,188,000","99,673,000","98,369,000","124,299,000","118,362,000","60,622,000","84,014,000","114,418,000","119,171,000","75,300,000","76,300,000","33,100,000","90,100,000","76,200,000","89,900,000","-10,000,000","92,300,000","64,300,000","89,200,000","70,100,000","82,700,000","58,100,000","87,100,000","77,200,000","74,800,000","44,500,000","86,600,000","66,700,000","64,900,000","33,500,000","86,300,000","58,100,000","57,100,000","25,700,000","-71,200,000","58,200,000","59,000,000","25,700,000","72,000,000","55,500,000","51,500,000","21,800,000","62,300,000","49,000,000","49,000,000","29,500,000","62,300,000","46,700,000","45,500,000","27,700,000","54,500,000","41,700,000","45,100,000","27,700,000","55,400,000","42,900,000","39,200,000","24,500,000","41,900,000","36,200,000","33,300,000","30,500,000","31,500,000","31,700,000","31,100,000","17,500,000","28,900,000"
			NetIncomeContinuousOperations,"1,766,000,000","677,000,000","265,000,000","525,000,000","299,000,000","1,003,000,000","128,000,000","286,000,000","183,000,000","277,000,000","162,000,000","451,000,000","20,000,000","599,000,000","-135,000,000","594,000,000","-12,000,000","-136,000,000","327,000,000","-132,000,000","344,000,000","562,000,000","18,000,000","390,000,000","338,000,000","229,000,000","181,000,000","62,000,000","216,000,000","236,000,000","301,000,000","326,000,000","287,000,000","271,000,000","90,752,000","291,878,000","276,120,000","270,249,000","274,279,000","311,581,000","290,548,000","263,010,000","301,403,000","338,110,000","311,062,000","314,276,000","256,354,000","306,283,000","297,725,000","315,978,000","305,757,000","338,704,000","261,327,000","312,068,000","283,977,000","297,409,000","275,635,000","270,896,000","249,108,000","240,469,000","235,539,000","131,051,000","175,120,000","206,373,000","156,238,000","217,860,000","121,575,000","189,801,000","186,509,000","194,398,000","182,546,000","109,396,000","165,160,000","125,402,000","161,360,000","130,018,000","142,040,000","113,638,000","131,396,000","119,725,000","129,188,000","99,673,000","135,119,000","124,299,000","118,362,000","60,622,000","84,014,000","114,418,000","119,171,000","75,300,000","76,300,000","33,100,000","90,100,000","76,200,000","89,900,000","-10,000,000","92,300,000","64,300,000","89,200,000","70,100,000","82,700,000","58,100,000","87,100,000","77,200,000","74,800,000","44,500,000","86,600,000","66,700,000","64,900,000","33,500,000","86,300,000","58,100,000","57,100,000","25,700,000","69,900,000","58,200,000","59,000,000","25,700,000","72,000,000","55,500,000","51,500,000","21,800,000","62,300,000","49,000,000","49,000,000","29,500,000","62,300,000","46,700,000","45,500,000","27,700,000","54,500,000","39,000,000","41,600,000","23,000,000","52,400,000","39,700,000","36,000,000","20,800,000","41,900,000","36,200,000","33,300,000","30,500,000","31,500,000","31,700,000","31,100,000","17,500,000","28,900,000"
			NetIncomeDiscontinuousOperations,,,,,,,,,,,,,,,,,,,,,,,,,,,,,,,"0","0","0","0","-375,000","9,672,000","-483,000","355,187,000","14,764,000","15,285,000","485,000","-25,000","-1,424,000","4,948,000","957,000","1,661,000","140,341,000","625,000","-94,000","398,000","11,463,000","2,323,000","-53,000","14,000","-1,802,000","-320,000","550,000","652,000","10,704,000","4,340,000","6,994,000","11,828,000","-1,141,000",,"-2,170,000",,"27,519,000","-133,000","1,641,000","953,000",,,,,,,,,,,,,,,,,,,,,,,,,,,,,,,,,,,,,,,,,,,,,,,,,,,,,,,,,,,,,"0","2,700,000","3,500,000","4,700,000","3,000,000","3,200,000","3,200,000","3,700,000",,,,,,,,,
	PreferredStockDividends,"90,000,000","23,000,000","22,000,000","23,000,000","23,000,000","23,000,000","23,000,000","9,000,000","38,000,000","38,000,000","38,000,000","38,000,000","38,000,000","38,000,000","38,000,000","38,000,000","38,000,000","38,000,000","38,000,000","32,000,000",,,,,,,,,,,,,,,,,,,,,,,,,,,,,,,,,,,,,,,,,,,,,,,"0",,,"367,000","510,000","520,000","535,000","550,000","422,000","578,000","595,000","606,000","966,000","634,000","646,000","654,000","663,000","672,000","685,000","701,000","713,000","725,000","732,000",,"700,000","800,000","800,000","800,000","800,000","800,000","800,000","800,000","1,000,000",,"800,000","900,000","900,000","800,000","900,000","900,000","800,000","1,000,000","900,000","900,000","0","900,000","900,000","900,000","800,000","600,000","600,000","600,000","600,000","600,000","600,000","600,000","700,000","600,000","600,000","600,000","700,000","600,000","500,000",,,,,,,,,,,,,,,,,,
DilutedNIAvailtoComStockholders,"1,676,000,000","655,000,000","242,000,000","502,000,000","277,000,000","980,000,000","105,000,000","277,000,000","145,000,000","240,000,000","125,000,000","413,000,000","-18,000,000","562,000,000","-173,000,000","556,000,000","-50,000,000","-174,000,000","289,000,000","-165,000,000","344,000,000","562,000,000","18,000,000","390,000,000","338,000,000","229,000,000","181,000,000","62,000,000","216,000,000","236,000,000","301,000,000","326,000,000","287,000,000","271,000,000","90,377,000","301,550,000","275,637,000","625,436,000","289,043,000","326,866,000","291,033,000","262,985,000","299,979,000","343,058,000","312,019,000","315,937,000","396,695,000","306,908,000","297,631,000","316,376,000","317,220,000","341,027,000","261,274,000","312,082,000","282,175,000","297,089,000","276,185,000","271,548,000","259,812,000","244,809,000","242,533,000","142,879,000","173,979,000","206,373,000","154,068,000","217,860,000","149,094,000","189,668,000","188,150,000","194,984,000","66,934,000","108,876,000","164,625,000","124,852,000","160,938,000","129,440,000","141,445,000","113,032,000","130,430,000","119,091,000","128,542,000","99,019,000","97,706,000","123,627,000","117,677,000","59,921,000","83,301,000","113,693,000","118,439,000","75,300,000","75,600,000","32,300,000","89,300,000","75,400,000","89,100,000","-10,800,000","91,500,000","63,500,000","88,200,000","70,100,000","81,900,000","57,200,000","86,200,000","76,400,000","73,900,000","43,600,000","85,800,000","65,700,000","64,000,000","32,600,000","86,300,000","57,200,000","56,200,000","24,800,000","-72,000,000","57,600,000","58,400,000","25,100,000","71,400,000","54,900,000","50,900,000","21,200,000","61,600,000","48,400,000","48,400,000","28,900,000","61,600,000","46,100,000","45,000,000","27,700,000",,,,,,,,,,,,,,,,,
BasicEPS,,"2.3","0.85","1.73","0.95","3.38","0.36","0.98","0.53","0.88","0.41","1.53","-0.07","2.09","-0.64","2.08","-0.19","-0.76","1.27","-0.75","1.61","2.64","0.09","1.83","1.59","1.08","0.86","0.3","1.1","1.22","1.56","1.69","1.48","1.4","0.46","1.55","1.42","3.18","1.45","1.62","1.41","1.23",,"1.57","1.41","1.39",,"1.32","1.26","1.33",,"1.42","1.09","1.29",,"1.22","1.13","1.11",,"1","0.99","0.58",,"0.84","0.62","0.88",,"0.75","0.74","0.78",,"0.43","0.65","0.5",,"0.51","0.56","0.44",,"0.46","0.5","0.38",,"0.48","0.46","0.24",,"0.45","0.47","0.3",,"0.13","0.36","0.3",,"-0.04","0.37","0.26",,"0.28","0.33","0.23",,"0.29","0.28","0.17",,"0.24","0.23","0.12",,"0.2","0.19","0.09",,"0.19","0.19","0.08",,"0.18","0.17","0.07",,"0.16","0.16","0.1",,"0.15","0.15","0.09",,"0.14","0.14","0.1",,"0.14","0.13","0.09",,"0.11","0.1","0.09",,"0.1","0.1","0.06",
DilutedEPS,,"2.28","0.84","1.72","0.94","3.35","0.36","0.97","0.53","0.87","0.41","1.51","-0.07","2.05","-0.64","2.03","-0.19","-0.76","1.24","-0.75","1.58","2.58","0.09","1.8","1.56","1.06","0.84","0.29","1.08","1.2","1.53","1.65","1.45","1.37","0.46","1.52","1.39","3.13","1.43","1.59","1.39","1.21",,"1.53","1.38","1.36",,"1.29","1.24","1.3",,"1.39","1.06","1.26",,"1.18","1.09","1.07",,"0.96","0.95","0.56",,"0.81","0.6","0.85",,"0.73","0.72","0.75",,"0.41","0.62","0.48",,"0.49","0.54","0.43",,"0.44","0.48","0.37",,"0.46","0.44","0.23",,"0.43","0.45","0.29",,"0.12","0.34","0.29",,"-0.04","0.35","0.25",,"0.27","0.32","0.22",,"0.29","0.28","0.17",,"0.24","0.23","0.12",,"0.2","0.19","0.09",,"0.19","0.19","0.08",,"0.18","0.17","0.07",,"0.16","0.16","0.1",,"0.15","0.15","0.09",,"0.14","0.14","0.1",,"0.14","0.13","0.09",,"0.11","0.1","0.09",,"0.1","0.1","0.06",
BasicAverageShares,,"284,685,000","285,985,000","289,522,000","291,095,000","290,590,000","290,348,000","282,385,000","272,014,000","271,102,000","270,610,000","270,249,000","269,882,000","269,035,000","268,500,000","267,836,000","267,341,000","230,038,000","228,218,000","220,807,000","213,583,000","213,064,000","213,571,000","213,083,000","212,469,000","211,689,000","210,985,000","210,175,000","196,085,000","192,844,000","192,332,000","193,054,000","193,609,000","194,203,000","194,697,000","194,879,000","194,609,000","196,427,000","199,072,000","202,015,000","206,426,000","214,300,000",,"218,966,000","220,894,000","228,083,000",,"233,242,000","235,325,000","237,360,000",,"240,109,000","240,239,000","242,397,000",,"244,273,000","244,411,504","244,637,838",,"244,809,000","244,982,828","246,343,103",,"245,682,143","248,496,774","247,568,182",,"252,890,667","254,256,757","249,979,487",,"253,200,000","253,269,231","249,704,000",,"253,803,922","252,580,357","256,890,909",,"258,893,478","257,084,000","260,576,316",,"257,556,250","255,819,565","249,670,833",,"252,651,111","251,997,872","251,000,000",,"248,461,538","248,055,556","251,333,333",,"270,000,000","247,297,297","244,230,769",,"250,357,143","248,181,818","248,695,652",,"263,448,276","263,928,571","256,470,588",,"273,750,000","278,260,870","271,666,667",,"286,000,000","295,789,474","275,555,556",,"303,157,895","307,368,421","313,750,000",,"305,000,000","299,411,765","302,857,143",,"302,500,000","302,500,000","289,000,000",,"307,333,333","300,000,000","307,777,778",,"318,072,000","320,792,000","322,056,000",,"323,512,000","323,328,000","318,304,000",,"333,728,000","327,840,000","327,840,000",,"330,344,000","326,168,000","322,240,000",
DilutedAverageShares,,"286,723,000","288,598,000","291,897,000","293,547,000","293,112,000","293,328,000","285,148,000","275,037,000","274,952,000","274,959,000","274,336,000","269,882,000","274,256,000","268,500,000","273,925,000","267,341,000","230,038,000","232,657,000","220,807,000","217,866,000","217,739,000","217,916,000","217,372,000","216,538,000","216,294,000","215,719,000","214,928,000","199,938,000","197,000,000","196,460,000","197,005,000","197,488,000","198,110,000","198,628,000","198,719,000","198,143,000","199,570,000","202,439,000","205,290,000","209,803,000","217,634,000",,"223,567,000","225,467,000","232,915,000",,"238,319,000","240,863,000","242,965,000",,"245,696,000","245,890,000","247,684,127",,"251,648,000","253,380,734","253,783,178",,"255,009,375","255,297,895","255,141,071",,"254,781,481","256,780,000","256,305,882",,"259,819,178","261,319,444","259,978,667",,"265,551,220","265,524,194","260,108,333",,"264,163,265","261,935,185","262,865,116",,"270,661,364","267,795,833","267,618,919",,"268,754,348","267,447,727","260,526,087",,"264,402,326","263,197,778","259,655,172",,"269,166,667","262,647,059","260,000,000",,"270,000,000","261,428,571","254,000,000",,"259,629,630","255,937,500","260,000,000",,"263,448,276","263,928,571","256,470,588",,"273,750,000","278,260,870","271,666,667",,"286,000,000","295,789,474","275,555,556",,"303,157,895","307,368,421","313,750,000",,"305,000,000","299,411,765","302,857,143",,"302,500,000","302,500,000","289,000,000",,"307,333,333","300,000,000","307,777,778",,"318,072,000","320,792,000","322,056,000",,"323,512,000","323,328,000","318,304,000",,"333,728,000","327,840,000","327,840,000",,"330,344,000","326,168,000","322,240,000",
TotalOperatingIncomeAsReported,"2,373,000,000","815,000,000","495,000,000","628,000,000","434,000,000","1,241,000,000","255,000,000","358,000,000","370,000,000","501,000,000","111,000,000","626,000,000","136,000,000","888,000,000","571,000,000","513,000,000","183,000,000","230,000,000","443,000,000","-223,000,000","446,000,000","811,000,000","96,000,000","516,000,000","466,000,000","352,000,000","295,000,000","137,000,000","293,000,000","349,000,000","402,000,000","445,000,000","381,000,000","378,000,000","76,223,000","404,555,000","381,132,000","392,089,000","388,780,000","449,018,000","406,438,000","358,569,000","438,157,000","471,707,000","440,340,000","413,078,000","360,182,000","440,100,000","430,495,000","446,020,000","439,608,000","431,763,000","363,467,000","421,808,000","398,264,000","409,566,000","381,561,000","362,676,000","343,769,000","327,537,000","318,064,000","213,830,000","230,538,000","279,006,000","239,804,000","301,121,000","262,668,000","261,620,000","255,185,000","250,697,000","252,910,000","134,691,000","231,292,000","168,374,000","220,297,000","174,465,000","196,781,000","157,583,000","192,159,000","165,924,000","175,927,000","141,653,000","185,361,000","177,073,000","177,155,000","106,291,000","149,452,000","151,327,000","149,907,000","121,700,000","136,400,000","129,100,000","144,400,000","110,900,000","149,600,000","99,300,000","144,500,000","103,100,000","137,300,000","105,100,000","121,600,000","86,500,000","126,500,000","120,000,000","112,800,000","72,000,000","120,900,000","109,900,000","106,200,000","59,600,000","88,000,000","94,500,000","93,400,000","49,000,000","54,900,000","83,000,000","79,100,000","53,600,000","107,900,000","89,800,000","86,600,000","44,400,000","91,700,000","81,200,000","87,200,000","53,500,000","100,900,000","77,400,000","81,900,000","45,400,000",,,,,,,,,,,,,,,,,
TotalExpenses,"17,388,000,000","4,145,000,000","4,582,000,000","4,238,000,000","4,422,000,000","4,023,000,000","4,447,000,000","3,422,000,000","3,809,000,000","3,638,000,000","4,277,000,000","3,634,000,000","3,958,000,000","3,183,000,000","3,692,000,000","3,620,000,000","3,936,000,000","2,496,000,000","2,611,000,000","3,178,000,000","2,448,000,000","2,025,000,000","2,728,000,000","2,586,000,000","2,498,000,000","2,513,000,000","2,582,000,000","2,874,000,000","1,645,000,000","1,679,000,000","1,801,000,000","1,711,000,000","1,691,000,000","1,637,000,000","2,023,545,000","1,648,109,000","1,619,243,000","1,508,103,000","1,578,391,000","1,531,512,000","1,584,380,000","1,529,076,000","1,612,638,000","1,542,374,000","1,481,683,000","1,428,927,000","1,372,294,000","1,438,129,000","1,414,359,000","1,470,754,000","1,458,125,000","1,388,492,000","1,377,337,000","1,311,697,000","1,437,367,000","1,458,021,000","1,365,364,000","1,343,091,000","1,307,332,000","1,296,228,000","1,257,858,000","1,287,696,000","1,257,213,000","1,204,692,000","1,209,513,000","1,112,940,000","1,116,808,000","1,119,686,000","1,110,345,000","1,037,672,000","954,026,000","1,123,064,000","1,039,231,000","1,031,157,000","956,585,000","990,904,000","937,260,000","894,065,000","884,533,000","832,536,000","837,044,000","803,293,000","810,313,000","777,119,000","784,024,000","736,966,000","770,446,000","762,813,000","775,225,000","737,500,000","766,000,000","743,900,000","729,600,000","658,100,000","693,700,000","734,300,000","593,900,000","598,500,000","611,700,000","601,400,000","577,600,000","569,300,000","604,700,000","572,900,000","592,900,000","567,900,000","601,200,000","594,200,000","586,600,000","533,900,000","629,600,000","558,500,000","541,400,000","505,100,000","612,100,000","542,400,000","533,400,000","506,900,000","573,800,000","500,800,000","505,400,000","456,600,000","486,800,000","473,400,000","469,600,000","428,800,000","465,700,000","419,200,000","438,900,000","383,400,000",,,,,,,,,,,,,,,,,
NetIncomeFromContinuingAndDiscontinuedOperation,"1,766,000,000","677,000,000","265,000,000","525,000,000","299,000,000","1,003,000,000","128,000,000","286,000,000","183,000,000","278,000,000","162,000,000","451,000,000","20,000,000","599,000,000","-135,000,000","594,000,000","-12,000,000","-136,000,000","327,000,000","-132,000,000","344,000,000","562,000,000","18,000,000","390,000,000","338,000,000","229,000,000","181,000,000","62,000,000","216,000,000","236,000,000","301,000,000","326,000,000","287,000,000","271,000,000","90,377,000","301,550,000","275,637,000","625,436,000","289,043,000","326,866,000","291,033,000","262,985,000","299,979,000","343,058,000","312,019,000","315,937,000","396,695,000","306,908,000","297,631,000","316,376,000","317,220,000","341,027,000","261,274,000","312,082,000","282,175,000","297,089,000","276,185,000","271,548,000","259,812,000","244,809,000","242,533,000","142,879,000","173,979,000","206,373,000","154,068,000","217,860,000","149,094,000","189,668,000","188,150,000","195,351,000","67,444,000","109,396,000","165,160,000","125,402,000","161,360,000","130,018,000","142,040,000","113,638,000","131,396,000","119,725,000","129,188,000","99,673,000","135,119,000","124,299,000","118,362,000","60,622,000","84,014,000","114,418,000","119,171,000","75,300,000","76,300,000","33,100,000","90,100,000","76,200,000","89,900,000","-10,000,000","92,300,000","64,300,000","89,200,000","70,100,000","82,700,000","58,100,000","87,100,000","77,200,000","74,800,000","44,500,000","86,600,000","66,700,000","64,900,000","33,500,000","86,300,000","58,100,000","57,100,000","25,700,000","69,900,000","58,200,000","59,000,000","25,700,000","72,000,000","55,500,000","51,500,000","21,800,000","62,300,000","49,000,000","49,000,000","29,500,000","62,300,000","46,700,000","45,500,000","27,700,000",,,,,,,,,,,,,,,,,
NormalizedIncome,"2,061,961,283.186","708,858,000","457,274,436.09","542,520,000","350,012,000","1,046,350,000","204,979,020.979","340,020,000","251,625,000","338,544,000","324,060,000","539,200,000","93,730,000","675,349,000","-29,880,000","737,208,000","69,030,000","81,200,000","395,400,000","-75,600,000","415,325,000","658,509,000","262,200,000","478,704,000","431,600,000","333,060,000","354,378,947.368","126,800,000","324,593,000","254,998,000","301,000,000","326,000,000","287,000,000","271,000,000","90,752,000","291,878,000","276,120,000","270,249,000","274,279,000","312,981,302.147","287,101,824.982","263,304,139.937","300,488,022.754","338,376,441.611","312,892,967.962","317,814,916.96","255,409,859.036","305,323,857.777","297,610,757.771","317,670,528.721","308,074,676.856","342,057,129.729","265,528,626.212","305,158,460.92","285,226,582.585","298,340,623.434","275,038,012.901","270,373,528.366","252,299,822.829","244,568,595.572","231,234,829.263","132,496,352.609","178,791,086.542","208,174,434.757","156,535,893.109","218,710,612.786","122,161,200","190,527,496.874","188,192,474.489","196,727,870.38","183,241,251.904","194,226,717.192","167,498,503.54","125,438,189.01","160,644,013.609","131,644,313.336","143,448,344.812","113,573,950.24","142,060,694.181","127,470,628.126","136,469,183.077","100,907,586.544","135,096,187.919","124,577,920.539","122,479,692.524","66,672,344.031","124,387,878.672","94,762,457.179","92,898,914.449","74,042,534.381","77,417,226.529","105,207,365.439","89,036,664.044","75,389,361.702","90,653,734.756","74,272,727.273","94,501,000","65,861,368.653","89,484,076.433","67,403,846.154","80,357,424.893","54,690,709.046","85,010,752.688","79,432,462.687","74,224,061.598","45,076,051.78","80,049,210.308","73,854,413.408","66,589,370.933","34,485,294.118","62,314,496.768","59,867,300.38","60,673,501.997","29,045,562.13","71,640,000","52,635,059.761","52,328,337.875","30,794,378.698","75,406,451.613","56,522,368.421","53,615,439.093","22,747,826.087","63,333,035.714","48,573,913.043","47,953,271.028","27,668,514.412","60,772,388.06","44,770,797.721","46,299,414.348","24,452,870.813",,,,,,,,,,,,,,,,,
InterestIncome,"9,000,000","2,000,000","2,000,000","2,000,000","2,000,000","2,000,000","2,000,000","2,000,000","2,000,000","1,000,000","4,000,000","2,000,000","18,000,000","-12,000,000","10,000,000","8,000,000","4,000,000","44,000,000","45,000,000","19,000,000","7,000,000","5,000,000","7,000,000","5,000,000","3,000,000","6,000,000","-5,000,000","2,000,000","8,000,000","10,000,000","10,000,000","12,000,000","10,000,000","14,000,000","13,988,000","6,272,000","11,818,000","7,922,000","11,954,000","6,253,000","16,678,000","15,448,000","1,915,000","11,508,000","14,564,000","15,222,000","14,594,000","2,094,000","9,652,000","8,789,000","14,418,000","12,767,000","4,312,000",,,,,,,,,,,,,,,,,,,,,,,,,,,,,,,,,,,,,,,,,,,,,,,,,,,,,,,,,,,,,,,,,,,,,,,,,,,,,,,,,,,,,,,,,,,,,,
InterestExpense,"449,000,000","98,000,000","111,000,000","115,000,000","124,000,000","118,000,000","123,000,000","135,000,000","134,000,000","136,000,000","141,000,000","156,000,000","171,000,000","183,000,000","181,000,000","182,000,000","185,000,000","158,000,000","157,000,000","184,000,000","86,000,000","95,000,000","95,000,000","97,000,000","99,000,000","97,000,000","99,000,000","105,000,000","91,000,000","76,000,000","36,000,000","33,000,000","33,000,000","34,000,000","33,666,000","34,573,000","34,732,000","35,029,000","35,291,000","34,849,000","35,140,000","29,378,000","22,334,000","22,211,000","23,921,000","15,553,000","12,278,000","13,085,000","12,913,000","12,987,000","13,782,000","11,288,000","7,495,000",,,,,,,,,,,,,,,,,,,,,,,,,,,,,,,,,,,,,,,,,,,,,,,,,,,,,,,,,,,,,,,,,,,,,,,,,,,,,,,,,,,,,,,,,,,,,,
NetInterestIncome,"-440,000,000","-96,000,000","-109,000,000","-113,000,000","-122,000,000","-116,000,000","-121,000,000","-133,000,000","-132,000,000","-135,000,000","-137,000,000","-154,000,000","-153,000,000","-183,000,000","-171,000,000","-174,000,000","-181,000,000","-114,000,000","-112,000,000","-165,000,000","-79,000,000","-90,000,000","-88,000,000","-92,000,000","-96,000,000","-91,000,000","-104,000,000","-103,000,000","-83,000,000","-66,000,000","-26,000,000","-21,000,000","-23,000,000","-20,000,000","-19,678,000","-28,301,000","-22,914,000","-27,107,000","-23,337,000","-28,596,000","-18,462,000","-13,930,000","-20,419,000","-10,703,000","-9,357,000","-331,000","2,316,000","-10,991,000","-3,261,000","-4,198,000","636,000","1,479,000","-3,183,000",,,,,,,,,,,,,,,,,,,,,,,,,,,,,,,,,,,,,,,,,,,,,,,,,,,,,,,,,,,,,,,,,,,,,,,,,,,,,,,,,,,,,,,,,,,,,,
EBIT,"2,257,000,000","821,000,000","377,000,000","629,000,000","429,000,000","1,275,000,000","266,000,000","383,000,000","334,000,000","530,000,000","139,000,000","616,000,000","174,000,000","897,000,000","595,000,000","829,000,000","191,000,000","263,000,000","483,000,000","-220,000,000","448,000,000","787,000,000","104,000,000","519,000,000","475,000,000","363,000,000","289,000,000","144,000,000","316,000,000","361,000,000","413,000,000","456,000,000","396,000,000","393,000,000","93,436,000","413,636,000","395,203,000","400,725,000","397,190,000","453,390,000","427,773,000","373,632,000","441,344,000","482,852,000","452,382,000","423,704,000","376,116,000","443,542,000","440,311,000","452,455,000","450,714,000","440,283,000","362,078,000","421,808,000","398,264,000","409,566,000","381,561,000","362,676,000","343,769,000","334,931,000","318,064,000","213,830,000","230,538,000","279,006,000","239,804,000","301,121,000","262,668,000","261,620,000","255,185,000","250,697,000","252,910,000","134,691,000","231,292,000","168,374,000","220,297,000","174,465,000","196,781,000","157,583,000","192,159,000","165,924,000","175,927,000","141,653,000","185,361,000","177,073,000","177,155,000","106,291,000","149,452,000","151,327,000","149,907,000","121,700,000","136,400,000","129,100,000","144,400,000","110,900,000","149,600,000","99,300,000","144,500,000","103,100,000","137,300,000","105,100,000","121,600,000","86,500,000","126,500,000","120,000,000","112,800,000","72,000,000","120,900,000","109,900,000","106,200,000","59,600,000","88,000,000","94,500,000","93,400,000","49,000,000","54,900,000","83,000,000","79,100,000","53,600,000","107,900,000","89,800,000","86,600,000","44,400,000","91,700,000","81,200,000","87,200,000","53,500,000","100,900,000","77,400,000","81,900,000","45,400,000","-1,055,900,000","442,800,000","462,900,000","406,100,000","-994,800,000","439,600,000","427,800,000","366,500,000","-900,100,000","392,900,000","390,000,000","343,600,000","-738,800,000","337,400,000","319,100,000","265,400,000","-690,200,000"
EBITDA,"4,532,000,000"
ReconciledCostOfRevenue,"10,810,000,000","2,572,000,000","2,848,000,000","2,729,000,000","2,661,000,000","2,583,000,000","2,578,000,000","2,195,000,000","2,520,000,000","2,247,000,000","2,318,000,000","2,276,000,000","2,221,000,000","2,187,000,000","2,311,000,000","2,262,000,000","2,619,000,000","1,530,000,000","1,612,000,000","1,532,000,000","1,537,000,000","1,470,000,000","1,679,000,000","1,651,000,000","1,584,000,000","1,578,000,000","1,644,000,000","1,932,000,000","1,005,000,000","1,006,000,000","1,100,000,000","1,046,000,000","1,019,000,000","980,000,000","1,014,007,000","992,673,000","982,256,000","894,063,000","966,344,000","947,395,000","970,832,000","926,182,000","999,352,000","951,980,000","920,589,000","865,431,000","830,924,000","905,822,000","886,895,000","919,542,000","911,911,000","860,063,000","838,101,000","804,298,000","891,545,000","917,362,000","853,807,000","829,846,000","807,377,000","791,071,000","764,540,000","708,933,000","767,533,000","732,943,000","710,635,000","675,741,000","662,746,000","686,764,000","678,018,000","634,501,000","597,217,000","624,212,000","638,049,000","640,884,000","585,436,000","622,387,000","578,428,000","550,039,000","546,703,000","514,071,000","523,133,000","499,762,000","501,425,000","475,305,000","487,615,000","448,947,000","397,056,000","380,552,000","404,918,000","377,600,000","367,800,000","398,500,000","363,500,000","323,000,000","343,300,000","358,800,000","308,400,000","301,800,000","309,100,000","299,600,000","301,300,000","293,400,000","309,200,000","303,900,000","317,900,000","297,700,000","307,000,000","326,200,000","318,600,000","276,800,000","330,600,000","309,200,000","293,000,000","263,200,000","322,900,000","295,300,000","288,900,000","271,300,000","329,300,000","275,200,000","281,000,000","246,400,000","272,200,000","263,900,000","257,100,000","229,400,000","258,700,000","235,500,000","250,600,000","210,900,000",,,,,,,,,,,,,,,,,
ReconciledDepreciation,"2,275,000,000","557,000,000","592,000,000","568,000,000","558,000,000","555,000,000","553,000,000","534,000,000","537,000,000","530,000,000","553,000,000","574,000,000","563,000,000","563,000,000","566,000,000","568,000,000","553,000,000","291,000,000","286,000,000","279,000,000","261,000,000","262,000,000","273,000,000","272,000,000","280,000,000","289,000,000","315,000,000","299,000,000","138,000,000","139,000,000","149,000,000","141,000,000","130,000,000","142,000,000","142,319,000","138,204,000","136,644,000","128,833,000","127,379,000","117,678,000","130,263,000","135,618,000","131,879,000","126,813,000","122,205,000","123,192,000","119,108,000","130,978,000","126,806,000","125,221,000","117,947,000","118,450,000","117,278,000","116,518,000","124,309,000","121,054,000","116,847,000","115,212,000","117,776,000","112,537,000","109,947,000","101,081,000","107,129,000","99,843,000","98,435,000","99,688,000","99,268,000","95,186,000","98,356,000","94,686,000","83,500,000","87,715,000","95,693,000","90,316,000","84,824,000","91,501,000","86,050,000","82,081,000","80,379,000","78,803,000","72,723,000","72,960,000","73,263,000","77,380,000","79,739,000","75,318,000","73,500,000","73,286,000","69,069,000","72,400,000","67,600,000","62,800,000","65,800,000","62,700,000","59,800,000","60,200,000","55,700,000","53,000,000","55,600,000","53,100,000","51,400,000","49,700,000","50,700,000","48,000,000","50,800,000","51,000,000","53,700,000","52,200,000","51,600,000","50,300,000","55,200,000","48,700,000","50,100,000","49,700,000","49,300,000","47,000,000","48,200,000","45,300,000","45,800,000","43,900,000","40,900,000","39,000,000","38,100,000","37,400,000","37,400,000","37,000,000","39,600,000","33,600,000","31,900,000","30,600,000",,,,,,,,,,,,,,,,,
NetIncomeFromContinuingOperationNetMinorityInterest,"1,766,000,000","677,000,000","265,000,000","525,000,000","299,000,000","1,003,000,000","128,000,000","286,000,000","183,000,000","278,000,000","162,000,000","451,000,000","20,000,000","599,000,000","-135,000,000","594,000,000","-12,000,000","-136,000,000","327,000,000","-132,000,000","344,000,000","562,000,000","18,000,000","390,000,000","338,000,000","229,000,000","181,000,000","62,000,000","216,000,000","236,000,000","301,000,000","326,000,000","287,000,000","271,000,000","90,752,000","291,878,000","276,120,000","270,249,000","274,279,000","311,581,000","290,548,000","263,010,000","301,403,000","338,110,000","311,062,000","314,276,000","256,354,000","306,283,000","297,725,000","315,978,000","305,757,000","338,704,000","261,327,000","312,068,000","283,977,000","297,409,000","275,635,000","270,896,000","249,108,000","240,469,000","235,539,000","131,051,000","175,120,000","206,373,000","156,238,000","217,860,000","121,575,000","189,801,000","186,509,000","194,398,000","182,546,000","109,396,000","165,160,000","125,402,000","161,360,000","130,018,000","142,040,000","113,638,000","131,396,000","119,725,000","129,188,000","99,673,000","135,119,000","124,299,000","118,362,000","60,622,000","84,014,000","114,418,000","119,171,000","75,300,000","76,300,000","33,100,000","90,100,000","76,200,000","89,900,000","-10,000,000","92,300,000","64,300,000","89,200,000","70,100,000","82,700,000","58,100,000","87,100,000","77,200,000","74,800,000","44,500,000","86,600,000","66,700,000","64,900,000","33,500,000","86,300,000","58,100,000","57,100,000","25,700,000","69,900,000","58,200,000","59,000,000","25,700,000","72,000,000","55,500,000","51,500,000","21,800,000","62,300,000","49,000,000","49,000,000","29,500,000","62,300,000","46,700,000","45,500,000","27,700,000",,,,,,,,,,,,,,,,,
TotalUnusualItemsExcludingGoodwill,"-303,000,000","-34,000,000","-193,000,000","-24,000,000","-52,000,000","-50,000,000","-86,000,000","-74,000,000","-75,000,000","-86,000,000","-222,000,000","-90,000,000","-101,000,000","-91,000,000","-144,000,000","-156,000,000","-111,000,000","-362,000,000","-114,000,000","-94,000,000","-75,000,000","-119,000,000","-407,000,000","-96,000,000","-104,000,000","-121,000,000","-182,000,000","-108,000,000","-113,000,000","-23,000,000",,,,,,,,,,"-1,881,000","4,657,000","-385,000","1,272,000","-363,000","-2,522,000","-4,596,000","1,340,000","1,348,000","164,000","-2,354,000","-3,312,000","-4,247,000","-5,701,000","9,411,000","-1,736,000","-1,285,000","828,000","707,000","-4,334,000","-5,620,000","5,872,000","-2,368,000","-4,763,000","-2,386,000","-451,000","-1,163,000","-977,000","-984,000","-2,242,000","-2,861,000","-927,000","-100,701,000","-3,118,000","-46,000","939,000","-2,036,000","-1,847,000","84,000","-13,959,000","-10,258,000","-9,445,000","-1,616,000","30,000","-367,000","-5,418,000","-7,961,000","-44,005,000","27,745,000","36,399,000","1,700,000","-1,700,000","-76,900,000","1,500,000","1,000,000","-1,100,000","-92,700,000","-3,100,000","-2,200,000","-400,000","3,800,000","3,300,000","4,800,000","2,900,000","-3,100,000","800,000","-800,000","9,100,000","-9,600,000","-2,400,000","-1,400,000","30,100,000","-2,400,000","-4,700,000","-4,400,000","-2,900,000","7,200,000","8,300,000","-6,700,000","-4,400,000","-1,400,000","-2,900,000","-1,300,000","-1,300,000","600,000","1,600,000","2,800,000","2,300,000","2,900,000","-1,200,000","4,900,000",,,,,,,,,,,,,,,,,
TotalUnusualItems,"-303,000,000","-34,000,000","-193,000,000","-24,000,000","-52,000,000","-50,000,000","-86,000,000","-74,000,000","-75,000,000","-86,000,000","-222,000,000","-90,000,000","-101,000,000","-91,000,000","-144,000,000","-156,000,000","-111,000,000","-362,000,000","-114,000,000","-94,000,000","-75,000,000","-119,000,000","-407,000,000","-96,000,000","-104,000,000","-121,000,000","-182,000,000","-108,000,000","-113,000,000","-23,000,000",,,,,,,,,,"-1,881,000","4,657,000","-385,000","1,272,000","-363,000","-2,522,000","-4,596,000","1,340,000","1,348,000","164,000","-2,354,000","-3,312,000","-4,247,000","-5,701,000","9,411,000","-1,736,000","-1,285,000","828,000","707,000","-4,334,000","-5,620,000","5,872,000","-2,368,000","-4,763,000","-2,386,000","-451,000","-1,163,000","-977,000","-984,000","-2,242,000","-2,861,000","-927,000","-100,701,000","-3,118,000","-46,000","939,000","-2,036,000","-1,847,000","84,000","-13,959,000","-10,258,000","-9,445,000","-1,616,000","30,000","-367,000","-5,418,000","-7,961,000","-44,005,000","27,745,000","36,399,000","1,700,000","-1,700,000","-76,900,000","1,500,000","1,000,000","-1,100,000","-92,700,000","-3,100,000","-2,200,000","-400,000","3,800,000","3,300,000","4,800,000","2,900,000","-3,100,000","800,000","-800,000","9,100,000","-9,600,000","-2,400,000","-1,400,000","30,100,000","-2,400,000","-4,700,000","-4,400,000","-2,900,000","7,200,000","8,300,000","-6,700,000","-4,400,000","-1,400,000","-2,900,000","-1,300,000","-1,300,000","600,000","1,600,000","2,800,000","2,300,000","2,900,000","-1,200,000","4,900,000",,,,,,,,,,,,,,,,,
NormalizedEBITDA,"4,835,000,000","1,412,000,000","1,162,000,000","1,221,000,000","1,039,000,000","1,880,000,000","905,000,000","991,000,000","946,000,000","1,146,000,000","914,000,000","1,280,000,000","838,000,000","1,551,000,000","1,305,000,000","1,553,000,000","855,000,000","916,000,000","883,000,000","153,000,000","784,000,000","1,168,000,000","784,000,000","887,000,000","859,000,000","773,000,000","786,000,000","551,000,000","567,000,000","523,000,000","562,000,000","597,000,000","526,000,000","535,000,000","235,755,000","551,840,000","531,847,000","529,558,000","524,569,000","572,949,000","553,379,000","509,635,000","571,951,000","610,028,000","577,109,000","551,492,000","493,884,000","573,172,000","566,953,000","580,030,000","571,973,000","562,980,000","485,057,000","528,915,000","524,309,000","531,905,000","497,580,000","477,181,000","465,879,000","453,088,000","422,139,000","317,279,000","342,430,000","381,235,000","338,690,000","401,972,000","362,913,000","357,790,000","355,783,000","348,244,000","337,337,000","323,107,000","330,103,000","258,736,000","304,182,000","268,002,000","284,678,000","239,580,000","286,497,000","254,985,000","258,095,000","216,229,000","258,594,000","254,820,000","262,312,000","189,570,000","266,957,000","196,868,000","182,577,000","192,400,000","205,700,000","268,800,000","208,700,000","172,600,000","210,500,000","252,200,000","203,300,000","158,300,000","193,300,000","154,400,000","169,700,000","131,400,000","174,300,000","222,100,000","162,800,000","123,800,000","165,500,000","171,700,000","160,200,000","111,300,000","113,100,000","145,600,000","148,200,000","103,100,000","107,100,000","122,900,000","119,000,000","105,600,000","158,100,000","135,100,000","130,400,000","84,700,000","131,100,000","118,000,000","123,000,000","87,700,000","138,200,000","108,100,000","115,000,000","71,100,000","-1,055,900,000","442,800,000","462,900,000","406,100,000","-994,800,000","439,600,000","427,800,000","366,500,000","-900,100,000","392,900,000","390,000,000","343,600,000","-738,800,000","337,400,000","319,100,000","265,400,000","-690,200,000"
TaxRateForCalcs,"0.023","0.063","0.004","0.27","0.019","0.133","0.105","0.27","0.085","0.296","0.27","0.02","0.27","0.161","0.27","0.082","0.27","0.4","0.4","0.4","0.049","0.189","0.4","0.076","0.1","0.14","0.047","0.4","0.039","0.174","0.202","0.23","0.209","0.244","0.35","0.23","0.234","0.261","0.242","0.256","0.26","0.236","0.281","0.266","0.274","0.23","0.295","0.288","0.303","0.281","0.3","0.21","0.263","0.266","0.28","0.275","0.279","0.261","0.264","0.271","0.267","0.39","0.229","0.245","0.339","0.269","0.4","0.262","0.249","0.186","0.25","0.158","0.25","0.213","0.238","0.201","0.237","0.238","0.236","0.245","0.229","0.236","0.24","0.24","0.24","0.24","0.083","0.292","0.278","0.26","0.343","0.062","0.291","0.189","0.315","0.091","0.29","0.29","0.29","0.29","0.29","0.29","0.28","0.28","0.28","0.28","0.28","0.255","0.296","0.296","0.203","0.264","0.24","0.24","0.4","0.227","0.196","0.24","0.226","0.27","0.271","0.271","0.205","0.29","0.346","0.346","0.336","0.335","0.334","0.337",,,,,,,,,,,,,,,,,
TaxEffectOfUnusualItems,"-7,038,716.814","-2,142,000","-725,563.91","-6,480,000","-988,000","-6,650,000","-9,020,979.021","-19,980,000","-6,375,000","-25,456,000","-59,940,000","-1,800,000","-27,270,000","-14,651,000","-38,880,000","-12,792,000","-29,970,000","-144,800,000","-45,600,000","-37,600,000","-3,675,000","-22,491,000","-162,800,000","-7,296,000","-10,400,000","-16,940,000","-8,621,052.632","-43,200,000","-4,407,000","-4,002,000","0","0","0","0","0","0","0","0","0","-480,697.853","1,210,824.982","-90,860.063","357,022.754","-96,558.389","-691,032.038","-1,057,083.04","395,859.036","388,857.777","49,757.771","-661,471.279","-994,323.144","-893,870.271","-1,499,373.788","2,501,460.92","-486,417.415","-353,376.566","231,012.901","184,528.366","-1,142,177.171","-1,520,404.428","1,567,829.263","-922,647.391","-1,091,913.458","-584,565.243","-153,106.891","-312,387.214","-390,800","-257,503.126","-558,525.511","-531,129.62","-231,748.096","-15,870,282.808","-779,496.46","-9,810.99","223,013.609","-409,686.664","-438,655.188","19,950.24","-3,294,305.819","-2,512,371.874","-2,163,816.923","-381,413.456","7,187.919","-88,079.461","-1,300,307.476","-1,910,655.969","-3,631,121.328","8,089,457.179","10,126,914.449","442,534.381","-582,773.471","-4,792,634.561","436,664.044","189,361.702","-346,265.244","-8,427,272.727","-899,000","-638,631.347","-115,923.567","1,103,846.154","957,424.893","1,390,709.046","810,752.688","-867,537.313","224,061.598","-223,948.22","2,549,210.308","-2,445,586.592","-710,629.067","-414,705.882","6,114,496.768","-632,699.62","-1,126,498.003","-1,054,437.87","-1,160,000","1,635,059.761","1,628,337.875","-1,605,621.302","-993,548.387","-377,631.579","-784,560.907","-352,173.913","-266,964.286","173,913.043","553,271.028","968,514.412","772,388.06","970,797.721","-400,585.652","1,652,870.813",,,,,,,,,,,,,,,,,