name,ttm,12/31/2021,09/30/2021,06/30/2021,03/31/2021,12/31/2020,09/30/2020,06/30/2020,03/31/2020,12/31/2019,09/30/2019,06/30/2019,03/31/2019,12/31/2018,09/30/2018,06/30/2018,03/31/2018,12/31/2017,09/30/2017,06/30/2017,03/31/2017,12/31/2016,09/30/2016,06/30/2016,03/31/2016,12/31/2015,09/30/2015,06/30/2015,03/31/2015,12/31/2014,09/30/2014,06/30/2014,03/31/2014,12/31/2013,09/30/2013,06/30/2013,03/31/2013,12/31/2012,09/30/2012,06/30/2012,03/31/2012,12/31/2011,09/30/2011,06/30/2011,03/31/2011,12/31/2010,09/30/2010,06/30/2010,03/31/2010,12/31/2009,09/30/2009,06/30/2009,03/31/2009,12/31/2008,09/30/2008,06/30/2008,03/31/2008,12/31/2007,09/30/2007,06/30/2007,03/31/2007,12/31/2006,09/30/2006,06/30/2006,03/31/2006,12/31/2005,09/30/2005,06/30/2005,03/31/2005,12/31/2004,09/30/2004,06/30/2004,03/31/2004,12/31/2003,09/30/2003,06/30/2003,03/31/2003,12/31/2002,09/30/2002,06/30/2002,03/31/2002,12/31/2001,09/30/2001,06/30/2001,03/31/2001,12/31/2000,09/30/2000,06/30/2000,03/31/2000,12/31/1999,09/30/1999,06/30/1999,03/31/1999,12/31/1998,09/30/1998,06/30/1998,03/31/1998,12/31/1997,09/30/1997,06/30/1997,03/31/1997,12/31/1996,09/30/1996,06/30/1996,03/31/1996,12/31/1995,09/30/1995,06/30/1995,03/31/1995,12/31/1994,09/30/1994,06/30/1994,03/31/1994,12/31/1993,09/30/1993,06/30/1993,03/31/1993,12/31/1992,09/30/1992,06/30/1992,03/31/1992,12/31/1991,09/30/1991,06/30/1991,03/31/1991,12/31/1990,09/30/1990,06/30/1990,03/31/1990,12/31/1989,09/30/1989,06/30/1989,03/31/1989,12/31/1988,09/30/1988,06/30/1988,03/31/1988,12/31/1987,09/30/1987,06/30/1987,03/31/1987,12/31/1986,09/30/1986,06/30/1986,03/31/1986,12/31/1985,09/30/1985
TotalRevenue,"8,654,400,000","2,224,000,000","2,181,000,000","2,172,900,000","2,076,500,000","1,995,100,000","1,627,400,000","1,188,100,000","1,338,300,000","1,412,700,000","1,452,500,000","1,476,700,000","1,433,800,000","1,411,500,000","1,527,200,000","1,558,600,000","1,617,800,000","1,615,500,000","1,616,900,000","1,613,900,000","1,600,600,000","1,560,800,000","1,611,800,000","1,634,300,000","1,613,900,000","1,758,000,000","1,873,800,000","2,000,800,000","2,009,800,000","2,064,300,000","2,155,500,000","2,130,500,000","2,095,900,000","2,109,500,000","1,984,800,000","2,084,800,000","2,013,600,000","1,901,800,000","1,816,191,000","1,783,584,000","1,799,349,000","1,701,876,000","1,837,130,000","1,853,033,000","1,749,563,000","1,700,313,000","1,528,404,000","1,534,071,000","1,413,113,000","1,377,411,000","1,238,927,000","1,073,558,000","912,272,000","969,330,000","1,321,454,000","1,521,649,000","1,503,692,000","1,685,591,000","1,629,137,000","1,639,811,000","1,509,006,000","1,427,815,000","1,297,229,000","1,317,275,000","1,254,770,000","1,181,452,000","1,163,161,000","1,109,734,000","1,051,181,000","986,022,000","894,645,000","862,753,000","874,641,000","806,169,000","721,955,000","683,907,000","613,135,000","605,451,000","608,307,000","666,050,000","625,968,000","618,207,000","603,883,000","609,473,000","577,413,000","564,074,000","593,050,000","568,897,000","612,526,000","565,667,000","536,719,000","579,002,000","568,561,000","578,215,000","556,580,000","688,031,000","685,287,000","647,374,000","623,475,000","577,900,000","521,900,000","440,000,000","390,768,000","395,400,000","244,600,000","226,600,000","196,403,000","224,500,000","209,300,000","215,600,000","209,871,000","204,900,000","213,600,000","198,500,000","173,100,000","172,000,000","158,900,000","136,700,000","103,200,000","96,600,000","95,800,000","89,300,000","85,400,000","81,200,000","76,800,000","73,900,000","73,600,000","72,800,000","69,600,000","69,100,000","68,200,000","63,000,000","62,800,000","59,300,000","52,900,000","50,000,000","50,300,000","49,200,000","51,300,000","52,600,000","53,500,000","49,300,000","35,800,000","35,800,000","35,800,000","35,700,000","16,400,000"
	OperatingRevenue,"8,608,000,000","2,206,400,000","2,169,200,000","2,164,700,000","2,067,700,000","1,986,700,000","1,697,000,000","1,155,900,000","1,304,700,000","1,381,200,000","1,416,800,000","1,439,600,000","1,408,000,000","1,381,700,000","1,491,500,000","1,523,200,000","1,588,200,000","1,586,300,000","1,587,600,000","1,587,000,000","1,576,800,000","1,539,100,000","1,595,500,000","1,605,200,000","1,594,000,000","1,727,000,000","1,831,900,000","1,974,200,000","1,993,700,000","2,043,200,000","2,126,400,000","2,105,900,000","2,074,300,000","2,086,600,000","1,965,600,000","2,060,300,000","1,986,800,000","1,878,400,000","1,816,191,000","1,783,584,000","1,799,349,000","1,701,876,000","1,837,130,000","1,853,033,000","1,749,563,000","1,700,313,000","1,528,404,000","1,534,071,000","1,413,113,000","1,377,411,000","1,238,927,000","1,073,558,000","912,272,000","969,330,000","1,321,454,000","1,521,649,000","1,503,692,000","1,765,387,000","1,612,113,000","1,617,284,000","1,489,977,000","1,409,228,000","1,369,156,000","1,361,194,000","1,236,581,000","1,224,632,000","1,222,856,000","1,135,985,000","1,088,205,000","1,029,574,000","922,551,000","873,590,000","909,406,000","826,360,000","743,716,000","706,322,000","628,693,000","617,754,000","562,254,000","684,067,000","640,750,000","596,146,000","590,548,000","597,023,000","570,263,000","558,369,000","626,891,000","588,733,000","632,278,000","582,346,000","592,653,000","579,002,000","568,561,000","578,215,000","613,303,000","688,031,000","685,287,000","647,374,000","673,061,000","577,900,000","521,900,000","440,000,000","390,800,000","395,400,000","244,600,000","226,600,000","196,400,000","224,500,000","209,300,000","215,600,000","209,900,000","204,900,000","213,600,000","198,500,000","173,100,000","172,000,000","158,900,000","136,700,000","103,200,000","96,600,000","95,800,000","89,300,000","85,400,000","81,200,000","76,800,000","73,900,000","73,600,000","72,800,000","69,600,000","69,100,000","68,200,000","63,000,000","62,800,000","59,300,000","52,900,000","50,000,000","50,300,000","49,200,000","51,300,000","52,600,000","53,500,000","49,300,000","35,800,000","35,800,000","35,800,000","35,700,000","16,400,000"
CostOfRevenue,"5,157,800,000","1,312,700,000","1,268,600,000","1,302,400,000","1,274,100,000","1,232,000,000","1,199,000,000","755,100,000","789,600,000","833,300,000","845,700,000","900,100,000","859,000,000","799,500,000","834,800,000","857,300,000","877,000,000","861,200,000","871,000,000","883,900,000","877,900,000","831,500,000","853,400,000","880,300,000","906,000,000","931,100,000","963,100,000","1,057,500,000","1,088,000,000","1,107,000,000","1,121,800,000","1,170,000,000","1,138,600,000","1,125,700,000","1,066,400,000","1,158,300,000","1,135,900,000","1,066,000,000","701,601,000","692,038,000","715,443,000","630,618,000","669,415,000","719,311,000","676,935,000","647,153,000","529,808,000","519,607,000","487,023,000","467,027,000","418,284,000","350,675,000","293,534,000","289,529,000","406,526,000","492,385,000",,,,,,,,,,,,,,,,,,,,,,,,,,,,,,,,,,,,,,,,,,,,"202,300,000","177,000,000","136,700,000","127,000,000","143,000,000","5,200,000","5,300,000","5,900,000","6,000,000","6,200,000","4,700,000","5,000,000","4,100,000","4,200,000","5,200,000","-8,700,000","5,000,000","6,500,000","4,500,000",,,,,"8,200,000","12,000,000","8,100,000","8,200,000","8,900,000","9,000,000","7,500,000","7,800,000",,"900,000",,,,,,,,,,,,,,,
GrossProfit,"3,496,600,000","911,300,000","912,400,000","870,500,000","802,400,000","763,100,000","428,400,000","433,000,000","548,700,000","579,400,000","606,800,000","576,600,000","574,800,000","612,000,000","692,400,000","701,300,000","740,800,000","754,300,000","745,900,000","730,000,000","722,700,000","729,300,000","758,400,000","754,000,000","707,900,000","826,900,000","910,700,000","943,300,000","921,800,000","957,300,000","1,033,700,000","960,500,000","957,300,000","983,800,000","918,400,000","926,500,000","877,700,000","835,800,000","1,114,590,000","1,091,546,000","1,083,906,000","1,071,258,000","1,167,715,000","1,133,722,000","1,072,628,000","1,053,160,000","998,596,000","1,014,464,000","926,090,000","910,384,000","820,643,000","722,883,000","618,738,000","679,801,000","914,928,000","1,029,264,000",,,,,,,,,,,,,,,,,,,,,,,,,,,,,,,,,,,,,,,,,,,,"375,600,000","344,900,000","303,300,000","263,768,000","252,400,000","239,400,000","221,300,000","190,503,000","218,500,000","203,100,000","210,900,000","204,871,000","200,800,000","209,400,000","193,300,000","181,800,000","167,000,000","152,400,000","132,200,000",,,,,"77,200,000","69,200,000","68,700,000","65,700,000","64,700,000","63,800,000","62,100,000","61,300,000",,"62,100,000",,,,,,,,,,,,,,,
OperatingExpense,"1,473,000,000","353,600,000","380,900,000","392,400,000","346,100,000","354,000,000","382,000,000","179,300,000","192,600,000","186,700,000","215,300,000","201,700,000","195,300,000","200,500,000","213,700,000","198,200,000","185,100,000","173,200,000","188,200,000","165,800,000","166,900,000","142,400,000","179,000,000","158,600,000","170,600,000","173,300,000","192,600,000","173,500,000","164,100,000","175,300,000","198,400,000","173,700,000","171,300,000","170,700,000","183,300,000","154,800,000","148,300,000","150,700,000","457,129,000","417,180,000","466,749,000","438,878,000","479,301,000","451,025,000","410,443,000","393,926,000","489,592,000","492,900,000","464,955,000","443,407,000","435,921,000","396,697,000","395,416,000","411,437,000","502,957,000","497,049,000","498,993,000","497,272,000","535,020,000","524,900,000","475,977,000","441,694,000","452,816,000","434,562,000","491,777,000","396,789,000","406,947,000","403,598,000","430,524,000","374,516,000","375,942,000","373,837,000","385,063,000","337,430,000","310,558,000","307,461,000","300,361,000","297,149,000","292,487,000","320,612,000","300,622,000","303,075,000","343,962,000","321,800,000","270,806,000","269,412,000","277,735,000","257,381,000","263,573,000","254,864,000","1,827,105,000","-257,069,000","-256,427,000","-268,722,000","2,061,961,000","-317,907,000","-346,280,000","-304,304,000","260,487,000","220,400,000","200,800,000","177,800,000","132,601,000","145,200,000","148,100,000","132,700,000","106,862,000","127,800,000","118,200,000","125,000,000","114,388,000","121,000,000","112,100,000","109,900,000","86,100,000","97,700,000","92,800,000","77,200,000","75,700,000","-43,100,000","-40,900,000","-10,800,000","27,900,000","26,300,000","27,500,000","24,800,000","25,000,000","25,200,000","23,000,000","22,100,000","-197,000,000","28,700,000",,,,,,,,,,,,,,,
	SellingGeneralAndAdministration,"1,240,900,000","295,300,000","323,000,000","334,400,000","288,200,000","295,800,000","328,000,000","179,300,000","192,600,000","186,700,000","215,300,000","201,700,000","195,300,000","200,500,000","213,700,000","198,200,000","185,100,000","173,200,000","188,200,000","165,800,000","166,900,000","142,400,000","179,000,000","158,600,000","170,600,000","173,300,000","192,600,000","173,500,000","164,100,000","175,300,000","198,400,000","173,700,000","171,300,000","170,700,000","183,300,000","154,800,000","148,300,000","150,700,000","403,034,000","373,101,000","423,457,000","397,444,000","524,956,000","377,647,000","368,966,000","393,926,000","404,141,000","394,327,000","378,770,000","357,770,000","356,086,000","327,034,000","328,830,000","336,888,000","402,618,000","408,932,000","47,372,000","46,644,000","56,128,000","52,358,000","46,035,000","34,861,000","48,684,000","41,309,000","36,130,000","30,337,000","43,237,000","36,845,000","31,108,000","26,108,000","27,711,000","31,139,000","31,935,000","21,232,000","23,248,000","22,281,000","24,226,000","22,644,000","25,703,000","29,268,000","25,481,000","26,425,000","32,388,000","27,314,000","24,433,000","22,126,000","27,477,000","25,279,000","25,895,000","22,545,000","-363,526,000","153,200,000","154,209,000","162,052,000","-385,185,000","186,470,000","163,987,000","160,653,000","-456,348,000","204,100,000","184,600,000","164,200,000","-180,882,000","139,500,000","138,400,000","122,600,000","119,057,000","117,200,000","107,400,000","115,700,000","113,921,000","112,300,000","103,300,000","100,200,000","77,800,000","92,700,000","86,300,000","72,700,000",,,,"27,700,000","26,200,000","25,300,000","26,400,000","23,800,000","23,800,000","24,100,000","21,900,000","21,100,000",,"27,800,000",,,,,,,,,,,,,,,
		GeneralAndAdministrativeExpense,"1,240,900,000","295,300,000","323,000,000","334,400,000","288,200,000","295,800,000","328,000,000","179,300,000","192,600,000","186,700,000","215,300,000","201,700,000","195,300,000","200,500,000","213,700,000","198,200,000","185,100,000","173,200,000","188,200,000","165,800,000","166,900,000","142,400,000","179,000,000","158,600,000","170,600,000","173,300,000","192,600,000","173,500,000","164,100,000","175,300,000","198,400,000","173,700,000","171,300,000","170,700,000","183,300,000","154,800,000","148,300,000","150,700,000","403,034,000","373,101,000","423,457,000","397,444,000","524,956,000","377,647,000","368,966,000","393,926,000","356,628,000","356,351,000","340,649,000","322,922,000","318,772,000","299,146,000","302,130,000","312,661,000","357,129,000","364,128,000",,,,,,,,,,,,,,,,,,,,,,,,,,,,,,,,,,,,"126,821,000","128,816,000","133,814,000",,"152,688,000","132,744,000","133,291,000",,,,,,,,,,,,,,,,,,"92,700,000","86,300,000","72,700,000",,,,"27,700,000",,,,,,,,,,,,,,,,,,,,,,,,,
			SalariesAndWages,,,,,,,,,,,,,,,,,,,,,,,,,,,,,,,,,,,,,,,"317,494,000","314,563,000","323,031,000","300,412,000","309,418,000","313,592,000","315,810,000","292,394,000","275,300,000","280,333,000","271,041,000","254,312,000","246,773,000","230,943,000","236,732,000","244,063,000","274,091,000","285,651,000","280,625,000","280,290,000","285,631,000","275,516,000","268,471,000","251,016,000","243,906,000","242,686,000","231,182,000","218,480,000","207,906,000","232,971,000","217,909,000","211,507,000","189,563,000","193,532,000","197,139,000","189,204,000","166,725,000","163,230,000","160,809,000","159,118,000","157,627,000","167,570,000","159,764,000",,"165,705,000","167,643,000","140,074,000","141,859,000","137,155,000","133,125,000","134,581,000","130,849,000","125,686,000","126,821,000","128,816,000","133,814,000","134,362,000","152,688,000","132,744,000","133,291,000",,,,,,,,,,,,,,,,,,"92,700,000","86,300,000","72,800,000",,,,"27,700,000",,,,,,,,,,,,,,,,,,,,,,,,,
			RentAndLandingFees,"218,700,000","56,300,000","54,000,000","54,600,000","53,800,000","55,700,000","47,500,000","31,500,000","34,400,000","34,500,000","38,800,000","32,200,000","31,400,000","31,200,000","34,600,000","30,500,000","34,100,000","29,400,000","33,000,000","30,200,000","29,000,000","29,100,000","37,300,000","33,100,000","33,000,000","30,700,000","35,600,000","30,700,000","32,100,000","34,300,000","36,700,000","34,100,000","33,800,000","33,100,000","35,000,000","33,900,000","31,900,000","33,400,000",,,,,,,,,"81,328,000","76,018,000","69,608,000","68,610,000","71,999,000","68,203,000","65,398,000","68,598,000","83,038,000","78,477,000",,,,,,,,,,,,,,,,,,,,,,,,,,,,,,,,,,,,,,,,,,,,,,,,,,,,,,,,,,,,,,,,,,,,,,,,,,,,,,,,,,,,,,,,,,,
			OtherGandA,"1,022,200,000","239,000,000","269,000,000","279,800,000","234,400,000","240,100,000","280,500,000","147,800,000","158,200,000","152,200,000","176,500,000","169,500,000","163,900,000","169,300,000","179,100,000","167,700,000","151,000,000","143,800,000","155,200,000","135,600,000","137,900,000","113,300,000","141,700,000","125,500,000","137,600,000","142,600,000","157,000,000","142,800,000","132,000,000","141,000,000","161,700,000","139,600,000","137,500,000","137,600,000","148,300,000","120,900,000","116,400,000","117,300,000","85,540,000","58,538,000","100,426,000","97,032,000","215,538,000","64,055,000","53,156,000","101,532,000",,,,"467,027,000",,"350,675,000",,"-244,063,000",,,"-280,625,000","-280,290,000","-285,631,000","-275,516,000","-268,471,000","-251,016,000","-243,906,000","-242,686,000","-231,182,000","-218,480,000","-207,906,000","-232,971,000","-217,909,000","-211,507,000","-189,563,000","-193,532,000","-197,139,000","-189,204,000","-166,725,000","-163,230,000","-160,809,000","-159,118,000","-157,627,000","-167,570,000","-159,764,000",,"-165,705,000","-167,643,000","-140,074,000","-141,859,000","-137,155,000","-133,125,000","-134,581,000","-130,849,000",,,,,,,,,,,,,,,,,,,,,,,,,,,,"-100,000",,,,,,,,,,,,,,,,,,,,,,,,,,,,,
		SellingAndMarketingExpense,,,,,,,,,,,,,,,,,,,,,,,,,,,,,,,,,,,,,,,,,,,,,"676,935,000","647,153,000","47,513,000","37,976,000","38,121,000","34,848,000","37,314,000","27,888,000","26,700,000","24,227,000","45,489,000","44,804,000","47,372,000","46,644,000","56,128,000","52,358,000","46,035,000","34,861,000","48,684,000","41,309,000","36,130,000","30,337,000","43,237,000","36,845,000","31,108,000","26,108,000","27,711,000","31,139,000","31,935,000","21,232,000","23,248,000","22,281,000","24,226,000","22,644,000","25,703,000","29,268,000","25,481,000","26,425,000","32,388,000","27,314,000","24,433,000","22,126,000","27,477,000","25,279,000","25,895,000","22,545,000","25,925,000","26,379,000","25,393,000","28,238,000","33,538,000","33,782,000","31,243,000","27,362,000",,,,,,,,,,,,,,,,,,,,,,,,,,,,,,,,,,,,,,,,,,,,,,,,,
	ResearchAndDevelopment,,,,,,,,,,,,,,,,,,,,,,,,,,,,,,,,,,,,,,,"54,095,000","44,079,000","43,292,000","41,434,000","50,028,000","41,266,000","41,477,000","40,367,000",,,,,,,,,,,,"79,617,000","89,187,000","79,735,000","73,953,000","75,063,000","80,464,000","74,082,000","73,900,000","73,895,000","77,000,000","73,253,000","69,808,000","66,805,000","68,015,000","67,464,000","68,413,000","69,648,000","70,871,000","70,459,000","71,404,000","72,595,000","70,797,000","75,573,000","73,197,000","74,594,000","76,191,000","70,576,000","59,002,000","57,528,000","59,890,000","50,708,000","51,441,000","51,631,000",,,,,,,,,,,,,,,,,,,,,,,,,,,,,,,,,,,,,,,,,,,,,,,,,,,,,,,,,
	DepreciationAmortizationDepletionIncomeStatement,"232,100,000","58,300,000","57,900,000","58,000,000","57,900,000","58,200,000","40,100,000",,,,,,,,,,,,,,,,,,,,,,,,,,,,,,,,,,,,,,,,,,,,,,,,,,,"44,551,000","36,916,000","44,502,000","40,281,000","36,415,000","36,905,000","34,164,000","36,471,000","36,355,000","35,465,000","33,709,000","34,966,000","35,789,000","31,163,000","29,086,000","29,398,000","26,850,000","25,502,000","23,403,000","21,278,000","20,279,000","20,377,000","21,915,000","21,305,000","21,118,000","36,703,000","33,033,000","27,686,000","28,145,000","29,730,000","30,263,000","30,883,000","29,914,000",,,,,,,,,"47,662,000","16,300,000","16,200,000","13,600,000","-11,652,000","5,700,000","9,700,000","10,100,000","10,440,000","10,600,000","10,800,000","9,300,000","9,493,000","8,700,000","8,800,000","9,700,000","8,300,000","5,000,000","6,500,000","4,500,000",,,,,"1,700,000","1,000,000","1,100,000","1,000,000","1,200,000","1,100,000","1,100,000","1,000,000",,"900,000",,,,,,,,,,,,,,,
		DepreciationAndAmortizationInIncomeStatement,"232,100,000","58,300,000","57,900,000","58,000,000","57,900,000","58,200,000","40,100,000",,,,,,,,,,,,,,,,,,,,,,,,,,,,,,,,,,,,,,,,,,,,,,,,,,,"44,551,000","36,916,000","44,502,000","40,281,000","36,415,000","36,905,000","34,164,000","36,471,000","36,355,000","35,465,000","33,709,000","34,966,000","35,789,000","31,163,000","29,086,000","29,398,000","26,850,000","25,502,000","23,403,000","21,278,000","20,279,000","20,377,000","21,915,000","21,305,000","21,118,000","36,703,000","33,033,000","27,686,000","28,145,000","29,730,000","30,263,000","30,883,000","29,914,000",,,,,,,,,"47,662,000","16,300,000","16,200,000","13,600,000","-11,652,000","5,700,000","9,700,000","10,100,000","10,440,000","10,600,000","10,800,000","9,300,000","9,493,000","8,700,000","8,800,000","9,700,000","8,300,000","5,000,000","6,500,000","4,500,000",,,,,"1,700,000","1,000,000","1,100,000","1,000,000","1,200,000","1,100,000","1,100,000","1,000,000",,"900,000",,,,,,,,,,,,,,,
			DepreciationIncomeStatement,,,,,,,,,,,,,,,,,,,,,,,,,,,,,,,,,,,,,,,,,,,,,,,,,,,,,,,,,,,,,,,,,,,,,,,,,,,,,,,,,,,,,,,,,,,,,,,,,,,,"16,300,000","16,200,000","13,600,000",,"5,700,000","9,700,000","10,100,000","10,440,000","10,600,000","10,800,000","9,300,000","9,493,000","8,700,000","8,800,000","9,700,000","8,300,000","5,000,000","6,500,000","4,500,000",,,,,"1,700,000","1,000,000","1,100,000","1,000,000","1,200,000","1,100,000","1,100,000","1,000,000",,"900,000",,,,,,,,,,,,,,,
			Amortization,"232,100,000","58,300,000","57,900,000","58,000,000","57,900,000","58,200,000","40,100,000",,,,,,,,,,,,,,,,,,,,,,,,,,,,,,,,,,,,,,,,,,,,,,,,,,,"44,551,000","36,916,000","44,502,000","40,281,000","36,415,000","36,905,000","34,164,000","36,471,000","36,355,000","35,465,000","33,709,000","34,966,000","35,789,000","31,163,000","29,086,000","29,398,000","26,850,000","25,502,000","23,403,000","21,278,000","20,279,000","20,377,000","21,915,000","21,305,000","21,118,000","36,703,000","33,033,000","27,686,000","28,145,000","29,730,000","30,263,000","30,883,000","29,914,000",,,,,,,,,,,,,,,,,,,,,,,,,,,,,,,,,,,,,,,,,,,,,,,,,,,,,,,,,
				AmortizationOfIntangiblesIncomeStatement,"232,100,000","58,300,000","57,900,000","58,000,000","57,900,000","58,200,000","40,100,000",,,,,,,,,,,,,,,,,,,,,,,,,,,,,,,,,,,,,,,,,,,,,,,,,,,"44,551,000","36,916,000","44,502,000","40,281,000","36,415,000","36,905,000","34,164,000","36,471,000","36,355,000","35,465,000","33,709,000","34,966,000","35,789,000","31,163,000","29,086,000","29,398,000","26,850,000","25,502,000","23,403,000","21,278,000","20,279,000","20,377,000","21,915,000","21,305,000","21,118,000","36,703,000","33,033,000","27,686,000","28,145,000","29,730,000","30,263,000","30,883,000","29,914,000",,,,,,,,,,,,,,,,,,,,,,,,,,,,,,,,,,,,,,,,,,,,,,,,,,,,,,,,,
	OtherTaxes,,,,,,,,,,,,,,,,,,,,,,,,,,,,,,,,,,,,,,,,,,,,,,,,,,,,,,,,,"-984,605,000","-1,049,862,000",,,,,"-870,177,000","-865,289,000",,"-776,866,000","-794,629,000","-763,255,000","-777,900,000","-685,938,000","-652,876,000","-621,767,000","-649,431,000","-583,309,000","-522,415,000","-514,532,000","-473,429,000","-465,996,000","-467,541,000","-512,198,000","-477,949,000",,,,,,"-438,151,000","-400,065,000","-440,449,000","-398,032,000","-413,255,000","-410,269,000","-410,636,000","-430,774,000","-455,575,000","-504,377,000","-510,267,000","-464,957,000",,,,,,,,,,,,,,,,,,,,,"-45,000,000","-43,100,000","-40,900,000","-38,500,000",,,,,,,,,,,,,,,,,,,,,,,,,
	OtherOperatingExpenses,,,,,,,,,,,,,,,,,,,,,,,,,,,,,,,,,,,,,,,,,,,,"32,112,000",,,"85,451,000","98,573,000","86,185,000","85,637,000","79,835,000","69,663,000","66,586,000","74,549,000","100,339,000","88,117,000","1,436,226,000","1,376,322,000","352,789,000","348,305,000","315,708,000","295,355,000","1,156,940,000","1,150,296,000","345,276,000","1,033,068,000","1,045,874,000","1,023,046,000","1,072,542,000","931,752,000","901,929,000","867,915,000","904,748,000","803,009,000","713,352,000","705,850,000","656,882,000","647,627,000","643,151,000","706,054,000","658,588,000","180,938,000","198,680,000","190,877,000","159,685,000","161,613,000","598,789,000","551,196,000","595,803,000","548,806,000",,,,,,,,,,,,,,,,,,,,,,,,,,,,,,,,,,,,,,,,,,,,,,,,,,,,,,,,,
OperatingIncome,"2,023,600,000","557,700,000","531,500,000","478,100,000","456,300,000","409,100,000","46,400,000","253,700,000","356,100,000","392,700,000","391,500,000","374,900,000","379,500,000","411,500,000","478,700,000","503,100,000","555,700,000","581,100,000","557,700,000","564,200,000","555,800,000","586,900,000","579,400,000","595,400,000","537,300,000","653,600,000","718,100,000","769,800,000","757,700,000","782,000,000","835,300,000","786,800,000","786,000,000","813,100,000","735,100,000","771,700,000","729,400,000","685,100,000","657,461,000","674,366,000","617,157,000","632,380,000","688,414,000","682,697,000","662,185,000","659,234,000","509,004,000","521,564,000","461,135,000","466,977,000","384,722,000","326,186,000","223,322,000","268,364,000","411,971,000","532,215,000","1,004,699,000","1,188,319,000","1,094,117,000","1,114,911,000","1,033,029,000","986,121,000","844,413,000","882,713,000","762,993,000","784,663,000","756,214,000","706,136,000","620,657,000","611,506,000","518,703,000","488,916,000","489,578,000","468,739,000","411,397,000","376,446,000","312,774,000","308,302,000","315,820,000","345,438,000","325,346,000","315,132,000","259,921,000","287,673,000","306,607,000","294,662,000","315,315,000","311,516,000","348,953,000","310,803,000","-1,290,386,000","836,071,000","824,988,000","846,937,000","-1,505,381,000","1,005,938,000","1,031,567,000","951,678,000","878,988,000","155,200,000","144,100,000","125,500,000","131,167,000","107,200,000","91,300,000","88,600,000","83,641,000","90,700,000","84,900,000","85,900,000","90,483,000","79,800,000","97,300,000","83,400,000","95,700,000","69,300,000","59,600,000","55,000,000","27,500,000","139,700,000","136,700,000","100,100,000","49,300,000","42,900,000","41,200,000","40,900,000","39,700,000","38,600,000","39,100,000","39,200,000","267,800,000","33,400,000","62,800,000","59,300,000","145,800,000","50,000,000","50,300,000","49,200,000","143,900,000","52,600,000","53,500,000","49,300,000","112,200,000","35,800,000","35,800,000","35,700,000","53,600,000"
NetNonOperatingInterestIncomeExpense,"-66,200,000","-19,300,000","-12,000,000","-24,200,000","-13,300,000","-27,100,000","-12,800,000","-4,500,000","-500,000","-1,300,000","-700,000","1,600,000","2,800,000","2,600,000","5,800,000","-6,700,000","15,700,000","13,000,000","12,300,000","7,400,000","3,400,000","300,000","100,000","0","-5,100,000","-8,400,000","-10,100,000","-11,100,000","1,700,000","-9,300,000","-10,200,000","-8,800,000","-9,000,000","-10,300,000","-11,900,000","-7,600,000","-8,500,000","-11,400,000","-5,557,000","-4,583,000","-7,588,000","-6,472,000","17,985,000","-17,452,000","-5,662,000","-5,035,000","2,925,000","-4,836,000","-936,000","-742,000","31,650,000","-211,000","-2,092,000","-1,200,000","99,950,000","-3,287,000","-5,948,000",,,,,,,,,,,,,,,,,,,,,,,,,,,,,,,,,,,,,,,,,,,,,,,,,,,,,,,,,,,,,,,,,,,,,,,,,,,,,,,,,,,,,,,,,,
	InterestIncomeNonOperating,,,"2,100,000","1,500,000","2,600,000","2,600,000","2,900,000","2,300,000","3,700,000","5,400,000","6,300,000","7,200,000","8,500,000","9,000,000","11,600,000","15,400,000","25,700,000","23,800,000","25,000,000","20,300,000","16,000,000","13,600,000","13,500,000","12,300,000","7,100,000","3,600,000","2,800,000","2,600,000","3,400,000","2,000,000","2,300,000","2,100,000","2,400,000","2,300,000","-400,000","2,400,000","2,400,000","3,100,000","2,856,000","5,506,000","2,045,000","2,093,000","2,791,000","2,660,000","2,702,000","2,860,000",,,,,,,,,,,,,,,,,,,,,,,,,,,,,,,,,,,,,,,,,,,,,,,,,,,,,,,,,,,,,,,,,,,,,,,,,,,,,,,,,,,,,,,,,,,,,,,,,,,,,
	InterestExpenseNonOperating,"75,000,000","19,300,000","14,100,000","25,700,000","15,900,000","29,700,000","15,700,000","6,800,000","4,200,000","6,700,000","7,000,000","5,600,000","5,700,000","6,400,000","5,800,000","22,100,000","10,000,000","10,800,000","12,700,000","12,900,000","12,600,000","13,300,000","13,400,000","12,300,000","12,200,000","12,000,000","12,900,000","13,700,000","1,700,000","11,300,000","12,500,000","10,900,000","11,400,000","12,600,000","11,500,000","10,000,000","10,900,000","14,500,000","8,413,000","10,089,000","9,633,000","8,565,000","-15,194,000","20,112,000","8,364,000","7,895,000","9,992,000","4,836,000","936,000","742,000","268,000","211,000","2,092,000","1,200,000","478,000","3,287,000","5,948,000",,,,,,,,,,,,,,,,,,,,,,,,,,,,,,,,,,,,,,,,,,,,,,,,,,,,,,,,,,,,,,,,,,,,,,,,,,,,,,,,,,,,,,,,,,
OtherIncomeExpense,"645,400,000","157,500,000","218,500,000","101,500,000","170,500,000","155,300,000","166,000,000","20,600,000","-252,700,000","54,200,000","5,000,000","37,000,000","110,200,000","-68,100,000","-1,200,000","-49,200,000","61,700,000","57,500,000","88,400,000","71,900,000","68,600,000","32,500,000","56,800,000","53,500,000","10,300,000","26,900,000","-112,300,000","-7,300,000","99,500,000","49,700,000","60,700,000","105,500,000","14,600,000","45,900,000","300,000","7,900,000","94,100,000","42,400,000","26,512,000","-54,925,000","80,366,000","69,083,000","-223,119,000","20,951,000","22,046,000","43,468,000","40,442,000","-21,932,000","48,157,000","48,050,000","87,164,000","87,945,000","-43,265,000","-81,493,000","-58,172,000","24,964,000","-479,283,000","-472,794,000","-469,414,000","-474,253,000","-419,334,000","-376,656,000","-345,434,000","-386,808,000","-340,856,000","-336,897,000","-327,987,000","-333,406,000","-310,352,000","-267,870,000","-249,028,000","-237,093,000","-229,603,000","-225,688,000","-190,096,000","-184,656,000","-157,510,000","-156,544,000","-221,107,000","-173,569,000","-162,545,000","-153,938,000","-146,430,000","-128,279,000","-130,080,000","-95,728,000","-126,575,000","-122,848,000","-157,124,000","-126,489,000","-564,113,000",,"-12,315,000","-46,140,000",,,,,"-697,242,000","8,800,000","6,100,000","19,600,000","-529,201,000","16,600,000","10,000,000","10,700,000","8,473,000","9,100,000","5,300,000","4,200,000","6,003,000","5,800,000","5,200,000","5,700,000",,,,,,,,,,,,,,,,,,,,,,,,,,,,,,,,,
	GainOnSaleOfSecurity,"472,800,000","136,300,000","178,200,000","53,000,000","117,900,000","115,400,000","141,400,000","300,000","-98,400,000","9,600,000","24,400,000","26,300,000","57,900,000","-34,500,000","-11,000,000","-49,700,000","43,000,000","18,500,000","61,500,000","47,200,000","29,400,000","-5,800,000","6,600,000","54,700,000","27,700,000","400,000","-29,200,000","-8,200,000","97,600,000","35,200,000","61,500,000","72,100,000","1,400,000","15,400,000","-18,900,000","-5,900,000","70,000,000","19,800,000","120,444,000","-2,401,000","41,633,000","19,711,000","-13,834,000","4,524,000",,"32,694,000",,,,,,,,,,,,,,,,,,,,,,,,,,,,,,,,,,,,,,,,,,,,,,,,,,,,,,,,,,,,,,,,,,,,,,,,,,,,,,,,,,,,,,,,,,,,,,,,,,,,,
	EarningsFromEquityInterest,"140,500,000","24,700,000","30,500,000","39,400,000","45,900,000","38,500,000","12,200,000","10,000,000","-159,400,000","39,100,000","-25,500,000","5,500,000","47,200,000","-37,600,000","2,600,000","-4,100,000","10,700,000","35,200,000","19,500,000","17,900,000","36,300,000","34,200,000","37,100,000","11,400,000","-16,600,000","24,800,000","-72,500,000","1,400,000","1,200,000","6,700,000","-100,000","33,600,000","9,700,000","24,900,000","19,700,000","12,100,000","20,400,000","21,800,000","-57,414,000","-12,778,000","34,735,000","45,157,000","-103,706,000","9,112,000","44,979,000","23,930,000",,,,,,,,,"-118,782,000","33,969,000",,,,,,,,,,,,,,,,,,,,,,,,,,,,,,,,,,,,,,,,,,,,,,,,,,,,,,,,,,,,,,,,,,,,,,,,,,,,,,,,,,,,,,,,,,,
	SpecialIncomeCharges,,,,,,,,,,,,,,,"-800,000","-300,000","-100,000","-500,000","0","-500,000","0","-300,000","-4,100,000","-2,200,000","-4,400,000","-400,000","-4,500,000","-3,500,000","-1,000,000","-1,000,000","0","0",,"-600,000","-600,000","-800,000","-700,000","-300,000","-36,518,000","-39,746,000","3,998,000","4,215,000","-105,579,000","7,315,000","-22,933,000","-13,156,000","-28,152,000","-21,932,000","48,157,000","48,050,000","67,227,000","87,945,000","-43,265,000","-81,493,000","29,455,000","-9,005,000","-479,283,000","-472,794,000","-469,414,000","-474,253,000","-419,334,000","-376,656,000","-345,434,000","-386,808,000","-340,856,000","-336,897,000","-327,987,000","-333,406,000","-310,352,000","-267,870,000","-249,028,000","-237,093,000","-229,603,000","-225,688,000","-190,096,000","-184,656,000","-157,510,000","-156,544,000","-221,107,000","-173,569,000","-162,545,000","-153,938,000","-146,430,000","-128,279,000","-130,080,000","-95,728,000","-126,575,000","-122,848,000","-157,124,000","-126,489,000","-564,113,000",,"-12,315,000","-46,140,000",,,,,"-697,242,000","8,800,000","6,100,000","19,600,000","-529,201,000","16,600,000","10,000,000","10,700,000","8,473,000","9,100,000","5,300,000","4,200,000","6,003,000","5,800,000","5,200,000","5,700,000",,,,,,,,,,,,,,,,,,,,,,,,,,,,,,,,,
		RestructuringAndMergernAcquisition,,,,,,,,,,,,,,,,,,,,,,,,,,,,,,,,,,,,,,,"34,720,000","31,444,000",,,,,"32,703,000","30,868,000",,,,,,,,,,,"485,612,000","552,590,000","552,729,000","595,905,000","533,946,000","478,051,000","417,361,000","430,727,000","413,236,000","380,077,000","387,682,000","359,657,000","347,376,000","311,422,000","276,934,000","247,930,000","264,368,000","245,879,000","211,857,000","207,071,000","173,068,000","168,847,000","175,054,000","191,586,000","177,327,000","172,267,000","166,073,000","162,977,000","162,134,000","145,684,000","160,416,000","142,684,000","176,876,000","143,168,000","620,047,000",,"12,315,000","46,140,000",,,,,,,,,,,,,,,,,,,,,,,,,,,,,,,,,,,,,,,,,,,,,,,,,,,,,
		ImpairmentOfCapitalAssets,,,,,,,,,,,,,,,,,,,,,,,,,,,,,,,,,,,,,,,"1,798,000","8,302,000","0","0","6,313,000","0",,"13,156,000",,,,,,,,,,,,,,,,,,,,,,,,,,,,,,,,,,,,,,,,,,,,,,,,,,,,,,,,,,,,,,,,,,,,,,,,,,,,,,,,,,,,,,,,,,,,,,,,,,,,,
		WriteOff,,,,,,,,,,,,,,,"800,000","300,000","100,000","500,000","0","500,000","0","300,000","4,100,000","2,200,000","4,400,000","400,000","4,500,000","3,500,000","1,000,000","1,000,000","0","0",,"600,000","600,000","800,000","700,000","300,000",,,,,,,,,,,,,,,,,,,,,,,,,,,,,,,,,,,,,,,,,,,,,,,,,,,,,,,,,,,,,,,,,,,,,,,,,,,,,,,,,,,,,,,,,,,,,,,,,,,,,,,,,,,,,
		OtherSpecialCharges,,,,,,,,,,,,,,,,,,,,,,,,,,,,,,,,,,,,,,,,,"-3,998,000","-4,215,000","99,266,000","-7,315,000","-9,770,000","738,000",,,,,,,,,,,"-6,329,000","-79,796,000","-83,315,000","-121,652,000","-114,612,000","-101,395,000","-71,927,000","-43,919,000","-72,380,000","-43,180,000","-59,695,000","-26,251,000","-37,024,000","-43,552,000","-27,906,000","-10,837,000","-34,765,000","-20,191,000","-21,761,000","-22,415,000","-15,558,000","-12,303,000","46,053,000","-18,017,000","-14,782,000","-18,329,000","-19,643,000","-34,698,000","-32,054,000","-49,956,000","-33,841,000","-19,836,000","-19,752,000","-16,679,000",,,,,,,,,,,,,,,,,,,,,,,,,,,,,,,,,,,,,,,,,,,,,,,,,,,,,,,,,
	OtherNonOperatingIncomeExpenses,"32,100,000","-3,500,000","9,800,000","9,100,000","6,700,000","1,400,000","12,400,000","10,300,000","5,100,000","5,500,000","6,100,000","5,200,000","5,100,000","4,000,000","8,000,000","4,900,000","8,100,000","4,300,000","7,400,000","7,300,000","2,900,000","4,400,000","17,200,000","-10,400,000","3,600,000","2,100,000","-6,100,000","3,000,000","1,700,000","8,800,000","-700,000","-200,000","3,500,000","6,200,000","100,000","2,500,000","4,400,000","1,100,000",,,,,,,,,,,,,,,,,,,,,,,,,,,,,,,,,,,,,,,,,,,,,,,,,,,,,,,,,,,,,,,,,,,,,,,,,,,,,,,,,,,,,,,,,,,,,,,,,,,,,,,,,,,,,
PretaxIncome,"2,602,800,000","695,900,000","738,000,000","555,400,000","613,500,000","537,300,000","199,600,000","269,800,000","102,900,000","445,600,000","395,800,000","413,500,000","492,500,000","346,000,000","483,300,000","447,200,000","633,100,000","651,600,000","658,400,000","643,500,000","627,500,000","619,700,000","636,300,000","648,900,000","542,500,000","672,100,000","595,700,000","751,400,000","858,900,000","822,400,000","885,800,000","883,500,000","791,600,000","848,700,000","723,500,000","772,000,000","815,000,000","716,100,000","678,416,000","614,858,000","689,935,000","694,991,000","560,820,000","687,144,000","678,569,000","697,667,000","552,371,000","494,796,000","508,356,000","514,285,000","503,536,000","413,920,000","177,965,000","185,671,000","453,749,000","553,892,000","519,468,000","709,480,000","619,732,000","634,521,000","607,705,000","603,343,000","492,753,000","489,223,000","415,012,000","438,578,000","419,429,000","363,713,000","302,064,000","335,649,000","261,759,000","243,991,000","252,176,000","235,940,000","214,196,000","185,054,000","152,227,000","148,726,000","91,545,000","168,711,000","159,993,000","158,026,000","110,353,000","157,505,000","173,268,000","196,664,000","185,322,000","184,670,000","188,649,000","180,950,000","174,265,000","163,857,000","140,834,000","95,128,000","151,694,000","177,131,000","171,194,000","176,265,000","176,113,000","158,300,000","144,300,000","137,000,000","119,730,000","121,100,000","108,300,000","107,200,000","100,455,000","101,000,000","92,600,000","92,400,000","87,321,000","84,000,000","102,100,000","89,100,000","85,000,000","70,200,000","62,900,000","56,300,000","53,800,000","50,900,000","52,000,000","48,100,000","46,200,000","40,200,000","38,400,000","37,800,000","36,400,000","35,600,000","36,100,000","36,200,000","35,500,000","32,200,000",,,,,,,,,,,,,,,
TaxProvision,"358,200,000","151,100,000","-4,800,000","83,800,000","128,100,000","142,500,000","73,100,000","16,100,000","44,100,000","97,500,000","86,500,000","158,900,000","110,900,000","86,000,000","7,000,000","91,800,000","150,200,000","1,223,500,000","181,900,000","184,100,000","192,500,000","200,900,000","163,300,000","187,400,000","181,700,000","209,700,000","214,200,000","217,400,000","236,000,000","256,100,000","255,000,000","251,400,000","238,800,000","252,700,000","213,000,000","209,900,000","221,600,000","211,400,000","174,378,000","184,906,000","202,151,000","201,265,000","203,926,000","208,944,000","183,004,000","207,550,000","176,517,000","135,113,000","149,946,000","156,736,000","136,180,000","116,204,000","67,159,000","64,771,000","153,260,000","150,580,000","153,372,000","191,164,000","182,824,000","166,157,000","166,839,000","176,543,000","111,084,000","117,809,000","218,496,000","120,609,000","84,934,000","101,840,000","80,790,000","95,660,000","74,078,000","70,095,000","79,385,000","68,423,000","62,117,000","53,666,000","42,624,000","38,966,000","23,027,000","43,021,000","39,997,000","39,507,000","26,484,000","37,802,000","41,584,000","47,199,000","44,499,000","44,300,000","45,275,000","43,428,000","41,824,000","40,550,000","38,363,000","26,636,000","39,441,000","46,118,000","44,525,000","45,750,000","50,850,000","47,100,000","42,900,000","40,800,000","35,200,000","40,000,000","33,100,000","33,200,000","26,910,000","32,000,000","29,600,000","29,100,000","23,613,000","24,000,000","33,500,000","30,100,000","31,300,000","25,400,000","20,700,000","21,500,000","20,800,000","19,700,000","20,900,000","19,300,000","19,000,000","15,900,000","14,700,000","14,800,000","13,600,000","12,800,000","14,300,000","14,300,000","13,500,000","12,500,000",,,,,,,,,,,,,,,
NetIncomeCommonStockholders,"1,856,700,000","433,900,000","638,600,000","419,000,000","364,900,000","330,700,000","73,300,000","286,200,000","77,300,000","346,300,000","304,300,000","243,300,000","363,700,000","273,400,000","502,000,000","398,700,000","428,000,000","-584,300,000","422,700,000","407,100,000","417,200,000","437,200,000","469,700,000","443,200,000","357,700,000","445,100,000","356,700,000","500,800,000","602,500,000","562,800,000","637,500,000","575,000,000","557,100,000","600,300,000","506,300,000","548,300,000","568,800,000","512,100,000","501,301,000","452,180,000","503,219,000","480,785,000","415,976,000","503,347,000","503,100,000","501,157,000","372,906,000","360,495,000","356,685,000","355,603,000","367,356,000","297,716,000","110,806,000","120,900,000","300,489,000","403,312,000","366,096,000","518,316,000","436,908,000","468,364,000","440,866,000","426,800,000","381,669,000","371,414,000","196,516,000","317,969,000","334,495,000","261,873,000","221,274,000","239,989,000","187,681,000","173,896,000","172,791,000","172,296,000","152,079,000","131,388,000","109,603,000","109,760,000","68,518,000","125,690,000","119,996,000","118,519,000","83,869,000","119,703,000","131,684,000","149,465,000","140,823,000","140,370,000","143,374,000","137,522,000","132,441,000","123,307,000","102,471,000","68,492,000","112,253,000","131,013,000","126,669,000","130,515,000","125,263,000","111,200,000","101,400,000","96,200,000","84,530,000","81,100,000","75,200,000","74,000,000","73,545,000","69,000,000","63,000,000","63,300,000","63,708,000","60,000,000","68,600,000","59,000,000","53,700,000","44,800,000","42,200,000","34,800,000","33,000,000","31,200,000","31,100,000","28,800,000","27,200,000","24,300,000","23,700,000","23,000,000","22,800,000","22,800,000","21,800,000","21,900,000","22,000,000","19,700,000","18,800,000","18,200,000","17,600,000","16,400,000","16,300,000","16,000,000","14,500,000","15,300,000","15,800,000","13,300,000","8,100,000","8,000,000","8,000,000","8,000,000","4,200,000"
	NetIncome,"1,939,100,000","453,200,000","665,700,000","438,400,000","381,800,000","345,300,000","78,900,000","290,400,000","79,100,000","350,500,000","306,400,000","245,900,000","367,500,000","275,900,000","502,500,000","402,000,000","443,200,000","-583,300,000","425,200,000","410,600,000","420,700,000","440,200,000","472,100,000","446,400,000","360,400,000","447,800,000","358,200,000","504,200,000","606,500,000","566,400,000","640,600,000","578,900,000","561,000,000","603,800,000","509,000,000","552,300,000","572,800,000","516,100,000","492,129,000","455,267,000","503,219,000","480,785,000","415,976,000","503,347,000","503,100,000","501,157,000","372,906,000","360,495,000","356,685,000","355,603,000","367,356,000","297,716,000","110,806,000","120,900,000","300,489,000","403,312,000","366,096,000","518,316,000","436,908,000","468,364,000","440,866,000","426,800,000","381,669,000","371,414,000","196,516,000","317,969,000","334,495,000","261,873,000","221,274,000","239,989,000","187,681,000","173,896,000","172,791,000","172,296,000","152,079,000","131,388,000","109,603,000","109,760,000","68,518,000","125,690,000","119,996,000","118,519,000","83,869,000","119,703,000","131,684,000","149,465,000","140,823,000","140,370,000","143,374,000","137,522,000","132,441,000","123,307,000","102,471,000","68,492,000","112,253,000","131,013,000","126,669,000","130,515,000","125,263,000","111,200,000","101,400,000","96,200,000","84,530,000","81,100,000","75,200,000","74,000,000","73,545,000","69,000,000","63,000,000","63,300,000","63,708,000","60,000,000","68,600,000","59,000,000","53,700,000","44,800,000","42,200,000","34,800,000","33,000,000","31,200,000","31,100,000","28,800,000","27,200,000","24,300,000","23,700,000","23,000,000","22,800,000","22,800,000","21,800,000","21,900,000","22,000,000","19,700,000","18,800,000","18,200,000","17,600,000","16,400,000","16,300,000","16,000,000","14,500,000","15,300,000","15,800,000","13,300,000","8,100,000","8,000,000","8,000,000","8,000,000","4,200,000"
		NetIncomeIncludingNoncontrollingInterests,"2,244,600,000","544,800,000","742,800,000","471,600,000","485,400,000","394,800,000","126,500,000","253,700,000","58,800,000","348,100,000","309,300,000","254,600,000","381,600,000","260,000,000","476,300,000","355,400,000","482,900,000","-571,900,000","476,500,000","459,400,000","435,000,000","418,800,000","473,000,000","461,500,000","360,800,000","462,400,000","381,500,000","534,000,000","622,900,000","566,300,000","630,800,000","632,100,000","552,800,000","596,000,000","510,500,000","562,100,000","593,400,000","504,700,000","504,038,000","429,952,000","487,784,000","493,726,000","356,894,000","478,200,000","495,565,000","490,117,000","375,854,000","359,683,000","358,410,000","357,549,000","367,356,000","297,716,000","110,806,000","120,900,000","300,489,000","403,312,000","366,096,000","518,316,000","436,908,000","468,364,000","440,866,000","426,800,000","381,669,000","371,414,000","196,516,000","317,969,000","334,495,000","261,873,000","221,274,000","239,989,000","187,681,000","173,896,000","172,791,000","172,296,000","152,079,000","131,388,000","109,603,000","109,760,000","68,518,000","125,690,000","119,996,000","118,519,000","83,869,000","119,703,000","131,684,000","149,465,000","140,823,000","140,370,000","143,374,000","137,522,000","132,441,000","123,307,000","102,471,000","68,492,000","112,253,000","131,013,000","126,669,000","130,515,000","125,263,000","111,200,000","101,400,000","96,200,000","84,530,000","81,100,000","75,200,000","74,000,000","73,545,000","69,000,000","63,000,000","63,300,000","63,708,000","60,000,000","68,600,000","59,000,000","53,700,000","44,800,000","42,200,000","34,800,000","33,000,000","31,200,000","31,100,000","28,800,000","27,200,000","24,300,000","23,700,000","23,000,000","22,800,000","22,800,000","21,800,000","21,900,000","22,000,000","19,700,000","18,800,000","18,200,000","17,600,000","16,400,000","16,300,000","16,000,000","14,500,000","15,300,000","15,800,000","13,300,000","8,100,000","8,000,000","8,000,000","8,000,000","4,200,000"
			NetIncomeContinuousOperations,"2,244,600,000","544,800,000","742,800,000","471,600,000","485,400,000","394,800,000","126,500,000","253,700,000","58,800,000","348,100,000","309,300,000","254,600,000","381,600,000","260,000,000","476,300,000","355,400,000","482,900,000","-571,900,000","476,500,000","459,400,000","435,000,000","418,800,000","473,000,000","461,500,000","360,800,000","462,400,000","381,500,000","534,000,000","622,900,000","566,300,000","630,800,000","632,100,000","552,800,000","596,000,000","510,500,000","562,100,000","593,400,000","504,700,000","504,038,000","429,952,000","487,784,000","493,726,000","356,894,000","478,200,000","495,565,000","490,117,000","375,854,000","359,683,000","358,410,000","357,549,000","367,356,000","297,716,000","110,806,000","120,900,000","300,489,000","403,312,000","366,096,000","518,316,000","436,908,000","468,364,000","440,866,000","426,800,000","381,669,000","371,414,000","196,516,000","317,969,000","334,495,000","261,873,000","221,274,000","239,989,000","187,681,000","173,896,000","172,791,000","167,517,000","152,079,000","131,388,000","109,603,000","109,760,000","68,518,000","125,690,000","119,996,000","118,519,000","83,869,000","119,703,000","131,684,000","149,465,000","140,823,000","140,370,000","143,374,000","137,522,000","132,441,000","123,307,000","102,471,000","68,492,000","112,253,000","131,013,000","126,669,000","130,515,000","125,263,000","111,200,000","101,400,000","96,200,000","84,530,000","81,100,000","75,200,000","74,000,000","73,545,000","69,000,000","63,000,000","63,300,000","63,708,000","60,000,000","68,600,000","59,000,000","53,700,000","44,800,000","42,200,000","34,800,000","33,000,000","31,200,000","31,100,000","28,800,000","27,200,000","24,300,000","23,700,000","23,000,000","22,800,000","22,800,000","21,800,000","21,900,000","22,000,000","19,700,000","18,800,000","18,200,000","17,600,000","16,400,000","16,300,000","16,000,000","14,500,000","15,300,000","15,800,000","13,300,000","8,100,000","8,000,000","8,000,000","8,000,000","4,200,000"
			NetIncomeExtraordinary,,,,,,,,,,,,,,,,,,,,,,,,,,,,,,,,,,,,,,,,,,,,,,,,,,,,,,,,,,,,,,,,,,,"0","0","0","0","0","0","0","4,779,000",,,,,,,,,,,,,,,,,,,,,,,,,,,,,,,,,,,,,,,,,,,,,,,,,,,,,,,,,,,,,,,,,,,,,,,,,
		MinorityInterests,"-305,500,000","-91,600,000","-77,100,000","-33,200,000","-103,600,000","-49,500,000","-47,600,000","36,700,000","20,300,000","2,400,000","-2,900,000","-8,700,000","-14,100,000","15,900,000","26,200,000","46,600,000","-39,700,000","-11,400,000","-51,300,000","-48,800,000","-14,300,000","21,400,000","-900,000","-15,100,000","-400,000","-14,600,000","-23,300,000","-29,800,000","-16,400,000","100,000","9,800,000","-53,200,000","8,200,000","7,800,000","-1,500,000","-9,800,000","-20,600,000","11,400,000","-11,909,000","25,315,000","15,435,000","-12,941,000","59,082,000","25,147,000","7,535,000","11,040,000","-2,948,000","812,000","-1,725,000","-1,946,000",,,,,,,,,,,,,,,,,,,,,,,,,,,,,,,,,,,,,,,,,,,,,,,,,,,,,,,,,,,,,,,,,,,,,,,,,,,,,,,,,,,,,,,,,,,,,,,,,
	PreferredStockDividends,,,,,,,,,,,,,,,,,,,,,,,,,,,,,,,,,,,,,,,,"3,087,000",,,,,,,,,,,,,,,,,,,,,,,,,,,,,,,,,,,,,,,,,,,,,,,,,,,,,,,,,,,,,,,,,,,,,,,,,,,,,,,,,,,,,,,,,,,,,,,,,,,,,,,,,,,
	OtherunderPreferredStockDividend,"82,400,000","19,300,000","27,100,000","19,400,000","16,900,000","14,600,000","5,600,000","4,200,000","1,800,000","4,200,000","2,100,000","2,600,000","3,800,000","2,500,000","500,000","3,300,000","15,200,000","1,000,000","2,500,000","3,500,000","3,500,000","3,000,000","2,400,000","3,200,000","2,700,000","2,700,000","1,500,000","3,400,000","4,000,000","3,600,000","3,100,000","3,900,000","3,900,000","3,500,000","2,700,000","4,000,000","4,000,000","4,000,000",,,,,,,,,,,,,,,,,,,,,,,,,,,,,,,,,,,,,,,,,,,,,,,,,,,,,,,,,,,,,,,,,,,,,,,,,,,,,,,,,,,,,,,,,,,,,,,,,,,,,,,,,,,,,
DilutedNIAvailtoComStockholders,"1,856,700,000","433,900,000","638,600,000","419,000,000","364,900,000","330,700,000","73,300,000","286,200,000","77,300,000","346,300,000","304,300,000","243,300,000","363,700,000","273,400,000","502,000,000","398,700,000","428,000,000","-584,300,000","422,700,000","407,100,000","417,200,000","437,200,000","469,700,000","443,200,000","357,700,000","445,100,000","356,700,000","500,800,000","602,500,000","562,800,000","637,500,000","575,000,000","557,100,000","600,300,000","506,300,000","548,300,000","568,800,000","512,100,000","501,301,000","452,180,000","503,219,000","480,785,000","415,976,000","503,347,000","503,100,000","501,157,000","372,906,000","360,495,000","356,685,000","355,603,000","367,356,000","297,716,000","110,806,000","120,900,000","300,489,000","403,312,000","366,096,000","518,316,000","436,908,000","468,364,000","440,866,000","426,800,000","381,669,000","371,414,000","196,516,000","317,969,000","334,495,000","261,873,000","221,274,000","239,989,000","187,681,000","173,896,000","172,791,000","172,296,000","152,079,000","131,388,000","109,603,000","109,760,000","68,518,000","125,690,000","119,996,000","118,519,000","83,869,000","119,703,000","131,684,000","149,465,000","140,823,000","140,370,000","143,374,000","137,522,000","132,441,000","123,307,000","102,471,000","68,492,000","112,253,000","131,013,000","126,669,000","130,515,000","125,263,000","111,200,000","101,400,000","96,200,000","84,530,000","81,100,000","75,200,000","74,000,000","73,545,000","69,000,000","63,000,000","63,300,000","63,708,000","60,000,000","68,600,000","59,000,000","53,700,000","44,800,000","42,200,000","34,800,000","33,000,000","31,200,000","31,100,000","28,800,000","27,200,000","24,300,000","23,700,000","23,000,000","22,800,000","22,800,000","21,800,000","21,900,000","22,000,000","19,700,000","18,800,000","18,200,000","17,600,000","16,400,000","16,300,000","16,000,000","14,500,000","15,300,000","15,800,000","13,300,000","8,100,000","8,000,000","8,000,000","8,000,000","4,200,000"
BasicEPS,,"0.89","1.31","0.86","0.74","0.67","0.15","0.58","0.16","0.7","0.61","0.48","0.72","0.54","0.96","0.75","0.79","-1.06","0.76","0.73","0.74","0.77","0.82","0.77","0.61","0.74","0.59","0.82","0.98","0.91","1.03","0.92","0.89","0.96","0.8","0.87","0.897","0.807","0.773","0.707","0.777","0.737",,"0.757","0.753","0.747",,"0.53","0.52","0.517",,"0.433","0.16","0.173",,"0.573","0.517","0.717",,"0.63","0.583","0.563",,"0.48","0.253","0.42",,"0.347","0.293","0.32",,"0.233","0.23","0.233",,"0.173","0.143","0.143",,"0.16","0.153","0.15",,"0.153","0.18","0.203",,"0.193","0.193","0.183",,"0.163","0.137","0.09",,"0.173","0.167","0.173",,"0.147","0.133","0.127",,"0.11","0.103","0.1",,"0.093","0.087","0.087",,"0.08","0.093","0.08",,"0.06","0.057","0.05",,"0.047","0.047","0.043",,"0.037","0.033","0.033",,"0.033","0.033","0.033",,"0.03","0.027","0.027",,"0.023","0.023","0.023",,"0.023","0.023","0.02",,"0.013","0.01","0.01",
DilutedEPS,,"0.88","1.3","0.86","0.74","0.67","0.15","0.58","0.16","0.7","0.61","0.48","0.72","0.54","0.96","0.75","0.78","-1.06","0.76","0.73","0.74","0.77","0.82","0.77","0.61","0.74","0.59","0.82","0.98","0.91","1.02","0.92","0.89","0.96","0.8","0.86","0.897","0.807","0.77","0.707","0.773","0.733",,"0.753","0.75","0.743",,"0.527","0.517","0.513",,"0.43","0.16","0.173",,"0.57","0.513","0.707",,"0.62","0.577","0.557",,"0.47","0.247","0.403",,"0.333","0.283","0.307",,"0.23","0.227","0.23",,"0.173","0.143","0.143",,"0.16","0.153","0.15",,"0.153","0.18","0.203",,"0.193","0.193","0.183",,"0.163","0.137","0.09",,"0.173","0.167","0.173",,"0.147","0.133","0.127",,"0.11","0.103","0.1",,"0.093","0.087","0.087",,"0.08","0.093","0.08",,"0.06","0.057","0.05",,"0.047","0.047","0.043",,"0.037","0.033","0.033",,"0.033","0.033","0.033",,"0.03","0.027","0.027",,"0.023","0.023","0.023",,"0.023","0.023","0.02",,"0.013","0.01","0.01",
BasicAverageShares,,"489,800,000","488,900,000","489,200,000","490,500,000","491,100,000","491,100,000","490,400,000","491,500,000","494,700,000","497,900,000","501,600,000","504,700,000","510,300,000","520,900,000","533,000,000","545,000,000","550,700,000","553,600,000","556,200,000","560,300,000","565,100,000","571,600,000","578,900,000","587,000,000","597,600,000","607,400,000","614,100,000","617,600,000","620,100,000","621,600,000","623,200,000","626,100,000","628,100,000","630,500,000","633,600,000","633,900,000","634,500,000","634,200,000","639,291,000","643,560,000","648,429,000",,"660,939,000","665,088,000","669,507,000",,"676,878,000","681,138,000","683,676,000",,"689,412,000","693,534,000","694,878,000",,"703,893,000","708,572,903","723,231,628",,"743,434,921","755,770,286","757,633,136",,"773,779,167","775,721,053","757,069,048",,"755,402,885","754,343,182","749,965,625",,"745,268,571","751,265,217","738,411,429",,"758,007,692","764,672,093","765,767,442",,"785,562,500","782,582,609","790,126,667",,"780,671,739","731,577,778","735,073,770",,"726,051,724","741,589,655","750,120,000",,"756,309,000","756,567,000","755,580,000",,"758,580,000","758,580,000","758,076,000",,"758,181,818","760,500,000","759,473,684",,"737,272,727","727,741,935","740,000,000",,"739,285,714","726,923,077","730,384,615",,"750,000,000","735,000,000","737,500,000",,"746,666,667","744,705,882","696,000,000",,"668,571,429","666,428,571","664,615,385",,"662,727,273","711,000,000","690,000,000",,"684,000,000","654,000,000","657,000,000",,"656,666,667","705,000,000","682,500,000",,"702,857,143","698,571,429","685,714,286",,"655,714,286","677,142,857","665,000,000",,"600,000,000","800,000,000","800,000,000",
DilutedAverageShares,,"490,600,000","489,700,000","489,900,000","490,900,000","491,700,000","491,700,000","490,700,000","491,800,000","495,300,000","498,800,000","502,300,000","505,100,000","510,800,000","521,500,000","533,500,000","545,500,000","550,700,000","554,100,000","556,700,000","560,600,000","565,200,000","571,600,000","578,900,000","587,100,000","597,700,000","607,400,000","614,200,000","617,700,000","620,200,000","622,100,000","623,600,000","626,500,000","628,500,000","631,300,000","634,299,999","634,800,000","635,400,000","635,700,000","640,923,000","645,333,000","650,181,000",,"663,852,000","668,088,000","672,759,000",,"680,418,000","684,900,000","687,753,000",,"692,469,000","695,673,000","698,064,000",,"709,455,000","713,174,026","733,466,038",,"755,425,806","764,507,514","766,706,587",,"790,242,553","796,686,486","788,352,893",,"785,619,000","780,967,059","782,572,826",,"756,069,565","762,313,235","749,113,043",,"758,007,692","764,672,093","765,767,442",,"785,562,500","782,582,609","790,126,667",,"780,671,739","731,577,778","735,073,770",,"726,051,724","741,589,655","750,120,000",,"757,785,000","757,647,000","756,165,000",,"759,285,000","759,174,000","759,555,000",,"758,181,818","760,500,000","759,473,684",,"737,272,727","727,741,935","740,000,000",,"739,285,714","726,923,077","730,384,615",,"750,000,000","735,000,000","737,500,000",,"746,666,667","744,705,882","696,000,000",,"668,571,429","666,428,571","664,615,385",,"662,727,273","711,000,000","690,000,000",,"684,000,000","654,000,000","657,000,000",,"656,666,667","705,000,000","682,500,000",,"702,857,143","698,571,429","685,714,286",,"655,714,286","677,142,857","665,000,000",,"600,000,000","800,000,000","800,000,000",
TotalOperatingIncomeAsReported,"2,023,600,000","557,700,000","531,500,000","478,100,000","456,300,000","409,100,000","46,400,000","253,700,000","356,100,000","392,700,000","391,500,000","374,900,000","379,500,000","411,500,000","478,700,000","503,100,000","555,700,000","581,100,000","557,700,000","564,200,000","555,500,000","586,900,000","579,400,000","595,400,000","537,300,000","653,600,000","718,100,000","769,800,000","757,700,000","782,000,000","835,300,000","786,800,000","786,000,000","813,100,000","735,100,000","771,700,000","729,400,000","685,100,000","622,741,000","642,922,000","617,157,000","632,380,000","688,414,000","682,697,000","629,482,000","659,234,000","509,004,000","521,564,000","461,135,000","466,977,000","384,722,000","326,186,000","223,322,000","268,364,000","411,971,000","532,215,000","519,087,000","635,729,000","541,388,000","519,006,000","499,083,000","508,070,000","427,052,000","451,986,000","349,757,000","404,586,000","368,532,000","346,479,000","273,281,000","300,084,000","241,769,000","240,986,000","225,210,000","222,860,000","199,540,000","169,375,000","139,706,000","139,455,000","140,766,000","153,852,000","148,019,000","142,865,000","93,848,000","124,696,000","144,473,000","148,978,000","154,899,000","168,832,000","172,077,000","167,635,000",,,,,,,,,,,,,,,,,,,,,,,,,,,,,,,,,,,,,,,,,,,,,,,,,,,,,,,,,
RentExpenseSupplemental,"218,700,000","56,300,000","54,000,000","54,600,000","53,800,000","55,700,000","47,500,000","31,500,000","34,400,000","34,500,000","38,800,000","32,200,000","31,400,000","31,200,000","34,600,000","30,500,000","34,100,000","29,400,000","33,000,000","30,200,000","29,000,000","29,100,000","37,300,000","33,100,000","33,000,000","30,700,000","35,600,000","30,700,000","32,100,000","34,300,000","36,700,000","34,100,000","33,800,000","33,100,000","35,000,000","33,900,000","31,900,000","33,400,000",,,,,,,,,"81,328,000","76,018,000","69,608,000","68,610,000","71,999,000","68,203,000","65,398,000","68,598,000","83,038,000","78,477,000",,,,,,,,,,,,,,,,,,,,,,,,,,,,,,,,,,,,,,,,,,,,,,,,,,,,,,,,,,,,,,,,,,,,,,,,,,,,,,,,,,,,,,,,,,,
TotalExpenses,"6,630,800,000","1,666,300,000","1,649,500,000","1,694,800,000","1,620,200,000","1,586,000,000","1,581,000,000","934,400,000","982,200,000","1,020,000,000","1,061,000,000","1,101,800,000","1,054,300,000","1,000,000,000","1,048,500,000","1,055,500,000","1,062,100,000","1,034,400,000","1,059,200,000","1,049,700,000","1,044,800,000","973,900,000","1,032,400,000","1,038,900,000","1,076,600,000","1,104,400,000","1,155,700,000","1,231,000,000","1,252,100,000","1,282,300,000","1,320,200,000","1,343,700,000","1,309,900,000","1,296,400,000","1,249,700,000","1,313,100,000","1,284,200,000","1,216,700,000","1,158,730,000","1,109,218,000","1,182,192,000","1,069,496,000","1,148,716,000","1,170,336,000","1,087,378,000","1,041,079,000","1,019,400,000","1,012,507,000","951,978,000","910,434,000","854,205,000","747,372,000","688,950,000","700,966,000","909,483,000","989,434,000","498,993,000","497,272,000","535,020,000","524,900,000","475,977,000","441,694,000","452,816,000","434,562,000","491,777,000","396,789,000","406,947,000","403,598,000","430,524,000","374,516,000","375,942,000","373,837,000","385,063,000","337,430,000","310,558,000","307,461,000","300,361,000","297,149,000","292,487,000","320,612,000","300,622,000","303,075,000","343,962,000","321,800,000","270,806,000","269,412,000","277,735,000","257,381,000","263,573,000","254,864,000","1,827,105,000","-257,069,000","-256,427,000","-268,722,000","2,061,961,000","-317,907,000","-346,280,000","-304,304,000","-255,513,000","422,700,000","377,800,000","314,500,000","259,601,000","288,200,000","153,300,000","138,000,000","112,762,000","133,800,000","124,400,000","129,700,000","119,388,000","125,100,000","116,300,000","115,100,000","77,400,000","102,700,000","99,300,000","81,700,000","75,700,000","-43,100,000","-40,900,000","-10,800,000","36,100,000","38,300,000","35,600,000","33,000,000","33,900,000","34,200,000","30,500,000","29,900,000","-199,600,000","29,600,000",,,,,,,,,,,,,,,
NetIncomeFromContinuingAndDiscontinuedOperation,"1,939,100,000","453,200,000","665,700,000","438,400,000","381,800,000","345,300,000","78,900,000","290,400,000","79,100,000","350,500,000","306,400,000","245,900,000","367,500,000","275,900,000","502,500,000","402,000,000","443,200,000","-583,300,000","425,200,000","410,600,000","420,700,000","440,200,000","472,100,000","446,400,000","360,400,000","447,800,000","358,200,000","504,200,000","606,500,000","566,400,000","640,600,000","578,900,000","561,000,000","603,800,000","509,000,000","552,300,000","572,800,000","516,100,000","492,129,000","455,267,000","503,219,000","480,785,000","415,976,000","503,347,000","503,100,000","501,157,000","372,906,000","360,495,000","356,685,000","355,603,000","367,356,000","297,716,000","110,806,000","120,900,000","300,489,000","403,312,000","366,096,000","518,316,000","436,908,000","468,364,000","440,866,000","426,800,000","381,669,000","371,414,000","196,516,000","317,969,000","334,495,000","261,873,000","221,274,000","239,989,000","187,681,000","173,896,000","172,791,000","167,517,000","152,079,000","131,388,000","109,603,000","109,760,000","68,518,000","125,690,000","119,996,000","118,519,000","83,869,000","119,703,000","131,684,000","149,465,000","140,823,000","140,370,000","143,374,000","137,522,000","132,441,000","123,307,000","102,471,000","68,492,000","112,253,000","131,013,000","126,669,000","130,515,000","125,263,000","111,200,000","101,400,000","96,200,000","84,530,000","81,100,000","75,200,000","74,000,000","73,545,000","69,000,000","63,000,000","63,300,000","63,708,000","60,000,000","68,600,000","59,000,000","53,700,000","44,800,000","42,200,000","34,800,000","33,000,000","31,200,000","31,100,000","28,800,000","27,200,000","24,300,000","23,700,000","23,000,000","22,800,000","22,800,000","21,800,000","21,900,000","22,000,000","19,700,000","18,800,000","18,200,000","17,600,000","16,400,000","16,300,000","16,000,000","14,500,000","15,300,000","15,800,000","13,300,000","8,100,000","8,000,000","8,000,000","8,000,000","4,200,000"
NormalizedIncome,"1,531,367,219.917","346,477,100","535,614,000","393,403,000","288,541,100","260,481,000","-10,714,729.459","290,118,000","150,932,000","343,002,400","287,332,491.157","229,699,200","322,627,500","301,809,500","514,129,091.661","441,750,000","410,467,300","-594,100,000","380,690,962.94","377,256,200","400,325,800","444,323,600","470,241,599.874","409,072,500","344,905,500","447,800,000","379,782,256.169","512,518,700","536,465,000","542,836,200","596,804,335.064","527,348,500","560,022,800","593,410,400","522,759,156.876","557,177,600","522,349,600","502,352,500","429,775,085.605","484,739,149.576","470,957,885.976","463,787,818.344","491,967,910.456","495,107,955.782","519,848,174.681","487,431,388.862","360,320,626.068","376,438,070.591","322,732,513.219","322,196,951.894","316,698,055.837","234,460,700.377","137,744,002.36","173,964,311.066","260,350,865.723","409,868,918.244","703,871,549.539","863,719,245.904","767,842,552.213","818,428,114.65","745,076,271.833","693,243,434","649,229,926.765","665,075,390.638","401,029,600","562,219,286.592","596,064,923.789","501,924,989.998","448,619,292.547","431,516,022.068","366,233,882.873","342,875,693.218","330,114,979.97","327,755,097.381","287,047,018.002","262,493,420.731","223,009,744.73","225,289,695.144","234,008,299.044","254,999,218.782","241,906,019.938","233,972,012.935","195,156,755.385","217,194,388.445","230,545,040.238","222,218,455.233","237,005,165.231","233,748,316.781","262,788,872.997","233,653,640","561,165,585.161","123,307,000","111,431,409.88","101,712,722.395","112,253,000","131,013,000","126,669,000","130,515,000","621,186,779.88","105,018,319.646","97,113,513.514","82,437,080.292","458,148,646.371","69,983,071.841","68,256,325.023","66,613,805.97","67,341,756.906","62,783,168.317","59,394,168.467","60,422,727.273","59,328,307.555","55,857,142.857","65,106,170.421","55,225,589.226","53,700,000","44,800,000","42,200,000","34,800,000","33,000,000","31,200,000","31,100,000","28,800,000","27,200,000","24,300,000","23,700,000","23,000,000","22,800,000","22,800,000","21,800,000","21,900,000","22,000,000","19,700,000","18,800,000","18,200,000","17,600,000","16,400,000","16,300,000","16,000,000","14,500,000","15,300,000","15,800,000","13,300,000","8,100,000","8,000,000","8,000,000","8,000,000","4,200,000"
InterestIncome,,,"2,100,000","1,500,000","2,600,000","2,600,000","2,900,000","2,300,000","3,700,000","5,400,000","6,300,000","7,200,000","8,500,000","9,000,000","11,600,000","15,400,000","25,700,000","23,800,000","25,000,000","20,300,000","16,000,000","13,600,000","13,500,000","12,300,000","7,100,000","3,600,000","2,800,000","2,600,000","3,400,000","2,000,000","2,300,000","2,100,000","2,400,000","2,300,000","-400,000","2,400,000","2,400,000","3,100,000","2,856,000","5,506,000","2,045,000","2,093,000","2,791,000","2,660,000","2,702,000","2,860,000",,,,,,,,,,,,,,,,,,,,,,,,,,,,,,,,,,,,,,,,,,,,,,,,,,,,,,,,,,,,,,,,,,,,,,,,,,,,,,,,,,,,,,,,,,,,,,,,,,,,,
InterestExpense,"75,000,000","19,300,000","14,100,000","25,700,000","15,900,000","29,700,000","15,700,000","6,800,000","4,200,000","6,700,000","7,000,000","5,600,000","5,700,000","6,400,000","5,800,000","22,100,000","10,000,000","10,800,000","12,700,000","12,900,000","12,600,000","13,300,000","13,400,000","12,300,000","12,200,000","12,000,000","12,900,000","13,700,000","1,700,000","11,300,000","12,500,000","10,900,000","11,400,000","12,600,000","11,500,000","10,000,000","10,900,000","14,500,000","8,413,000","10,089,000","9,633,000","8,565,000","-15,194,000","20,112,000","8,364,000","7,895,000","9,992,000","4,836,000","936,000","742,000","268,000","211,000","2,092,000","1,200,000","478,000","3,287,000","5,948,000",,,,,,,,,,,,,,,,,,,,,,,,,,,,,,,,,,,,,,,,,,,,,,,,,,,,,,,,,,,,,,,,,,,,,,,,,,,,,,,,,,,,,,,,,,
NetInterestIncome,"-66,200,000","-19,300,000","-12,000,000","-24,200,000","-13,300,000","-27,100,000","-12,800,000","-4,500,000","-500,000","-1,300,000","-700,000","1,600,000","2,800,000","2,600,000","5,800,000","-6,700,000","15,700,000","13,000,000","12,300,000","7,400,000","3,400,000","300,000","100,000","0","-5,100,000","-8,400,000","-10,100,000","-11,100,000","1,700,000","-9,300,000","-10,200,000","-8,800,000","-9,000,000","-10,300,000","-11,900,000","-7,600,000","-8,500,000","-11,400,000","-5,557,000","-4,583,000","-7,588,000","-6,472,000","17,985,000","-17,452,000","-5,662,000","-5,035,000","2,925,000","-4,836,000","-936,000","-742,000","31,650,000","-211,000","-2,092,000","-1,200,000","99,950,000","-3,287,000","-5,948,000",,,,,,,,,,,,,,,,,,,,,,,,,,,,,,,,,,,,,,,,,,,,,,,,,,,,,,,,,,,,,,,,,,,,,,,,,,,,,,,,,,,,,,,,,,
EBIT,"2,677,800,000","715,200,000","752,100,000","581,100,000","629,400,000","567,000,000","215,300,000","276,600,000","107,100,000","452,300,000","402,800,000","419,100,000","498,200,000","352,400,000","489,100,000","469,300,000","643,100,000","662,400,000","671,100,000","656,400,000","640,100,000","633,000,000","649,700,000","661,200,000","554,700,000","684,100,000","608,600,000","765,100,000","860,600,000","833,700,000","898,300,000","894,400,000","803,000,000","861,300,000","735,000,000","782,000,000","825,900,000","730,600,000","686,829,000","624,947,000","699,568,000","703,556,000","545,626,000","707,256,000","686,933,000","705,562,000","562,363,000","499,632,000","509,292,000","515,027,000","503,804,000","414,131,000","180,057,000","186,871,000","454,227,000","557,179,000","525,416,000","1,188,319,000","1,094,117,000","1,114,911,000","1,033,029,000","986,121,000","844,413,000","882,713,000","762,993,000","784,663,000","756,214,000","706,136,000","620,657,000","611,506,000","518,703,000","488,916,000","489,578,000","468,739,000","411,397,000","376,446,000","312,774,000","308,302,000","315,820,000","345,438,000","325,346,000","315,132,000","259,921,000","287,673,000","306,607,000","294,662,000","315,315,000","311,516,000","348,953,000","310,803,000","-1,290,386,000","836,071,000","824,988,000","846,937,000","-1,505,381,000","1,005,938,000","1,031,567,000","951,678,000","878,988,000","155,200,000","144,100,000","125,500,000","131,167,000","107,200,000","91,300,000","88,600,000","83,641,000","90,700,000","84,900,000","85,900,000","90,483,000","79,800,000","97,300,000","83,400,000","95,700,000","69,300,000","59,600,000","55,000,000","27,500,000","139,700,000","136,700,000","100,100,000","49,300,000","42,900,000","41,200,000","40,900,000","39,700,000","38,600,000","39,100,000","39,200,000","267,800,000","33,400,000","62,800,000","59,300,000","145,800,000","50,000,000","50,300,000","49,200,000","143,900,000","52,600,000","53,500,000","49,300,000","112,200,000","35,800,000","35,800,000","35,700,000","53,600,000"
EBITDA,"2,989,100,000"
ReconciledCostOfRevenue,"5,078,600,000","1,290,300,000","1,260,900,000","1,276,300,000","1,251,100,000","1,210,200,000","1,199,000,000","755,100,000","789,600,000","833,300,000","845,700,000","900,100,000","859,000,000","799,500,000","834,800,000","857,300,000","877,000,000","861,200,000","871,000,000","883,900,000","877,900,000","831,500,000","853,400,000","880,300,000","906,000,000","931,100,000","963,100,000","1,057,500,000","1,088,000,000","1,107,000,000","1,121,800,000","1,170,000,000","1,138,600,000","1,125,700,000","1,066,400,000","1,158,300,000","1,135,900,000","1,066,000,000","701,601,000","692,038,000","715,443,000","630,618,000","669,415,000","719,311,000","676,935,000","647,153,000","529,808,000","519,607,000","487,023,000","467,027,000","418,284,000","350,675,000","293,534,000","289,529,000","406,526,000","492,385,000",,,,,,,,,,,,,,,,,,,,,,,,,,,,,,,,,,,,,,,,,,,,"234,900,000","209,400,000","163,900,000","44,857,000","158,900,000","24,600,000","25,500,000","5,900,000","27,000,000","27,800,000","23,300,000","5,000,000","22,500,000","20,800,000","24,600,000","7,900,000","15,000,000","19,500,000","13,500,000",,,,,"11,600,000","13,900,000","10,300,000","10,200,000","11,300,000","11,200,000","9,700,000","9,800,000",,"900,000",,,,,,,,,,,,,,,
ReconciledDepreciation,"311,300,000","80,700,000","65,600,000","84,100,000","80,900,000","80,000,000","56,100,000","22,200,000","23,400,000","26,800,000","26,000,000","25,600,000","21,500,000","20,300,000","17,700,000","20,400,000","17,400,000","20,900,000","18,000,000","21,800,000","20,600,000","19,900,000","21,300,000","19,400,000","23,800,000","22,600,000","24,800,000","23,200,000","24,500,000","24,900,000","21,700,000","22,100,000","25,700,000","25,100,000","23,000,000","-44,100,000","60,700,000","53,900,000","49,520,000","54,130,000","55,726,000","52,624,000","61,809,000","58,138,000","61,149,000","62,478,000","66,641,000","69,610,000","65,193,000","66,001,000","51,275,000","40,854,000","42,463,000","46,680,000","58,405,000","51,709,000","52,824,000","52,284,000","31,261,000","58,559,000","56,260,000","52,539,000","54,427,000","52,903,000","54,174,000","53,767,000","65,449,000","48,342,000","49,678,000","48,704,000","45,982,000","45,324,000","47,117,000","45,014,000","44,808,000","44,686,000","44,431,000","43,495,000","44,616,000","47,371,000","45,735,000","45,399,000","62,016,000","58,617,000","52,880,000","50,333,000","50,746,000","49,343,000","50,788,000","48,762,000","50,036,000","35,904,000","62,521,000","51,553,000","51,896,000","50,588,000","46,442,000","42,448,000","170,008,000","-16,300,000","-16,200,000","-13,600,000","70,491,000","-10,200,000","-9,700,000","-10,100,000","71,440,000","-10,400,000","-10,800,000","-9,300,000","63,893,000","-9,700,000","-7,800,000","-9,700,000","-8,300,000","-5,000,000","-6,500,000","-4,500,000","1,000,000","1,300,000","1,200,000","800,000","-1,700,000","-900,000","-1,100,000","-1,000,000","-1,200,000","-1,100,000","-1,100,000","-1,000,000",,"900,000",,,,,,,,,,,,,,,
NetIncomeFromContinuingOperationNetMinorityInterest,"1,939,100,000","453,200,000","665,700,000","438,400,000","381,800,000","345,300,000","78,900,000","290,400,000","79,100,000","350,500,000","306,400,000","245,900,000","367,500,000","275,900,000","502,500,000","402,000,000","443,200,000","-583,300,000","425,200,000","410,600,000","420,700,000","440,200,000","472,100,000","446,400,000","360,400,000","447,800,000","358,200,000","504,200,000","606,500,000","566,400,000","640,600,000","578,900,000","561,000,000","603,800,000","509,000,000","552,300,000","572,800,000","516,100,000","492,129,000","455,267,000","503,219,000","480,785,000","415,976,000","503,347,000","503,100,000","501,157,000","372,906,000","360,495,000","356,685,000","355,603,000","367,356,000","297,716,000","110,806,000","120,900,000","300,489,000","403,312,000","366,096,000","518,316,000","436,908,000","468,364,000","440,866,000","426,800,000","381,669,000","371,414,000","196,516,000","317,969,000","334,495,000","261,873,000","221,274,000","239,989,000","187,681,000","173,896,000","172,791,000","167,517,000","152,079,000","131,388,000","109,603,000","109,760,000","68,518,000","125,690,000","119,996,000","118,519,000","83,869,000","119,703,000","131,684,000","149,465,000","140,823,000","140,370,000","143,374,000","137,522,000","132,441,000","123,307,000","102,471,000","68,492,000","112,253,000","131,013,000","126,669,000","130,515,000","125,263,000","111,200,000","101,400,000","96,200,000","84,530,000","81,100,000","75,200,000","74,000,000","73,545,000","69,000,000","63,000,000","63,300,000","63,708,000","60,000,000","68,600,000","59,000,000","53,700,000","44,800,000","42,200,000","34,800,000","33,000,000","31,200,000","31,100,000","28,800,000","27,200,000","24,300,000","23,700,000","23,000,000","22,800,000","22,800,000","21,800,000","21,900,000","22,000,000","19,700,000","18,800,000","18,200,000","17,600,000","16,400,000","16,300,000","16,000,000","14,500,000","15,300,000","15,800,000","13,300,000","8,100,000","8,000,000","8,000,000","8,000,000","4,200,000"
TotalUnusualItemsExcludingGoodwill,"472,800,000","136,300,000","178,200,000","53,000,000","117,900,000","115,400,000","141,400,000","300,000","-98,400,000","9,600,000","24,400,000","26,300,000","57,900,000","-34,500,000","-11,800,000","-50,000,000","42,900,000","18,000,000","61,500,000","46,700,000","29,400,000","-6,100,000","2,500,000","52,500,000","23,300,000","0","-33,700,000","-11,700,000","96,600,000","34,200,000","61,500,000","72,100,000","1,400,000","14,800,000","-19,500,000","-6,700,000","69,300,000","19,500,000","83,926,000","-42,147,000","45,631,000","23,926,000","-119,413,000","11,839,000","-22,933,000","19,538,000","18,496,000","-21,932,000","48,157,000","48,050,000","69,437,000","87,945,000","-43,265,000","-81,493,000","60,610,000","-9,005,000","-479,283,000","-472,794,000","-469,414,000","-474,253,000","-419,334,000","-376,656,000","-345,434,000","-386,808,000","-340,856,000","-336,897,000","-327,987,000","-333,406,000","-310,352,000","-267,870,000","-249,028,000","-237,093,000","-229,603,000","-225,688,000","-190,096,000","-184,656,000","-157,510,000","-156,544,000","-221,107,000","-173,569,000","-162,545,000","-153,938,000","-146,430,000","-128,279,000","-130,080,000","-95,728,000","-126,575,000","-122,848,000","-157,124,000","-126,489,000","-564,113,000",,"-12,315,000","-46,140,000",,,,,"-697,242,000","8,800,000","6,100,000","19,600,000","-529,201,000","16,600,000","10,000,000","10,700,000","8,473,000","9,100,000","5,300,000","4,200,000","6,003,000","5,800,000","5,200,000","5,700,000",,,,,,,,,,,,,,,,,,,,,,,,,,,,,,,,,
TotalUnusualItems,"472,800,000","136,300,000","178,200,000","53,000,000","117,900,000","115,400,000","141,400,000","300,000","-98,400,000","9,600,000","24,400,000","26,300,000","57,900,000","-34,500,000","-11,800,000","-50,000,000","42,900,000","18,000,000","61,500,000","46,700,000","29,400,000","-6,100,000","2,500,000","52,500,000","23,300,000","0","-33,700,000","-11,700,000","96,600,000","34,200,000","61,500,000","72,100,000","1,400,000","14,800,000","-19,500,000","-6,700,000","69,300,000","19,500,000","83,926,000","-42,147,000","45,631,000","23,926,000","-119,413,000","11,839,000","-22,933,000","19,538,000","18,496,000","-21,932,000","48,157,000","48,050,000","69,437,000","87,945,000","-43,265,000","-81,493,000","60,610,000","-9,005,000","-479,283,000","-472,794,000","-469,414,000","-474,253,000","-419,334,000","-376,656,000","-345,434,000","-386,808,000","-340,856,000","-336,897,000","-327,987,000","-333,406,000","-310,352,000","-267,870,000","-249,028,000","-237,093,000","-229,603,000","-225,688,000","-190,096,000","-184,656,000","-157,510,000","-156,544,000","-221,107,000","-173,569,000","-162,545,000","-153,938,000","-146,430,000","-128,279,000","-130,080,000","-95,728,000","-126,575,000","-122,848,000","-157,124,000","-126,489,000","-564,113,000",,"-12,315,000","-46,140,000",,,,,"-697,242,000","8,800,000","6,100,000","19,600,000","-529,201,000","16,600,000","10,000,000","10,700,000","8,473,000","9,100,000","5,300,000","4,200,000","6,003,000","5,800,000","5,200,000","5,700,000",,,,,,,,,,,,,,,,,,,,,,,,,,,,,,,,,
NormalizedEBITDA,"2,516,300,000","659,600,000","639,500,000","612,200,000","592,400,000","531,600,000","130,000,000","298,500,000","228,900,000","469,500,000","404,400,000","418,400,000","461,800,000","407,200,000","518,600,000","539,700,000","617,600,000","665,300,000","627,600,000","631,500,000","631,300,000","659,000,000","668,500,000","628,100,000","555,200,000","706,700,000","667,100,000","800,000,000","788,500,000","824,400,000","858,500,000","844,400,000","827,300,000","871,600,000","777,500,000","788,700,000","817,300,000","765,000,000","652,423,000","721,224,000","709,663,000","732,254,000","726,848,000","753,555,000","771,015,000","748,502,000","610,508,000","591,174,000","526,328,000","532,978,000","485,642,000","367,040,000","265,785,000","315,044,000","452,022,000","617,893,000","1,057,523,000","1,713,397,000","1,600,447,000","1,647,723,000","1,508,623,000","1,415,316,000","1,244,274,000","1,322,424,000","1,158,023,000","1,175,327,000","1,149,650,000","1,087,884,000","980,687,000","928,080,000","813,713,000","771,333,000","766,298,000","739,441,000","646,301,000","605,788,000","514,715,000","508,341,000","581,543,000","566,378,000","533,626,000","514,469,000","468,367,000","474,569,000","489,567,000","440,723,000","492,636,000","483,707,000","556,865,000","486,054,000","-676,237,000","871,975,000","899,824,000","944,630,000","-1,453,485,000","1,056,526,000","1,078,009,000","994,126,000","1,746,238,000","162,700,000","154,200,000","119,500,000","730,859,000","96,300,000","91,000,000","88,000,000","146,608,000","92,200,000","90,400,000","91,000,000","148,373,000","82,700,000","100,900,000","87,400,000","104,000,000","74,300,000","66,100,000","59,500,000","28,500,000","141,000,000","137,900,000","100,900,000","51,000,000","43,900,000","42,300,000","41,900,000","40,900,000","39,700,000","40,200,000","40,200,000","267,800,000","34,300,000","62,800,000","59,300,000","145,800,000","50,000,000","50,300,000","49,200,000","143,900,000","52,600,000","53,500,000","49,300,000","112,200,000","35,800,000","35,800,000","35,700,000","53,600,000"
TaxRateForCalcs,"0.138","0.217","0.27","0.151","0.209","0.265","0.366","0.06","0.27","0.219","0.219","0.384","0.225","0.249","0.014","0.205","0.237","0.4","0.276","0.286","0.307","0.324","0.257","0.289","0.335","0.312","0.36","0.289","0.275","0.311","0.288","0.285","0.302","0.298","0.294","0.272","0.272","0.295","0.257","0.301","0.293","0.29","0.364","0.304","0.27","0.297","0.32","0.273","0.295","0.305","0.27","0.281","0.377","0.349","0.338","0.272","0.295","0.269","0.295","0.262","0.275","0.293","0.225","0.241","0.4","0.275","0.202","0.28","0.267","0.285","0.283","0.287","0.315","0.29","0.29","0.29","0.28","0.262","0.252","0.255","0.25","0.25","0.24","0.24","0.24","0.24","0.24","0.24","0.24","0.24","0.24","0.247","0.272","0.28","0.26","0.26","0.26","0.26","0.289","0.298","0.297","0.298","0.294","0.33","0.306","0.31","0.268","0.317","0.32","0.315","0.27","0.286","0.328","0.338","0.368","0.362","0.329","0.382","0.387","0.387","0.4","0.4","0.4","0.396","0.383","0.392","0.374","0.36","0.396","0.395","0.38","0.388","0.4","0.4","0.4","0.4","0.4","0.4","0.4","0.4","0.4","0.4","0.4","0.4","0.4","0.4","0.4"
TaxEffectOfUnusualItems,"65,067,219.917","29,577,100","48,114,000","8,003,000","24,641,100","30,581,000","51,785,270.541","18,000","-26,568,000","2,102,400","5,332,491.157","10,099,200","13,027,500","-8,590,500","-170,908.339","-10,250,000","10,167,300","7,200,000","16,990,962.94","13,356,200","9,025,800","-1,976,400","641,599.874","15,172,500","7,805,500","0","-12,117,743.831","-3,381,300","26,565,000","10,636,200","17,704,335.064","20,548,500","422,800","4,410,400","-5,740,843.124","-1,822,400","18,849,600","5,752,500","21,572,085.605","-12,674,850.424","13,369,885.976","6,928,818.344","-43,421,089.544","3,599,955.782","-6,184,825.319","5,812,388.862","5,910,626.068","-5,988,929.409","14,204,513.219","14,643,951.894","18,779,055.837","24,689,700.377","-16,326,997.64","-28,428,688.934","20,471,865.723","-2,448,081.756","-141,507,450.461","-127,390,754.096","-138,479,447.787","-124,188,885.35","-115,123,728.167","-110,212,566","-77,873,073.235","-93,146,609.362","-136,342,400","-92,646,713.408","-66,417,076.211","-93,354,010.002","-83,006,707.453","-76,342,977.932","-70,475,117.127","-68,113,306.782","-72,279,020.03","-65,449,902.619","-55,127,981.998","-53,550,579.269","-44,103,255.27","-41,014,304.856","-55,616,700.956","-44,259,781.218","-40,634,980.062","-38,484,987.065","-35,142,244.615","-30,787,611.555","-31,218,959.762","-22,974,544.767","-30,392,834.769","-29,469,683.219","-37,709,127.003","-30,357,360","-135,388,414.839","0","-3,354,590.12","-12,919,277.605","0","0","0","0","-201,318,220.12","2,618,319.646","1,813,513.514","5,837,080.292","-155,582,353.629","5,483,071.841","3,056,325.023","3,313,805.97","2,269,756.906","2,883,168.317","1,694,168.467","1,322,727.273","1,623,307.555","1,657,142.857","1,706,170.421","1,925,589.226","0","0","0","0","0","0","0","0","0","0","0","0","0","0","0","0","0","0","0","0","0","0","0","0","0","0","0","0","0","0","0","0","0"