name,ttm,01/31/2022,10/31/2021,07/31/2021,04/30/2021,01/31/2021,10/31/2020,07/31/2020,04/30/2020,01/31/2020,10/31/2019,07/31/2019,04/30/2019,01/31/2019,10/31/2018,07/31/2018,04/30/2018,01/31/2018,10/31/2017,07/31/2017,04/30/2017,01/31/2017,10/31/2016,07/31/2016,04/30/2016,01/31/2016,10/31/2015,07/31/2015,04/30/2015,01/31/2015,10/31/2014,07/31/2014,04/30/2014,01/31/2014,10/31/2013,07/31/2013,04/30/2013,01/31/2013,10/31/2012,07/31/2012,04/30/2012,01/31/2012,10/31/2011,07/31/2011,04/30/2011,01/31/2011,10/31/2010,07/31/2010,04/30/2010,01/31/2010,10/31/2009,07/31/2009,04/30/2009,01/31/2009,10/31/2008,07/31/2008,04/30/2008,01/31/2008,10/31/2007,07/31/2007,04/30/2007,01/31/2007,10/31/2006,07/31/2006,04/30/2006,01/31/2006,10/31/2005,07/31/2005,04/30/2005,01/31/2005,10/31/2004,07/31/2004,04/30/2004,01/31/2004,10/31/2003,07/31/2003,04/30/2003,01/31/2003,10/31/2002,07/31/2002,04/30/2002,01/31/2002,10/31/2001,07/31/2001,04/30/2001,01/31/2001,10/31/2000,07/31/2000,04/30/2000,01/31/2000,10/31/1999,07/31/1999,04/30/1999,01/31/1999,10/31/1998,07/31/1998,04/30/1998,01/31/1998,10/31/1997,07/31/1997,04/30/1997,01/31/1997,10/31/1996,07/31/1996,04/30/1996,01/31/1996,10/31/1995,07/31/1995,04/30/1995,01/31/1995,10/31/1994,07/31/1994,04/30/1994,01/31/1994,10/31/1993,07/31/1993,04/30/1993,01/31/1993,10/31/1992,07/31/1992,04/30/1992,01/31/1992,10/31/1991,07/31/1991,04/30/1991,01/31/1991,10/31/1990,07/31/1990,04/30/1990,01/31/1990,10/31/1989,07/31/1989,04/30/1989,01/31/1989,10/31/1988,07/31/1988,04/30/1988,01/31/1988,10/31/1987,07/31/1987,04/30/1987,01/31/1987,10/31/1986,07/31/1986,04/30/1986,01/31/1986,10/31/1985
TotalRevenue,"3,749,000,000","1,037,000,000","994,000,000","906,000,000","812,000,000","911,000,000","985,000,000","753,000,000","709,000,000","899,000,000","989,000,000","766,000,000","744,000,000","904,000,000","910,000,000","766,000,000","733,000,000","878,000,000","914,000,000","723,000,000","695,000,000","808,000,000","830,000,000","661,000,000","729,000,000","809,000,000","854,000,000","699,000,000","739,000,000","813,000,000","877,000,000","705,000,000","689,000,000","782,000,000","833,000,000","686,000,000","659,600,000","746,900,000","776,700,000","665,800,000","602,400,000","701,600,000","781,100,000","637,800,000","610,200,000","708,000,000","905,700,000","569,400,000","562,000,000","637,400,000","698,800,000","570,800,000","536,800,000","592,400,000","737,900,000","790,000,000","606,900,000","672,400,000","715,600,000","739,100,000","548,700,000","582,100,000","590,300,000","511,300,000","471,900,000","504,000,000","550,400,000","450,000,000","515,400,000","630,500,000","670,100,000","496,000,000","531,100,000","593,900,000","627,100,000","460,800,000","479,300,000","549,500,000","607,100,000","424,100,000","460,300,000","503,900,000","575,800,000","418,000,000","444,100,000","495,300,000","574,100,000","410,400,000","430,200,000","495,200,000","567,200,000","384,500,000","421,500,000","459,300,000","505,100,000","390,100,000","395,900,000","418,200,000","483,100,000","371,800,000","369,300,000","393,200,000","456,300,000","365,000,000","365,495,000","384,500,000","441,900,000","352,100,000","310,600,000","375,900,000","415,000,000","318,700,000","334,400,000","348,600,000","465,700,000","389,700,000","342,100,000","353,200,000","392,800,000","326,400,000","306,300,000","313,500,000","381,000,000","259,300,000","268,700,000","282,200,000","315,500,000","252,400,000","224,200,000","253,300,000","317,000,000","222,100,000","196,300,000","273,000,000","303,000,000","233,500,000","238,600,000","271,700,000","309,000,000","247,300,000","275,100,000","257,400,000","389,100,000","257,300,000","244,200,000","240,100,000","297,200,000"
	OperatingRevenue,"4,876,000,000","1,365,000,000","1,283,000,000","1,183,000,000","1,045,000,000","1,222,000,000","1,272,000,000","987,000,000","902,000,000","1,178,000,000","1,248,000,000","978,000,000","947,000,000","1,181,000,000","1,161,000,000","987,000,000","950,000,000","1,156,000,000","1,166,000,000","929,000,000","888,000,000","1,059,000,000","1,055,000,000","856,000,000","933,000,000","1,083,000,000","1,096,000,000","900,000,000","947,000,000","1,093,000,000","1,135,000,000","921,000,000","893,000,000","1,078,000,000","1,079,000,000","896,000,000","865,200,000","1,026,900,000","1,013,800,000","878,100,000","800,900,000","959,000,000","1,013,700,000","840,300,000","791,000,000","962,400,000","1,113,000,000","744,900,000","733,500,000","861,700,000","892,900,000","737,900,000","683,100,000","784,100,000","737,900,000","966,200,000","772,100,000","877,400,000","893,400,000","891,100,000","690,600,000","754,800,000","590,300,000","639,700,000","594,000,000","636,800,000","665,800,000","548,000,000","613,000,000","758,300,000","779,700,000","578,000,000","622,200,000","697,000,000","725,200,000","532,600,000","571,300,000","635,600,000","691,600,000","479,600,000","273,700,000","570,500,000","644,100,000","469,700,000","444,100,000","495,300,000","574,100,000","410,400,000","430,200,000","495,200,000","567,200,000","384,500,000","421,500,000","459,300,000","505,100,000","390,100,000","395,900,000","418,200,000","483,100,000","371,800,000","369,300,000","393,200,000","456,300,000","365,000,000","365,495,000","384,500,000","441,900,000","352,100,000","310,600,000","375,900,000","415,000,000","318,700,000","334,400,000","348,600,000","465,700,000","389,700,000","342,100,000","353,200,000","392,800,000","326,400,000","306,300,000","313,500,000","381,000,000","259,300,000","268,700,000","282,200,000","315,500,000","252,400,000","224,200,000","253,300,000","317,000,000","222,100,000","196,300,000","273,000,000","303,000,000","233,500,000","238,600,000","271,700,000","309,000,000","247,300,000","275,100,000","257,400,000","389,100,000","257,300,000","244,200,000","240,100,000","297,200,000"
	ExciseTaxes,"1,127,000,000","328,000,000","289,000,000","277,000,000","233,000,000","311,000,000","287,000,000","234,000,000","193,000,000","279,000,000","259,000,000","212,000,000","203,000,000","277,000,000","251,000,000","221,000,000","217,000,000","278,000,000","252,000,000","206,000,000","193,000,000","251,000,000","225,000,000","195,000,000","204,000,000","274,000,000","242,000,000","201,000,000","208,000,000","280,000,000","258,000,000","216,000,000","204,000,000","296,000,000","246,000,000","210,000,000","205,600,000","280,000,000","237,100,000","212,300,000","198,500,000","257,400,000","232,600,000","202,500,000","180,800,000","254,400,000","207,300,000","175,500,000","171,500,000","224,300,000","194,100,000","167,100,000","146,300,000","191,700,000",,"176,200,000","165,200,000","205,000,000","177,800,000","152,000,000","141,900,000","172,700,000",,"128,400,000","122,100,000","132,800,000","115,400,000","98,000,000","97,600,000","127,800,000","109,600,000","82,000,000","91,100,000","103,100,000","98,100,000","71,800,000","92,000,000","86,100,000","84,500,000","55,500,000",,"66,600,000","68,300,000","51,700,000",,,,,,,,,,,,,,,,,,,,,,,,,,,,,,,,,,,,,,,,,,,,,,,,,,,,,,,,,,,,,,,
CostOfRevenue,"1,486,000,000","415,000,000","404,000,000","353,000,000","314,000,000","361,000,000","404,000,000","288,000,000","256,000,000","342,000,000","370,000,000","268,000,000","262,000,000","333,000,000","320,000,000","243,000,000","221,000,000","291,000,000","304,000,000","230,000,000","215,000,000","272,000,000","278,000,000","208,000,000","216,000,000","254,000,000","268,000,000","208,000,000","213,000,000","260,000,000","268,000,000","210,000,000","196,000,000","250,000,000","257,000,000","209,000,000","199,900,000","240,200,000","252,200,000","201,700,000","180,600,000","250,700,000","279,200,000","217,500,000","187,300,000","244,500,000","239,600,000","190,600,000","185,000,000","226,500,000","255,800,000","190,700,000","177,900,000","221,800,000","271,200,000","233,000,000","205,500,000","239,800,000","245,600,000","196,100,000","186,600,000","194,800,000","204,900,000","159,900,000","145,700,000","169,600,000","193,000,000","147,000,000","189,200,000","255,200,000","269,200,000","198,400,000","215,200,000","249,000,000","262,300,000","188,500,000","192,000,000","241,000,000","268,300,000","176,700,000","186,900,000","221,900,000","246,100,000","170,100,000","171,900,000","188,900,000","217,600,000","139,500,000","149,200,000","196,100,000","229,800,000","137,100,000","157,300,000","181,200,000","194,500,000","143,000,000","151,100,000","154,500,000","191,700,000","141,700,000","139,600,000","161,500,000","188,100,000","141,000,000","142,500,000","156,100,000","181,800,000","137,600,000","127,800,000","140,100,000","168,900,000","116,100,000","127,000,000","135,800,000","156,100,000","119,100,000","132,600,000","143,200,000","154,300,000","124,600,000","118,400,000","120,400,000","150,400,000","97,900,000","92,800,000","109,500,000","130,300,000","94,300,000","86,700,000","97,400,000","126,900,000","81,100,000",,,,,,,,,,,,,,,
GrossProfit,"2,263,000,000","622,000,000","590,000,000","553,000,000","498,000,000","550,000,000","581,000,000","465,000,000","453,000,000","557,000,000","619,000,000","498,000,000","482,000,000","571,000,000","590,000,000","523,000,000","512,000,000","587,000,000","610,000,000","493,000,000","480,000,000","536,000,000","552,000,000","453,000,000","513,000,000","555,000,000","586,000,000","491,000,000","526,000,000","553,000,000","609,000,000","495,000,000","493,000,000","532,000,000","576,000,000","477,000,000","459,700,000","506,700,000","524,500,000","464,100,000","421,800,000","450,900,000","501,900,000","420,300,000","422,900,000","463,500,000","458,800,000","378,800,000","377,000,000","410,900,000","443,000,000","380,100,000","358,900,000","370,600,000","466,700,000","557,000,000","401,400,000","432,600,000","470,000,000","543,000,000","362,100,000","387,300,000","385,400,000","351,400,000","326,200,000","334,400,000","357,400,000","303,000,000","326,200,000","375,300,000","400,900,000","297,600,000","315,900,000","344,900,000","364,800,000","272,300,000","287,300,000","308,500,000","338,800,000","247,400,000","273,400,000","282,000,000","329,700,000","247,900,000","272,200,000","306,400,000","356,500,000","270,900,000","281,000,000","299,100,000","337,400,000","247,400,000","264,200,000","278,100,000","310,600,000","247,100,000","244,800,000","263,700,000","291,400,000","230,100,000","229,700,000","231,700,000","268,200,000","224,000,000","222,995,000","228,400,000","260,100,000","214,500,000","182,800,000","235,800,000","246,100,000","202,600,000","207,400,000","212,800,000","309,600,000","270,600,000","209,500,000","210,000,000","238,500,000","201,800,000","187,900,000","193,100,000","230,600,000","161,400,000","175,900,000","172,700,000","185,200,000","158,100,000","137,500,000","155,900,000","190,100,000","141,000,000",,,,,,,,,,,,,,,
OperatingExpense,"1,137,000,000","275,000,000","268,000,000","264,000,000","330,000,000","269,000,000","251,000,000","205,000,000","266,000,000","253,000,000","267,000,000","250,000,000","254,000,000","251,000,000","258,000,000","259,000,000","367,000,000","283,000,000","264,000,000","249,000,000","269,000,000","263,000,000","261,000,000","240,000,000","272,000,000","277,000,000","284,000,000","264,000,000","294,000,000","281,000,000","306,000,000","274,000,000","305,000,000","277,000,000","265,000,000","260,000,000","282,800,000","269,700,000","262,200,000","242,400,000","273,400,000","247,600,000","254,800,000","234,400,000","191,300,000","240,400,000","223,800,000","206,100,000","251,500,000","237,000,000","217,400,000","188,100,000","237,500,000","193,400,000","245,000,000","240,200,000","266,100,000","251,000,000","257,400,000","235,600,000","253,800,000","218,500,000","203,300,000","210,200,000","223,300,000","168,700,000","197,200,000","215,000,000","246,000,000","280,600,000","241,900,000","214,700,000","226,700,000","218,000,000","226,000,000","220,200,000","196,700,000","201,700,000","214,300,000","191,300,000","194,000,000","193,700,000","205,700,000","186,600,000","132,600,000","215,600,000","227,700,000","203,000,000","198,800,000","212,000,000","220,900,000","185,200,000","188,400,000","199,600,000","203,000,000","187,000,000","174,000,000","187,900,000","189,700,000","171,400,000","162,500,000","161,000,000","174,800,000","168,000,000","161,700,000","162,800,000","170,100,000","157,300,000","122,500,000","167,800,000","158,800,000","150,600,000","154,000,000","150,400,000","233,400,000","222,200,000","155,300,000","148,000,000","155,400,000","145,600,000","136,300,000","138,800,000","146,400,000","117,900,000","135,800,000","113,700,000","116,800,000","102,200,000","100,400,000","106,300,000","101,400,000","91,200,000",,,,,,,,,,,,,,,
	SellingGeneralAndAdministration,"1,138,000,000","279,000,000","269,000,000","258,000,000","332,000,000","278,000,000","250,000,000","210,000,000","242,000,000","257,000,000","270,000,000","256,000,000","256,000,000","252,000,000","263,000,000","266,000,000","368,000,000","287,000,000","274,000,000","250,000,000","271,000,000","264,000,000","270,000,000","245,000,000","281,000,000","274,000,000","286,000,000","264,000,000","288,000,000","275,000,000","301,000,000","269,000,000","314,000,000","277,000,000","273,000,000","259,000,000","279,000,000","272,900,000","265,700,000","240,600,000","274,800,000","246,800,000","253,500,000","229,800,000","266,100,000","239,100,000","226,400,000","208,200,000","255,100,000","223,500,000","217,200,000","193,200,000","239,700,000","200,100,000","249,900,000","241,300,000","259,700,000","250,900,000","259,300,000","237,100,000","252,700,000","223,400,000","216,500,000","212,200,000","223,700,000","201,100,000","197,600,000","182,000,000","247,200,000","243,100,000","240,800,000","213,900,000","225,500,000","220,500,000","227,400,000","205,900,000","197,800,000","207,900,000","214,300,000","191,300,000","194,000,000","193,700,000","205,700,000","186,600,000","181,100,000","199,500,000","211,200,000","187,100,000","181,600,000","197,500,000","206,000,000","169,800,000","174,400,000","186,500,000","189,000,000","173,100,000","161,300,000","175,500,000","176,400,000","158,800,000","149,900,000","148,600,000","162,000,000","156,000,000","150,200,000","150,900,000","158,600,000","146,200,000","114,100,000","155,600,000","147,000,000","139,500,000","144,600,000","141,200,000","154,400,000","146,300,000","146,100,000","139,000,000","146,900,000","137,300,000","128,800,000","130,700,000","139,100,000","111,200,000","128,300,000","107,900,000","110,500,000","96,300,000","92,200,000","98,800,000","96,800,000","86,100,000",,,,,,,,,,,,,,,
		GeneralAndAdministrativeExpense,"706,000,000","162,000,000","165,000,000","168,000,000","211,000,000","157,000,000","155,000,000","148,000,000","167,000,000","153,000,000","158,000,000","164,000,000","163,000,000","149,000,000","161,000,000","168,000,000","268,000,000","173,000,000","163,000,000","161,000,000","179,000,000","162,000,000","163,000,000","163,000,000","181,000,000","167,000,000","171,000,000","169,000,000","185,000,000","163,000,000","178,000,000","170,000,000","207,000,000","161,000,000","162,000,000","156,000,000","180,100,000","162,400,000","159,100,000","148,500,000","176,100,000","148,000,000","146,800,000","139,000,000","166,800,000","142,300,000","132,900,000","131,900,000","165,300,000","131,500,000","125,100,000","117,200,000","150,800,000","113,100,000","139,900,000","144,300,000","158,900,000","143,300,000","146,700,000","143,100,000","158,900,000","129,200,000","123,800,000","131,000,000","143,400,000","116,100,000","110,200,000","110,000,000","155,100,000","146,200,000","139,400,000","133,300,000","131,500,000","133,000,000","132,400,000","128,300,000","129,600,000","119,800,000","127,900,000","112,900,000","127,400,000","116,800,000","121,900,000","114,900,000",,,,,,,,,,,,,,,,,,,,,,,,,,,,,,,,,,,,,,,,,,,,,,,,,,,,,,,,,,,,,,,
			OtherGandA,"706,000,000","162,000,000","165,000,000","168,000,000","211,000,000","157,000,000","155,000,000","148,000,000","167,000,000","153,000,000","158,000,000","164,000,000","163,000,000","149,000,000","161,000,000","168,000,000","268,000,000","173,000,000","163,000,000","161,000,000","179,000,000","162,000,000","163,000,000","163,000,000","181,000,000","167,000,000","171,000,000","169,000,000","185,000,000","163,000,000","178,000,000","170,000,000","207,000,000","161,000,000","162,000,000","156,000,000","180,100,000","162,400,000","159,100,000","148,500,000","176,100,000","148,000,000","146,800,000","139,000,000","166,800,000","142,300,000","132,900,000","131,900,000","165,300,000","131,500,000","125,100,000","117,200,000","150,800,000","113,100,000","139,900,000","144,300,000","158,900,000","143,300,000","146,700,000","143,100,000","158,900,000","129,200,000","123,800,000","131,000,000","143,400,000","116,100,000","110,200,000","110,000,000","155,100,000","146,200,000","139,400,000","133,300,000","131,500,000","133,000,000","132,400,000","128,300,000","129,600,000","119,800,000","127,900,000","112,900,000","127,400,000","116,800,000","121,900,000","114,900,000",,,,,,,,,,,,,,,,,,,,,,,,,,,,,,,,,,,,,,,,,,,,,,,,,,,,,,,,,,,,,,,
		SellingAndMarketingExpense,"432,000,000","117,000,000","104,000,000","90,000,000","121,000,000","121,000,000","95,000,000","62,000,000","75,000,000","104,000,000","112,000,000","92,000,000","93,000,000","103,000,000","102,000,000","98,000,000","100,000,000","114,000,000","111,000,000","89,000,000","92,000,000","102,000,000","107,000,000","82,000,000","100,000,000","107,000,000","115,000,000","95,000,000","103,000,000","112,000,000","123,000,000","99,000,000","107,000,000","116,000,000","111,000,000","103,000,000","98,900,000","110,500,000","106,600,000","92,100,000","98,700,000","98,800,000","106,700,000","90,800,000","99,300,000","96,800,000","93,500,000","76,300,000","89,800,000","92,000,000","92,100,000","76,000,000","88,900,000","87,000,000","110,000,000","97,000,000","100,800,000","107,600,000","112,600,000","94,000,000","93,800,000","94,200,000","92,700,000","81,200,000","80,300,000","85,000,000","87,400,000","72,000,000","92,100,000","96,900,000","101,400,000","80,600,000","94,000,000","87,500,000","95,000,000","77,600,000","68,200,000","88,100,000","86,400,000","78,400,000","66,600,000","76,900,000","83,800,000","71,700,000",,,,,,,,,,,,,,,,,,,,,,,,,,,,,,,,,,,,,,,,,,,,,,,,,,,,,,,,,,,,,,,
	DepreciationAmortizationDepletionIncomeStatement,,,,,,,,,,,,,,,,,,,,,,,,,,,,,,,,,,,,,"0","0","0","0","-400,000","800,000","1,300,000","1,300,000","1,200,000","1,300,000","1,300,000","1,300,000","1,200,000","1,300,000","1,300,000","1,300,000","1,200,000","1,300,000","1,300,000","1,300,000","1,200,000","1,300,000","1,300,000","1,300,000",,,,,,,,,,,,,,,,,,,,,,,,,"4,500,000","16,100,000","16,500,000","15,900,000","17,200,000","14,500,000","14,900,000","15,400,000","14,000,000","13,100,000","14,000,000","13,900,000","12,700,000","12,400,000","13,300,000","12,600,000","12,600,000","12,400,000","12,800,000","12,000,000","11,500,000","11,900,000","11,500,000","11,100,000","8,400,000","12,200,000","11,800,000","11,100,000","9,400,000","9,200,000","9,300,000","8,700,000","9,200,000","9,000,000","8,500,000","8,300,000","7,500,000","8,100,000","7,300,000","6,700,000","7,500,000","5,800,000","6,300,000","5,900,000","8,200,000","7,500,000","4,600,000","5,100,000",,,,,,,,,,,,,,,
		DepreciationAndAmortizationInIncomeStatement,,,,,,,,,,,,,,,,,,,,,,,,,,,,,,,,,,,,,"0","0","0","0","-400,000","800,000","1,300,000","1,300,000","1,200,000","1,300,000","1,300,000","1,300,000","1,200,000","1,300,000","1,300,000","1,300,000","1,200,000","1,300,000","1,300,000","1,300,000","1,200,000","1,300,000","1,300,000","1,300,000",,,,,,,,,,,,,,,,,,,,,,,,,"4,500,000","16,100,000","16,500,000","15,900,000","17,200,000","14,500,000","14,900,000","15,400,000","14,000,000","13,100,000","14,000,000","13,900,000","12,700,000","12,400,000","13,300,000","12,600,000","12,600,000","12,400,000","12,800,000","12,000,000","11,500,000","11,900,000","11,500,000","11,100,000","8,400,000","12,200,000","11,800,000","11,100,000","9,400,000","9,200,000","9,300,000","8,700,000","9,200,000","9,000,000","8,500,000","8,300,000","7,500,000","8,100,000","7,300,000","6,700,000","7,500,000","5,800,000","6,300,000","5,900,000","8,200,000","7,500,000","4,600,000","5,100,000",,,,,,,,,,,,,,,
			Amortization,,,,,,,,,,,,,,,,,,,,,,,,,,,,,,,,,,,,,"0","0","0","0","-400,000","800,000","1,300,000","1,300,000","1,200,000","1,300,000","1,300,000","1,300,000","1,200,000","1,300,000","1,300,000","1,300,000","1,200,000","1,300,000","1,300,000","1,300,000","1,200,000","1,300,000","1,300,000","1,300,000",,,,,,,,,,,,,,,,,,,,,,,,,,,,,,,,,,,,,,,,,,,,,,,,,,,,,,,,,,,,,,,,,,,,,,,,,,,,,,,,,,,,,,,
				AmortizationOfIntangiblesIncomeStatement,,,,,,,,,,,,,,,,,,,,,,,,,,,,,,,,,,,,,"0","0","0","0","-400,000","800,000","1,300,000","1,300,000","1,200,000","1,300,000","1,300,000","1,300,000","1,200,000","1,300,000","1,300,000","1,300,000","1,200,000","1,300,000","1,300,000","1,300,000","1,200,000","1,300,000","1,300,000","1,300,000",,,,,,,,,,,,,,,,,,,,,,,,,,,,,,,,,,,,,,,,,,,,,,,,,,,,,,,,,,,,,,,,,,,,,,,,,,,,,,,,,,,,,,,
	OtherOperatingExpenses,"-1,000,000","-4,000,000","-1,000,000","6,000,000","-2,000,000","-9,000,000","1,000,000","-5,000,000","24,000,000","-4,000,000","-3,000,000","-6,000,000","-2,000,000","-1,000,000","-5,000,000","-7,000,000","-1,000,000","-4,000,000","-10,000,000","-1,000,000","-2,000,000","-1,000,000","-9,000,000","-5,000,000","-10,000,000","3,000,000","-2,000,000",,"6,000,000","6,000,000","5,000,000","5,000,000","-9,000,000",,"-8,000,000","1,000,000","3,800,000","-3,200,000","-3,500,000","1,800,000",,"-2,900,000","800,000","3,300,000",,,"-3,900,000","-3,400,000",,"12,200,000","-1,100,000","-6,400,000","-3,400,000","-8,000,000","-6,200,000","-2,400,000","5,200,000","-1,200,000","-3,200,000","-2,800,000","1,100,000","-4,900,000","-13,200,000","-2,000,000","-400,000","-32,400,000","-400,000","33,000,000","-1,200,000","37,500,000","1,100,000","800,000","1,200,000","-2,500,000","-1,400,000","14,300,000","-1,100,000","-6,200,000",,,,,,,,,,,,,,,,,,,,,,,,,,,,,,,,,,,,,"69,700,000","67,200,000",,,,,,,,,,,,,,,,,,,,,,,,,,,,,,,
OperatingIncome,"1,126,000,000","347,000,000","322,000,000","289,000,000","168,000,000","281,000,000","330,000,000","260,000,000","187,000,000","304,000,000","352,000,000","248,000,000","228,000,000","320,000,000","332,000,000","264,000,000","145,000,000","304,000,000","346,000,000","244,000,000","211,000,000","273,000,000","291,000,000","213,000,000","241,000,000","278,000,000","302,000,000","227,000,000","232,000,000","272,000,000","303,000,000","221,000,000","188,000,000","255,000,000","311,000,000","217,000,000","176,900,000","237,000,000","262,300,000","221,700,000","148,400,000","203,300,000","247,100,000","185,900,000","231,600,000","223,100,000","442,300,000","172,700,000","125,500,000","173,900,000","225,600,000","192,000,000","121,400,000","177,200,000","221,700,000","316,800,000","135,300,000","181,600,000","212,600,000","307,400,000","108,300,000","168,800,000","182,100,000","141,200,000","102,900,000","165,700,000","160,200,000","88,000,000","80,200,000","94,700,000","159,000,000","82,900,000","89,200,000","126,900,000","138,800,000","52,100,000","90,600,000","106,800,000","124,500,000","56,100,000","79,400,000","88,300,000","124,000,000","61,300,000","139,600,000","90,800,000","128,800,000","67,900,000","82,200,000","87,100,000","116,500,000","62,200,000","75,800,000","78,500,000","107,600,000","60,100,000","70,800,000","75,800,000","101,700,000","58,700,000","67,200,000","70,700,000","93,400,000","56,000,000","61,295,000","65,600,000","90,000,000","57,200,000","60,300,000","68,000,000","87,300,000","52,000,000","53,400,000","62,400,000","76,200,000","48,400,000","54,200,000","62,000,000","83,100,000","56,200,000","51,600,000","54,300,000","84,200,000","43,500,000","40,100,000","59,000,000","68,400,000","55,900,000","37,100,000","49,600,000","88,700,000","49,800,000","-601,100,000","273,000,000","303,000,000","233,500,000","-636,300,000","271,700,000","309,000,000","247,300,000","-640,900,000","257,400,000","389,100,000","257,300,000","-560,600,000","240,100,000","297,200,000"
NetNonOperatingInterestIncomeExpense,"-77,000,000","-19,000,000","-19,000,000","-20,000,000","-19,000,000","-21,000,000","-19,000,000","-20,000,000","-19,000,000","-19,000,000","-20,000,000","-19,000,000","-19,000,000","-21,000,000","-20,000,000","-20,000,000","-17,000,000","-15,000,000","-15,000,000","-15,000,000","-14,000,000","-15,000,000","-15,000,000","-12,000,000","-11,000,000","-12,000,000","-12,000,000","-9,000,000","-5,000,000","-6,000,000","-7,000,000","-7,000,000","-6,000,000","-6,000,000","-6,000,000","-6,000,000","-15,900,000","-7,600,000","-4,800,000","-4,600,000","-6,500,000","-7,300,000","-7,100,000","-7,100,000","-6,800,000","-6,900,000","-6,100,000","-6,200,000","-6,300,000","-7,100,000","-7,400,000","-7,100,000",,,,,,,,,,,,,,,,,,,,,,,,,,,,,,,,,,,,,,,,,,,,,,,,,,,,,,,,,,,,,,,,,,,,,,,,,,,,,,,,,,,,,,,,,,,,,,,
	InterestIncomeNonOperating,"4,000,000","1,000,000","1,000,000","1,000,000","1,000,000","0","1,000,000","0","1,000,000","1,000,000","1,000,000","2,000,000","2,000,000","2,000,000","2,000,000","2,000,000","2,000,000","2,000,000","1,000,000","1,000,000","1,000,000","1,000,000","1,000,000","1,000,000","1,000,000",,"0",,"1,000,000","0","0","0","0","0","1,000,000","1,000,000","1,100,000","700,000","700,000","600,000","900,000","600,000","700,000","800,000","1,300,000","600,000","600,000","500,000","1,100,000","500,000","400,000","1,000,000",,,,,,,,,,,,,,,,,,,,,,,,,,,,,,,,,,,,,,,,,,,,,,,,,,,,,,,,,,,,,,,,,,,,,,,,,,,,,,,,,,,,,,,,,,,,,,,
	InterestExpenseNonOperating,"81,000,000","20,000,000","20,000,000","21,000,000","20,000,000","21,000,000","20,000,000","20,000,000","20,000,000","20,000,000","21,000,000","21,000,000","21,000,000","23,000,000","22,000,000","22,000,000","19,000,000","17,000,000","16,000,000","16,000,000","15,000,000","16,000,000","16,000,000","13,000,000","12,000,000","12,000,000","12,000,000","9,000,000","6,000,000","6,000,000","7,000,000","7,000,000","6,000,000","6,000,000","7,000,000","7,000,000","17,000,000","8,300,000","5,500,000","5,200,000","7,400,000","7,900,000","7,800,000","7,900,000","8,100,000","7,500,000","6,700,000","6,700,000","7,400,000","7,600,000","7,800,000","8,100,000",,,,,,,,,,,,,,,,,,,,,,,,,,,,,,,,,,,,,,,,,,,,,,,,,,,,,,,,,,,,,,,,,,,,,,,,,,,,,,,,,,,,,,,,,,,,,,,
	TotalOtherFinanceCost,,,,,,,,,,"19,000,000",,,,"21,000,000",,,,,,,"15,000,000",,,,"11,000,000","12,000,000",,,"6,000,000","6,000,000",,"7,000,000","7,000,000",,,,"16,000,000",,,"4,600,000",,,"7,100,000","-7,100,000",,,,"6,200,000",,,,,,,,,,,,,,,,,,,,,,,,,,,,,,,,,,,,,,,,,,,,,,,,,,,,,,,,,,,,,,,,,,,,,,,,,,,,,,,,,,,,,,,,,,,,,,,,,,,
OtherIncomeExpense,"-4,000,000",,"-2,000,000",,"-2,000,000","-1,000,000","-2,000,000","126,000,000","-2,000,000","-1,000,000","-1,000,000","-1,000,000","-3,000,000","-15,000,000","-2,000,000","-2,000,000",,,,,,,,,"485,000,000",,,,,,,,,,,,,,,,,"2,900,000","-800,000",,,"2,400,000",,,,,,,,"8,000,000","6,200,000","2,400,000","-5,200,000","1,200,000","3,200,000","2,800,000","-1,100,000","4,900,000","13,200,000","2,000,000","400,000","32,400,000","400,000","14,000,000","900,000","36,000,000","-1,100,000","-800,000","-1,200,000","2,500,000","1,400,000","-14,300,000","1,100,000","6,200,000",,,,,,,,,,,,,,,"1,800,000","1,700,000","1,500,000","1,000,000","700,000","1,000,000","600,000","700,000","1,400,000","400,000","600,000","1,000,000","1,000,000","700,000","600,000","700,000","700,000","500,000","400,000","300,000","700,000","1,300,000","31,200,000","900,000","900,000","800,000","700,000","700,000","1,000,000","700,000","600,000","1,400,000","2,000,000","1,400,000","1,600,000","2,200,000","4,500,000","1,500,000","-58,700,000","2,200,000",,,,,,,,,,,,,,,
	SpecialIncomeCharges,"0","0","0","0","0","0","0","127,000,000",,,,,,,,,,,,,"0",,,,"485,000,000",,,,,,,,,,,,,,,,,"2,900,000","-800,000",,,"2,400,000",,,,,,,,"8,000,000","6,200,000","2,400,000","-5,200,000","1,200,000","3,200,000","2,800,000","-1,100,000","4,900,000","13,200,000","2,000,000","400,000","32,400,000","400,000","14,000,000","900,000","36,000,000","-1,100,000","-800,000","-1,200,000","2,500,000","1,400,000","-14,300,000","1,100,000","6,200,000",,,,,,,,,,,,,,,"1,800,000","1,700,000","1,500,000","1,000,000","700,000","1,000,000","600,000","700,000","1,400,000","400,000","600,000","1,000,000","1,000,000","700,000","600,000","700,000","700,000","500,000","400,000","300,000","700,000","1,300,000","31,200,000","900,000","900,000","800,000","700,000","700,000","1,000,000","700,000","600,000","1,400,000","2,000,000","1,400,000","1,600,000","2,200,000","4,500,000","1,500,000","-58,700,000","2,200,000",,,,,,,,,,,,,,,
		GainOnSaleOfBusiness,"0","0","0","0","0","0","0","127,000,000",,,,,,,,,,,,,"0",,,,"485,000,000",,,,,,,,,,,,,,,,,,,,,,,,,,,,,,,,,,,,,,,,,,,,,,,,,,,,,,,,,,,,,,,,,,,,,,,,,,,,,,,,,,,,,,,,,,,,,,,,,,,,,,,,,,,,,,,,,,,,,,,,,,
	OtherNonOperatingIncomeExpenses,"-4,000,000",,"-2,000,000",,"-2,000,000","-1,000,000","-2,000,000","-1,000,000","-2,000,000","-1,000,000","-1,000,000","-1,000,000","-3,000,000","-15,000,000","-2,000,000","-2,000,000",,,,,,,,,,,,,,,,,,,,,,,,,,,,,,,,,,,,,,,,,,,,,,,,,,,,,,,,,,,,,,,,,,,,,,,,,,,,,,,,,,,,,,,,,,,,,,,,,,,,,,,,,,,,,,,,,,,,,,,,,,,,,,,,,,,
PretaxIncome,"1,045,000,000","328,000,000","301,000,000","269,000,000","147,000,000","259,000,000","309,000,000","366,000,000","166,000,000","284,000,000","331,000,000","228,000,000","206,000,000","284,000,000","310,000,000","242,000,000","128,000,000","289,000,000","331,000,000","229,000,000","197,000,000","258,000,000","276,000,000","201,000,000","715,000,000","266,000,000","290,000,000","218,000,000","227,000,000","266,000,000","296,000,000","214,000,000","182,000,000","249,000,000","305,000,000","211,000,000","161,000,000","229,400,000","257,500,000","217,100,000","143,200,000","198,900,000","239,200,000","178,800,000","215,100,000","218,600,000","228,900,000","166,500,000","112,200,000","166,800,000","218,200,000","184,900,000","113,900,000","169,100,000","213,800,000","133,100,000","126,800,000","172,500,000","200,400,000","144,300,000","97,700,000","166,300,000","180,200,000","140,000,000","102,700,000","166,000,000","158,900,000","132,000,000","77,500,000","166,200,000","154,300,000","78,000,000","85,200,000","122,000,000","133,700,000","47,100,000","88,200,000","106,000,000","123,800,000","55,100,000","78,400,000","87,500,000","122,200,000","59,800,000","84,700,000","88,500,000","125,900,000","67,000,000","81,400,000","86,300,000","114,800,000","60,500,000","75,800,000","77,700,000","105,900,000","58,600,000","68,700,000","73,500,000","98,300,000","55,500,000","64,500,000","67,100,000","89,300,000","52,000,000","58,000,000","61,100,000","85,400,000","52,400,000","55,500,000","62,900,000","81,900,000","46,700,000","48,200,000","60,000,000","103,600,000","45,500,000","51,200,000","57,800,000","79,300,000","54,200,000","49,300,000","52,000,000","81,000,000","41,400,000","39,600,000","57,600,000","67,200,000","55,100,000","37,300,000","47,300,000","25,700,000","47,400,000",,,,,,,,,,,,,,,
TaxProvision,"238,000,000","69,000,000","65,000,000","77,000,000","27,000,000","40,000,000","69,000,000","42,000,000","38,000,000","53,000,000","49,000,000","42,000,000","47,000,000","57,000,000","61,000,000","42,000,000","18,000,000","99,000,000","92,000,000","51,000,000","52,000,000","76,000,000","79,000,000","57,000,000","193,000,000","76,000,000","90,000,000","62,000,000","86,000,000","80,000,000","88,000,000","64,000,000","49,000,000","72,000,000","99,000,000","68,000,000","48,000,000","71,800,000","84,500,000","69,600,000","38,900,000","65,800,000","81,600,000","60,700,000","49,200,000","77,900,000","74,900,000","55,100,000","39,700,000","58,900,000","70,900,000","63,500,000","33,700,000","45,700,000","70,600,000","44,900,000","27,500,000","56,600,000","70,900,000","48,900,000","28,600,000","54,700,000","55,900,000","46,200,000","27,300,000","45,600,000","46,800,000","44,000,000","20,100,000","70,100,000","51,700,000","26,100,000","27,100,000","41,500,000","45,500,000","16,000,000","30,300,000","36,000,000","42,700,000","19,000,000","27,000,000","30,200,000","42,100,000","20,600,000","30,600,000","32,200,000","45,800,000","24,400,000","29,500,000","31,500,000","41,900,000","22,100,000","27,600,000","28,400,000","38,600,000","21,400,000","24,600,000","27,900,000","37,400,000","21,100,000","24,800,000","25,500,000","33,900,000","20,000,000","21,500,000","23,000,000","32,200,000","20,200,000","21,800,000","25,200,000","32,800,000","18,600,000","17,900,000","21,200,000","41,100,000","16,000,000","18,700,000","20,600,000","28,100,000","19,000,000","17,700,000","17,700,000","28,300,000","13,600,000","12,600,000","19,600,000","23,200,000","18,900,000","12,700,000","16,100,000","30,400,000","17,500,000",,,,,,,,,,,,,,,
NetIncomeCommonStockholders,"807,000,000","259,000,000","236,000,000","192,000,000","120,000,000","219,000,000","240,000,000","324,000,000","128,000,000","231,000,000","282,000,000","186,000,000","159,000,000","227,000,000","249,000,000","200,000,000","110,000,000","190,000,000","239,000,000","178,000,000","145,000,000","182,000,000","197,000,000","144,000,000","522,000,000","190,000,000","200,000,000","156,000,000","141,000,000","186,000,000","208,000,000","150,000,000","133,000,000","177,000,000","206,000,000","143,000,000","113,200,000","157,500,000","173,000,000","147,500,000","104,300,000","133,100,000","157,600,000","118,100,000","166,300,000","140,600,000","154,000,000","111,400,000","72,500,000","107,900,000","147,300,000","121,400,000","80,200,000","123,400,000","143,200,000","264,400,000","99,300,000","116,000,000","129,400,000","247,300,000","66,300,000","105,100,000","123,800,000","93,700,000","77,900,000","120,500,000","108,800,000","13,000,000","57,400,000","96,100,000","102,600,000","51,900,000","58,100,000","80,500,000","88,200,000","31,100,000","57,900,000","70,000,000","81,100,000","36,100,000","51,400,000","57,300,000","80,100,000","39,200,000","54,100,000","56,300,000","80,100,000","42,600,000","51,900,000","54,800,000","72,900,000","38,400,000","48,200,000","49,300,000","67,200,000","37,100,000","43,500,000","45,500,000","60,800,000","34,300,000","39,100,000","41,500,000","55,300,000","32,000,000","35,900,000","38,000,000","53,100,000","32,100,000","33,600,000","37,600,000","49,000,000","28,000,000","30,200,000","38,700,000","62,400,000","1,000,000","32,400,000","37,100,000","51,100,000","35,100,000","31,500,000","34,200,000","52,600,000","27,700,000","26,900,000","37,900,000","43,900,000","36,100,000","24,500,000","31,100,000","-4,800,000","29,800,000",,,,,,,,,,,,,,,
	NetIncome,"807,000,000","259,000,000","236,000,000","192,000,000","120,000,000","219,000,000","240,000,000","324,000,000","128,000,000","231,000,000","282,000,000","186,000,000","159,000,000","227,000,000","249,000,000","200,000,000","110,000,000","190,000,000","239,000,000","178,000,000","145,000,000","182,000,000","197,000,000","144,000,000","522,000,000","190,000,000","200,000,000","156,000,000","141,000,000","186,000,000","208,000,000","150,000,000","133,000,000","177,000,000","206,000,000","143,000,000","113,000,000","157,600,000","173,000,000","147,500,000","104,300,000","133,100,000","157,600,000","118,100,000","165,900,000","140,700,000","154,000,000","111,400,000","72,500,000","107,900,000","147,300,000","121,400,000","80,200,000","123,400,000","143,200,000","264,400,000","99,300,000","116,000,000","129,400,000","247,300,000","66,300,000","105,100,000","123,800,000","93,700,000","77,900,000","120,500,000","108,800,000","13,000,000","57,400,000","96,100,000","102,600,000","51,900,000","58,100,000","80,500,000","88,200,000","31,100,000","57,900,000","70,000,000","81,100,000","36,100,000","51,400,000","57,300,000","80,100,000","39,200,000","54,100,000","56,300,000","80,100,000","42,600,000","51,900,000","54,800,000","72,900,000","38,400,000","48,200,000","49,300,000","67,300,000","37,200,000","44,100,000","45,600,000","60,900,000","34,400,000","39,700,000","41,600,000","55,400,000","32,000,000","36,500,000","38,100,000","53,200,000","32,200,000","33,700,000","37,700,000","49,100,000","28,100,000","30,300,000","38,800,000","62,500,000","1,100,000","32,500,000","37,200,000","51,200,000","35,200,000","31,600,000","34,300,000","52,700,000","27,800,000","27,000,000","38,000,000","44,000,000","36,200,000","24,600,000","31,200,000","-4,700,000","29,900,000",,,,,,,,,,,,,,,
		NetIncomeIncludingNoncontrollingInterests,"807,000,000","259,000,000","236,000,000","192,000,000","120,000,000","219,000,000","240,000,000","324,000,000","128,000,000","231,000,000","282,000,000","186,000,000","159,000,000","227,000,000","249,000,000","200,000,000","110,000,000","190,000,000","239,000,000","178,000,000","145,000,000","182,000,000","197,000,000","144,000,000","522,000,000","190,000,000","200,000,000","156,000,000","141,000,000","186,000,000","208,000,000","150,000,000","133,000,000","177,000,000","206,000,000","143,000,000","113,000,000","157,600,000","173,000,000","147,500,000","104,300,000","133,100,000","157,600,000","118,100,000","165,900,000","140,700,000","154,000,000","111,400,000","72,500,000","107,900,000","147,300,000","121,400,000","80,200,000","123,400,000","143,200,000","264,400,000","99,300,000","116,000,000","129,400,000","247,300,000","66,300,000","105,100,000","123,800,000","93,700,000","77,900,000","120,500,000","108,800,000","13,000,000","57,400,000","96,100,000","102,600,000","51,900,000","58,100,000","80,500,000","88,200,000","31,100,000","57,900,000","70,000,000","81,100,000","36,100,000","51,400,000","57,300,000","80,100,000","39,200,000","54,100,000","56,300,000","80,100,000","42,600,000","51,900,000","54,800,000","72,900,000","38,400,000","48,200,000","49,300,000","67,300,000","37,200,000","44,100,000","45,600,000","60,900,000","34,400,000","39,700,000","41,600,000","55,400,000","32,000,000","36,500,000","38,100,000","53,200,000","32,200,000","33,700,000","37,700,000","49,100,000","28,100,000","30,300,000","38,800,000","62,500,000","1,100,000","32,500,000","37,200,000","51,200,000","35,200,000","31,600,000","34,300,000","52,700,000","27,800,000","27,000,000","38,000,000","44,000,000","36,200,000","24,600,000","31,200,000","-4,700,000","29,900,000","21,300,000","57,900,000","42,100,000","23,200,000","18,900,000","28,600,000","37,100,000","18,800,000","23,600,000","21,600,000","26,200,000","18,200,000","20,200,000","15,800,000","31,900,000"
			NetIncomeContinuousOperations,"807,000,000","259,000,000","236,000,000","192,000,000","120,000,000","219,000,000","240,000,000","324,000,000","128,000,000","231,000,000","282,000,000","186,000,000","159,000,000","227,000,000","249,000,000","200,000,000","110,000,000","190,000,000","239,000,000","178,000,000","145,000,000","182,000,000","197,000,000","144,000,000","522,000,000","190,000,000","200,000,000","156,000,000","141,000,000","186,000,000","208,000,000","150,000,000","133,000,000","177,000,000","206,000,000","143,000,000","113,000,000","157,600,000","173,000,000","147,500,000","104,300,000","133,100,000","157,600,000","118,100,000","165,900,000","140,700,000","154,000,000","111,400,000","72,500,000","107,900,000","147,300,000","121,400,000","80,200,000","123,400,000","143,200,000","264,400,000","99,300,000","115,900,000","129,500,000","247,400,000","69,100,000","111,600,000","124,300,000","93,800,000","75,400,000","120,400,000","112,100,000","88,000,000","57,400,000","96,100,000","102,600,000","51,900,000","58,100,000","80,500,000","88,200,000","31,100,000","57,900,000","70,000,000","81,100,000","36,100,000","51,400,000","57,300,000","80,100,000","39,200,000","54,100,000","56,300,000","80,100,000","42,600,000","51,900,000","54,800,000","72,900,000","38,400,000","48,200,000","49,300,000","67,300,000","37,200,000","44,100,000","45,600,000","60,900,000","34,400,000","39,700,000","41,600,000","55,400,000","32,000,000","36,500,000","38,100,000","53,200,000","32,200,000","33,700,000","37,700,000","49,100,000","28,100,000","30,300,000","38,800,000","62,500,000","29,500,000","32,500,000","37,200,000","51,200,000","35,200,000","31,600,000","34,300,000","52,700,000","27,800,000","27,000,000","38,000,000","44,000,000","36,200,000","24,600,000","31,200,000","-4,700,000","29,900,000","21,300,000","57,900,000","42,100,000","23,200,000","18,900,000","28,600,000","37,100,000","18,800,000","23,600,000","21,600,000","26,200,000","18,200,000","20,200,000","15,800,000","31,900,000"
			NetIncomeDiscontinuousOperations,,,,,,,,,,,,,,,,,,,,,,,,,,,,,,,,,,,,,,,,,,,,,,,,,,,,,,,,,,"100,000","-100,000","-100,000","-2,800,000","-6,500,000","-500,000","-100,000","2,500,000","100,000","-3,300,000","-75,000,000",,,,,,,,,,,,,,,,,,,,,,,,,,,,,,,,,,,,,,,,,,,,,,,,,,,,,,,,,,,,,,,,,,,,,,,,,,,,,,,
			NetIncomeExtraordinary,,,,,,,,,,,,,,,,,,,,,,,,,,,,,,,,,,,,,,,,,,,,,,,,,,,,,,,,,,,,,,,,,,,,,,,,,,,,,,,,,,,,,,,,,,,,,,,,,,,,,,,,,,,,,,,,,"0",,,"-28,400,000",,,,,,,,,,,,,,,,,,,,,,,,,,,,,,,
	PreferredStockDividends,,,,,,,,,,,,,,,,,,,,,,,,,,,,,,,,,,,,,,"100,000",,,,,,,,,,,,,,,,,,,,,,,,,,,,,,,,,,,,,,,,,,,,,,,,,,,,,,,"0",,"100,000","100,000","600,000","100,000","100,000","100,000","600,000","100,000","100,000",,"600,000","100,000","100,000","100,000","100,000","100,000","100,000","100,000","100,000","100,000","100,000","100,000","100,000","100,000","100,000","100,000","100,000","100,000","100,000","100,000","100,000","100,000","100,000","100,000","100,000","100,000","100,000","100,000",,,,,,,,,,,,,,,
	OtherunderPreferredStockDividend,,,,,,,,,,,,,,,,,,,,,,,,,,,,,,,,,,,,,,,,,,,,,,"100,000",,,,,,,,,,,,,,,,,,,,,,,,,,,,,,,,,,,,,,,,,,,,,,,,,,,,,,,,,,,,,,,,,,,,,,,,,,,,,,,,,,,,,,,,,,,,,,,,,,,,,
DilutedNIAvailtoComStockholders,"807,000,000","259,000,000","236,000,000","192,000,000","120,000,000","219,000,000","240,000,000","324,000,000","128,000,000","231,000,000","282,000,000","186,000,000","159,000,000","227,000,000","249,000,000","200,000,000","110,000,000","190,000,000","239,000,000","178,000,000","145,000,000","182,000,000","197,000,000","144,000,000","522,000,000","190,000,000","200,000,000","156,000,000","141,000,000","186,000,000","208,000,000","150,000,000","133,000,000","177,000,000","206,000,000","143,000,000","113,200,000","157,500,000","173,000,000","147,500,000","104,300,000","133,100,000","157,600,000","118,100,000","166,300,000","140,600,000","154,000,000","111,400,000","72,500,000","107,900,000","147,300,000","121,400,000","80,200,000","123,400,000","143,200,000","264,400,000","99,300,000","116,000,000","129,400,000","247,300,000","66,300,000","105,100,000","123,800,000","93,700,000","77,900,000","120,500,000","108,800,000","13,000,000","57,400,000","96,100,000","102,600,000","51,900,000","58,100,000","80,500,000","88,200,000","31,100,000","57,900,000","70,000,000","81,100,000","36,100,000","51,400,000","57,300,000","80,100,000","39,200,000","54,100,000","56,300,000","80,100,000","42,600,000","51,900,000","54,800,000","72,900,000","38,400,000","48,200,000","49,300,000","67,200,000","37,100,000","43,500,000","45,500,000","60,800,000","34,300,000","39,100,000","41,500,000","55,300,000","32,000,000","35,900,000","38,000,000","53,100,000","32,100,000","33,600,000","37,600,000","49,000,000","28,000,000","30,200,000","38,700,000","62,400,000","1,000,000","32,400,000","37,100,000","51,100,000","35,100,000","31,500,000","34,200,000","52,600,000","27,700,000","26,900,000","37,900,000","43,900,000","36,100,000","24,500,000","31,100,000","-4,800,000","29,800,000",,,,,,,,,,,,,,,
BasicEPS,,"0.54","0.49","0.4","0.25","0.46","0.5","0.68","0.27","0.48","0.59","0.39",,"0.47","0.52","0.42",,"0.39","0.496","0.368","0.304","0.376","0.408","0.296","1.048","0.376","0.392","0.3","0.268","0.352","0.392","0.28","0.248","0.332","0.388","0.268","0.212","0.296","0.324","0.276",,"0.251","0.293","0.216",,"0.259","0.283","0.203",,"0.195","0.264","0.216",,"0.219","0.253","0.156",,"0.201","0.224","0.164",,"0.182","0.215","0.162",,"0.211","0.19","0.021",,"0.169","0.179","0.092",,"0.141","0.155","0.054",,"0.109","0.126","0.057",,"0.09","0.125","0.061",,"0.087","0.125","0.066",,"0.085","0.113","0.06",,"0.077","0.103","0.058",,"0.07","0.094","0.053",,"0.064","0.085","0.05",,"0.059","0.082","0.049",,"0.058","0.076","0.044",,"0.051","0.081","0.001",,"0.048","0.066","0.045",,"0.044","0.068","0.035",,"0.049","0.057","0.046",,"0.039","-0.006","0.037",,"0.074","0.053","0.03",,"0.032","0.041","0.02",,"0.023","0.029","0.02",,"0.017","0.035"
DilutedEPS,,"0.54","0.49","0.4","0.25","0.45","0.5","0.67","0.27","0.48","0.59","0.39",,"0.47","0.52","0.41",,"0.39","0.496","0.368","0.296","0.376","0.4","0.288","1.04","0.376","0.388","0.3","0.264","0.348","0.388","0.28","0.248","0.328","0.384","0.264","0.208","0.292","0.32","0.276",,"0.248","0.291","0.216",,"0.256","0.28","0.203",,"0.195","0.264","0.216",,"0.216","0.251","0.156",,"0.201","0.222","0.164",,"0.18","0.213","0.162",,"0.209","0.188","0.021",,"0.166","0.179","0.09",,"0.141","0.155","0.054",,"0.109","0.126","0.057",,"0.09","0.125","0.061",,"0.087","0.125","0.066",,"0.085","0.113","0.06",,"0.077","0.103","0.058",,"0.07","0.094","0.053",,"0.064","0.085","0.05",,"0.059","0.082","0.049",,"0.058","0.076","0.044",,"0.051","0.081","0.001",,"0.048","0.066","0.045",,"0.044","0.068","0.035",,"0.049","0.057","0.046",,"0.039","-0.006","0.037",,"0.074","0.053","0.03",,"0.032","0.041","0.02",,"0.023","0.029","0.02",,"0.017","0.035"
BasicAverageShares,,"478,887,000","478,857,000","478,793,000","478,696,000","478,599,000","478,506,000","478,327,000","478,148,000","477,898,000","477,680,000","477,369,000",,"477,301,000","480,436,000","480,964,000",,"480,361,000","480,150,000","480,047,500","479,700,000","480,650,000","486,312,500","491,272,500","498,320,000","502,955,000","510,137,500","518,157,500","524,652,500","527,815,000","530,217,500","533,610,000","533,240,000","532,877,500","533,967,500","534,272,500","533,952,500","533,647,500","533,190,000","532,920,000",,"532,230,000","537,033,750","543,105,000",,"543,978,750","546,183,750","549,637,500",,"550,342,500","554,970,000","561,015,000",,"564,540,000","564,978,750","564,764,062",,"575,793,750","578,020,312","577,579,687",,"576,393,750","575,967,187","574,748,437",,"572,418,750","571,950,000","571,617,187",,"570,213,608","572,544,643","565,770,349",,"571,732,955","570,258,621","571,691,176",,"643,382,353","644,332,627","638,561,321",,"639,508,929","641,826,923","644,736,842",,"643,673,780","641,826,923","644,153,226",,"642,187,500","642,281,250","642,262,500",,"642,750,000","643,725,000","643,931,250",,"646,584,375","646,875,000","646,875,000",,"646,875,000","646,875,000","646,875,000",,"646,837,500","646,837,500","646,837,500",,"646,837,500","646,837,500","646,837,500",,"750,646,875","769,736,842","937,500,000",,"772,916,667","772,681,452","783,482,143",,"782,012,195","770,507,812","786,931,818",,"772,418,478","776,533,019","787,063,953",,"788,006,757","750,000,000","798,214,286",,"787,668,750","787,668,750","787,668,750",,"588,150,000","588,150,000","588,150,000",,"587,278,125","587,278,125","587,250,000",,"587,250,000","586,771,875"
DilutedAverageShares,,"480,567,000","480,518,000","480,718,000","480,713,000","480,836,000","480,748,000","480,429,000","480,342,000","480,757,000","480,481,000","480,088,000",,"480,099,000","483,591,000","484,441,000",,"484,244,000","483,283,750","482,983,750","482,923,750","483,957,500","489,810,000","495,011,250","501,265,000","505,975,000","513,577,500","521,595,000","528,210,000","531,515,000","533,922,500","537,547,500","537,345,000","536,980,000","538,010,000","538,300,000","538,030,000","537,627,500","537,227,500","536,995,000",,"536,250,000","540,690,000","547,001,250",,"547,650,000","549,390,000","552,693,750",,"553,282,500","557,602,500","563,516,250",,"568,072,500","569,355,000","569,760,937",,"581,128,125","583,753,125","583,284,375",,"582,328,125","582,614,062","581,559,375",,"579,178,125","577,696,875","577,317,187",,"577,524,038","572,544,643","579,241,071",,"571,732,955","570,258,621","571,691,176",,"643,382,353","644,332,627","638,561,321",,"639,508,929","641,826,923","644,736,842",,"643,673,780","641,826,923","644,153,226",,"643,040,625","642,965,625","643,125,000",,"643,846,875","644,390,625","644,531,250",,"647,081,250","646,875,000","646,875,000",,"646,875,000","646,875,000","646,875,000",,"646,837,500","646,837,500","646,837,500",,"646,837,500","646,837,500","646,837,500",,"750,646,875","769,736,842","937,500,000",,"772,916,667","772,681,452","783,482,143",,"782,012,195","770,507,812","786,931,818",,"772,418,478","776,533,019","787,063,953",,"788,006,757","750,000,000","798,214,286",,"787,668,750","787,668,750","787,668,750",,"588,150,000","588,150,000","588,150,000",,"587,278,125","587,278,125","587,250,000",,"587,250,000","586,771,875"
TotalOperatingIncomeAsReported,"1,126,000,000","347,000,000","322,000,000","289,000,000","168,000,000","281,000,000","330,000,000","387,000,000","187,000,000","304,000,000","352,000,000","248,000,000","228,000,000","320,000,000","332,000,000","264,000,000","145,000,000","304,000,000","346,000,000","244,000,000","211,000,000","273,000,000","291,000,000","213,000,000","726,000,000","278,000,000","302,000,000","227,000,000","232,000,000","272,000,000","303,000,000","221,000,000","188,000,000","255,000,000","311,000,000","217,000,000","176,900,000","237,000,000","262,300,000","221,700,000","149,700,000","206,200,000","246,300,000","185,900,000","221,900,000","225,500,000","235,000,000","172,700,000","118,500,000","173,900,000","225,600,000","192,000,000","121,400,000","177,200,000","221,700,000","140,600,000","135,300,000","181,600,000","212,600,000","155,400,000","108,300,000","168,800,000","182,100,000","141,200,000","102,900,000","165,700,000","160,200,000","88,000,000","80,200,000","94,700,000","159,000,000","82,900,000","89,200,000","126,900,000","138,800,000","52,100,000","90,600,000","106,800,000","124,500,000","56,100,000","79,400,000","88,300,000","124,000,000","61,300,000","86,600,000","90,800,000","128,800,000","67,900,000","82,200,000","87,100,000","116,500,000","62,200,000","75,800,000","78,500,000","107,600,000","60,100,000","70,800,000","75,800,000","101,700,000","58,700,000","67,200,000","70,700,000","93,400,000","56,000,000","61,295,000","65,600,000","90,000,000","57,200,000","60,300,000","68,000,000","87,300,000","52,000,000","53,400,000","62,400,000","76,200,000","48,400,000","54,200,000","62,000,000","83,100,000","56,200,000","51,600,000","54,300,000","84,200,000","43,500,000","40,100,000","59,000,000","68,400,000","55,900,000","37,100,000","49,600,000","88,700,000","49,800,000",,,,,,,,,,,,,,,
TotalExpenses,"2,623,000,000","690,000,000","672,000,000","617,000,000","644,000,000","630,000,000","655,000,000","493,000,000","522,000,000","595,000,000","637,000,000","518,000,000","516,000,000","584,000,000","578,000,000","502,000,000","588,000,000","574,000,000","568,000,000","479,000,000","484,000,000","535,000,000","539,000,000","448,000,000","488,000,000","531,000,000","552,000,000","472,000,000","507,000,000","541,000,000","574,000,000","484,000,000","501,000,000","527,000,000","522,000,000","469,000,000","482,700,000","509,900,000","514,400,000","444,100,000","454,000,000","498,300,000","534,000,000","451,900,000","378,600,000","484,900,000","463,400,000","396,700,000","436,500,000","463,500,000","473,200,000","378,800,000","415,400,000","415,200,000","516,200,000","473,200,000","471,600,000","490,800,000","503,000,000","431,700,000","440,400,000","413,300,000","408,200,000","370,100,000","369,000,000","338,300,000","390,200,000","362,000,000","435,200,000","535,800,000","511,100,000","413,100,000","441,900,000","467,000,000","488,300,000","408,700,000","388,700,000","442,700,000","482,600,000","368,000,000","380,900,000","415,600,000","451,800,000","356,700,000","304,500,000","404,500,000","445,300,000","342,500,000","348,000,000","408,100,000","450,700,000","322,300,000","345,700,000","380,800,000","397,500,000","330,000,000","325,100,000","342,400,000","381,400,000","313,100,000","302,100,000","322,500,000","362,900,000","309,000,000","304,200,000","318,900,000","351,900,000","294,900,000","250,300,000","307,900,000","327,700,000","266,700,000","281,000,000","286,200,000","389,500,000","341,300,000","287,900,000","291,200,000","309,700,000","270,200,000","254,700,000","259,200,000","296,800,000","215,800,000","228,600,000","223,200,000","247,100,000","196,500,000","187,100,000","203,700,000","228,300,000","172,300,000",,,,,,,,,,,,,,,
NetIncomeFromContinuingAndDiscontinuedOperation,"807,000,000","259,000,000","236,000,000","192,000,000","120,000,000","219,000,000","240,000,000","324,000,000","128,000,000","231,000,000","282,000,000","186,000,000","159,000,000","227,000,000","249,000,000","200,000,000","110,000,000","190,000,000","239,000,000","178,000,000","145,000,000","182,000,000","197,000,000","144,000,000","522,000,000","190,000,000","200,000,000","156,000,000","141,000,000","186,000,000","208,000,000","150,000,000","133,000,000","177,000,000","206,000,000","143,000,000","113,000,000","157,600,000","173,000,000","147,500,000","104,300,000","133,100,000","157,600,000","118,100,000","165,900,000","140,700,000","154,000,000","111,400,000","72,500,000","107,900,000","147,300,000","121,400,000","80,200,000","123,400,000","143,200,000","264,400,000","99,300,000","116,000,000","129,400,000","247,300,000","66,300,000","105,100,000","123,800,000","93,700,000","77,900,000","120,500,000","108,800,000","13,000,000","57,400,000","96,100,000","102,600,000","51,900,000","58,100,000","80,500,000","88,200,000","31,100,000","57,900,000","70,000,000","81,100,000","36,100,000","51,400,000","57,300,000","80,100,000","39,200,000","54,100,000","56,300,000","80,100,000","42,600,000","51,900,000","54,800,000","72,900,000","38,400,000","48,200,000","49,300,000","67,300,000","37,200,000","44,100,000","45,600,000","60,900,000","34,400,000","39,700,000","41,600,000","55,400,000","32,000,000","36,500,000","38,100,000","53,200,000","32,200,000","33,700,000","37,700,000","49,100,000","28,100,000","30,300,000","38,800,000","62,500,000","29,500,000","32,500,000","37,200,000","51,200,000","35,200,000","31,600,000","34,300,000","52,700,000","27,800,000","27,000,000","38,000,000","44,000,000","36,200,000","24,600,000","31,200,000","-4,700,000","29,900,000",,,,,,,,,,,,,,,
NormalizedIncome,"807,000,000","259,000,000","236,000,000","192,000,000","120,000,000","219,000,000","240,000,000","211,732,000","128,000,000","231,000,000","282,000,000","186,000,000","159,000,000","227,000,000","249,000,000","200,000,000","110,000,000","190,000,000","239,000,000","178,000,000","145,000,000","182,000,000","197,000,000","144,000,000","522,000,000","190,000,000","200,000,000","156,000,000","141,000,000","186,000,000","208,000,000","150,000,000","133,000,000","177,000,000","206,000,000","143,000,000","113,000,000","157,600,000","173,000,000","147,500,000","104,300,000","131,159,376.571","158,127,090.301","118,100,000","165,900,000","139,155,260.75","154,000,000","111,400,000","72,500,000","107,900,000","147,300,000","121,400,000","80,200,000","117,562,034.299","139,047,333.957","262,809,616.829","103,372,239.748","115,093,739.13","127,432,135.729","245,548,856.549","69,877,993.859","108,311,725.797","115,194,783.574","92,460,000","75,106,329.114","96,900,240.964","111,817,809.943","78,666,666.667","56,733,419.355","74,500,000","103,331,432.275","52,432,307.692","58,918,309.859","78,850,409.836","87,276,439.791","40,542,250.531","57,177,891.156","65,905,660.377","81,100,000","36,100,000","51,400,000","57,300,000","80,100,000","39,200,000","54,100,000","56,300,000","80,100,000","42,600,000","51,900,000","54,800,000","72,900,000","38,400,000","47,055,408.971","48,221,364.221","66,346,742.21","36,565,187.713","43,650,655.022","44,979,591.837","60,528,280.773","33,966,126.126","38,838,294.574","41,352,011.923","55,027,771.557","31,384,615.385","35,870,689.655","37,663,502.455","52,826,229.508","31,769,847.328","33,274,954.955","37,400,000","48,860,000","27,919,486.081","29,859,958.506","37,959,333.333","43,677,606.178","28,916,483.516","31,928,710.938","36,685,121.107","50,748,045.397","34,745,387.454","30,959,026.369","33,838,269.231","52,309,629.63","26,859,903.382","25,636,363.636","37,076,388.889","42,952,380.952","34,754,627.949","21,632,171.582","30,210,570.825","30,520,000","28,512,236.287",,,,,,,,,,,,,,,
InterestIncome,"4,000,000","1,000,000","1,000,000","1,000,000","1,000,000","0","1,000,000","0","1,000,000","1,000,000","1,000,000","2,000,000","2,000,000","2,000,000","2,000,000","2,000,000","2,000,000","2,000,000","1,000,000","1,000,000","1,000,000","1,000,000","1,000,000","1,000,000","1,000,000",,"0",,"1,000,000","0","0","0","0","0","1,000,000","1,000,000","1,100,000","700,000","700,000","600,000","900,000","600,000","700,000","800,000","1,300,000","600,000","600,000","500,000","1,100,000","500,000","400,000","1,000,000",,,,,,,,,,,,,,,,,,,,,,,,,,,,,,,,,,,,,,,,,,,,,,,,,,,,,,,,,,,,,,,,,,,,,,,,,,,,,,,,,,,,,,,,,,,,,,,
InterestExpense,"81,000,000","20,000,000","20,000,000","21,000,000","20,000,000","21,000,000","20,000,000","20,000,000","20,000,000","20,000,000","21,000,000","21,000,000","21,000,000","23,000,000","22,000,000","22,000,000","19,000,000","17,000,000","16,000,000","16,000,000","15,000,000","16,000,000","16,000,000","13,000,000","12,000,000","12,000,000","12,000,000","9,000,000","6,000,000","6,000,000","7,000,000","7,000,000","6,000,000","6,000,000","7,000,000","7,000,000","17,000,000","8,300,000","5,500,000","5,200,000","7,400,000","7,900,000","7,800,000","7,900,000","8,100,000","7,500,000","6,700,000","6,700,000","7,400,000","7,600,000","7,800,000","8,100,000",,,,,,,,,,,,,,,,,,,,,,,,,,,,,,,,,,,,,,,,,,,,,,,,,,,,,,,,,,,,,,,,,,,,,,,,,,,,,,,,,,,,,,,,,,,,,,,
NetInterestIncome,"-77,000,000","-19,000,000","-19,000,000","-20,000,000","-19,000,000","-21,000,000","-19,000,000","-20,000,000","-19,000,000","-19,000,000","-20,000,000","-19,000,000","-19,000,000","-21,000,000","-20,000,000","-20,000,000","-17,000,000","-15,000,000","-15,000,000","-15,000,000","-14,000,000","-15,000,000","-15,000,000","-12,000,000","-11,000,000","-12,000,000","-12,000,000","-9,000,000","-5,000,000","-6,000,000","-7,000,000","-7,000,000","-6,000,000","-6,000,000","-6,000,000","-6,000,000","-15,900,000","-7,600,000","-4,800,000","-4,600,000","-6,500,000","-7,300,000","-7,100,000","-7,100,000","-6,800,000","-6,900,000","-6,100,000","-6,200,000","-6,300,000","-7,100,000","-7,400,000","-7,100,000",,,,,,,,,,,,,,,,,,,,,,,,,,,,,,,,,,,,,,,,,,,,,,,,,,,,,,,,,,,,,,,,,,,,,,,,,,,,,,,,,,,,,,,,,,,,,,,
EBIT,"1,126,000,000","348,000,000","321,000,000","290,000,000","167,000,000","280,000,000","329,000,000","386,000,000","186,000,000","304,000,000","352,000,000","249,000,000","227,000,000","307,000,000","332,000,000","264,000,000","147,000,000","306,000,000","347,000,000","245,000,000","212,000,000","274,000,000","292,000,000","214,000,000","727,000,000","278,000,000","302,000,000","227,000,000","233,000,000","272,000,000","303,000,000","221,000,000","188,000,000","255,000,000","312,000,000","218,000,000","178,000,000","237,700,000","263,000,000","222,300,000","150,600,000","206,800,000","247,000,000","186,700,000","223,200,000","226,100,000","235,600,000","173,200,000","119,600,000","174,400,000","226,000,000","193,000,000","127,400,000","177,200,000","221,700,000","316,800,000","135,300,000","181,600,000","212,600,000","307,400,000","108,300,000","168,800,000","182,100,000","141,200,000","102,900,000","165,700,000","160,200,000","88,000,000","80,200,000","94,700,000","159,000,000","82,900,000","89,200,000","126,900,000","138,800,000","52,100,000","90,600,000","106,800,000","124,500,000","56,100,000","79,400,000","88,300,000","124,000,000","61,300,000","139,600,000","90,800,000","128,800,000","67,900,000","82,200,000","87,100,000","116,500,000","62,200,000","75,800,000","78,500,000","107,600,000","60,100,000","70,800,000","75,800,000","101,700,000","58,700,000","67,200,000","70,700,000","93,400,000","56,000,000","61,295,000","65,600,000","90,000,000","57,200,000","60,300,000","68,000,000","87,300,000","52,000,000","53,400,000","62,400,000","76,200,000","48,400,000","54,200,000","62,000,000","83,100,000","56,200,000","51,600,000","54,300,000","84,200,000","43,500,000","40,100,000","59,000,000","68,400,000","55,900,000","37,100,000","49,600,000","88,700,000","49,800,000","-601,100,000","273,000,000","303,000,000","233,500,000","-636,300,000","271,700,000","309,000,000","247,300,000","-640,900,000","257,400,000","389,100,000","257,300,000","-560,600,000","240,100,000","297,200,000"
EBITDA,"1,205,000,000"
ReconciledCostOfRevenue,"1,486,000,000","415,000,000","404,000,000","353,000,000","314,000,000","361,000,000","404,000,000","288,000,000","256,000,000","342,000,000","370,000,000","268,000,000","262,000,000","333,000,000","320,000,000","243,000,000","221,000,000","291,000,000","304,000,000","230,000,000","215,000,000","272,000,000","278,000,000","208,000,000","216,000,000","254,000,000","268,000,000","208,000,000","213,000,000","260,000,000","268,000,000","210,000,000","196,000,000","250,000,000","257,000,000","209,000,000","185,000,000","227,700,000","240,100,000","190,200,000","168,900,000","239,600,000","267,700,000","205,800,000","175,400,000","231,600,000","226,700,000","177,400,000","171,000,000","212,600,000","242,900,000","177,600,000","164,200,000","209,600,000","259,200,000","221,000,000","193,100,000","228,400,000","234,000,000","184,600,000","186,600,000","194,800,000","204,900,000","159,900,000","145,700,000","169,600,000","193,000,000","147,000,000","189,200,000","255,200,000","269,200,000","198,400,000","215,200,000","249,000,000","262,300,000","188,500,000","192,000,000","241,000,000","268,300,000","176,700,000","186,900,000","221,900,000","246,100,000","170,100,000","160,900,000","188,900,000","217,600,000","139,500,000","149,200,000","196,100,000","229,800,000","137,100,000","157,300,000","181,200,000","194,500,000","143,000,000","151,100,000","154,500,000","191,700,000","141,700,000","139,600,000","161,300,000","188,100,000","141,000,000","142,500,000","156,100,000","181,800,000","137,600,000","127,800,000","140,200,000","168,800,000","116,100,000","127,000,000","135,800,000","156,100,000","119,100,000","132,600,000","143,200,000","154,200,000","124,600,000","118,400,000","120,400,000","150,400,000","97,900,000","92,800,000","109,500,000","130,300,000","94,300,000","86,700,000","97,500,000","126,800,000","81,100,000",,,,,,,,,,,,,,,
ReconciledDepreciation,"79,000,000","20,000,000","21,000,000","19,000,000","19,000,000","19,000,000","20,000,000","19,000,000","19,000,000","19,000,000","18,000,000","18,000,000","20,000,000","16,000,000","18,000,000","18,000,000","16,000,000","17,000,000","16,000,000","15,000,000","16,000,000","14,000,000","13,000,000","15,000,000","16,000,000","13,000,000","14,000,000","13,000,000","13,000,000","13,000,000","12,000,000","13,000,000","14,000,000","12,000,000","12,000,000","12,000,000","14,900,000","12,500,000","12,100,000","11,500,000","11,300,000","11,900,000","12,800,000","13,000,000","13,100,000","14,200,000","14,200,000","14,500,000","15,200,000","15,200,000","14,200,000","14,400,000","14,900,000","13,500,000","13,300,000","13,300,000","13,600,000","12,700,000","12,900,000","12,800,000","12,200,000","11,100,000","10,500,000","10,200,000","11,700,000","6,300,000","12,000,000","14,000,000","14,200,000","14,900,000","14,800,000","14,100,000","14,300,000","14,300,000","14,300,000","13,100,000","13,500,000","13,800,000","13,900,000","13,800,000","14,600,000","13,800,000","13,300,000","13,300,000","15,500,000","16,100,000","16,500,000","15,900,000","17,200,000","14,500,000","14,900,000","15,400,000","14,000,000","13,100,000","14,000,000","13,900,000","12,700,000","12,400,000","13,300,000","12,600,000","12,600,000","12,600,000","12,800,000","12,000,000","11,500,000","11,900,000","11,500,000","11,100,000","8,400,000","12,100,000","11,900,000","11,100,000","9,400,000","9,200,000","9,300,000","8,700,000","9,200,000","9,000,000","8,600,000","8,300,000","7,500,000","8,100,000","7,300,000","6,700,000","7,500,000","5,800,000","6,300,000","5,900,000","8,200,000","7,400,000","4,700,000","5,100,000",,,,,,,,,,,,,,,
NetIncomeFromContinuingOperationNetMinorityInterest,"807,000,000","259,000,000","236,000,000","192,000,000","120,000,000","219,000,000","240,000,000","324,000,000","128,000,000","231,000,000","282,000,000","186,000,000","159,000,000","227,000,000","249,000,000","200,000,000","110,000,000","190,000,000","239,000,000","178,000,000","145,000,000","182,000,000","197,000,000","144,000,000","522,000,000","190,000,000","200,000,000","156,000,000","141,000,000","186,000,000","208,000,000","150,000,000","133,000,000","177,000,000","206,000,000","143,000,000","113,000,000","157,600,000","173,000,000","147,500,000","104,300,000","133,100,000","157,600,000","118,100,000","165,900,000","140,700,000","154,000,000","111,400,000","72,500,000","107,900,000","147,300,000","121,400,000","80,200,000","123,400,000","143,200,000","264,400,000","99,300,000","115,900,000","129,500,000","247,400,000","69,100,000","111,600,000","124,300,000","93,800,000","75,400,000","120,400,000","112,100,000","88,000,000","57,400,000","96,100,000","102,600,000","51,900,000","58,100,000","80,500,000","88,200,000","31,100,000","57,900,000","70,000,000","81,100,000","36,100,000","51,400,000","57,300,000","80,100,000","39,200,000","54,100,000","56,300,000","80,100,000","42,600,000","51,900,000","54,800,000","72,900,000","38,400,000","48,200,000","49,300,000","67,300,000","37,200,000","44,100,000","45,600,000","60,900,000","34,400,000","39,700,000","41,600,000","55,400,000","32,000,000","36,500,000","38,100,000","53,200,000","32,200,000","33,700,000","37,700,000","49,100,000","28,100,000","30,300,000","38,800,000","62,500,000","29,500,000","32,500,000","37,200,000","51,200,000","35,200,000","31,600,000","34,300,000","52,700,000","27,800,000","27,000,000","38,000,000","44,000,000","36,200,000","24,600,000","31,200,000","-4,700,000","29,900,000",,,,,,,,,,,,,,,
TotalUnusualItemsExcludingGoodwill,"0","0","0","0","0","0","0","127,000,000",,,,,,,,,,,,,"0",,,,"485,000,000",,,,,,,,,,,,,,,,,"2,900,000","-800,000",,,"2,400,000",,,,,,,,"8,000,000","6,200,000","2,400,000","-5,200,000","1,200,000","3,200,000","2,800,000","-1,100,000","4,900,000","13,200,000","2,000,000","400,000","32,400,000","400,000","14,000,000","900,000","36,000,000","-1,100,000","-800,000","-1,200,000","2,500,000","1,400,000","-14,300,000","1,100,000","6,200,000",,,,,,,,,,,,,,,"1,800,000","1,700,000","1,500,000","1,000,000","700,000","1,000,000","600,000","700,000","1,400,000","400,000","600,000","1,000,000","1,000,000","700,000","600,000","700,000","700,000","500,000","400,000","300,000","700,000","1,300,000","31,200,000","900,000","900,000","800,000","700,000","700,000","1,000,000","700,000","600,000","1,400,000","2,000,000","1,400,000","1,600,000","2,200,000","4,500,000","1,500,000","-58,700,000","2,200,000",,,,,,,,,,,,,,,
TotalUnusualItems,"0","0","0","0","0","0","0","127,000,000",,,,,,,,,,,,,"0",,,,"485,000,000",,,,,,,,,,,,,,,,,"2,900,000","-800,000",,,"2,400,000",,,,,,,,"8,000,000","6,200,000","2,400,000","-5,200,000","1,200,000","3,200,000","2,800,000","-1,100,000","4,900,000","13,200,000","2,000,000","400,000","32,400,000","400,000","14,000,000","900,000","36,000,000","-1,100,000","-800,000","-1,200,000","2,500,000","1,400,000","-14,300,000","1,100,000","6,200,000",,,,,,,,,,,,,,,"1,800,000","1,700,000","1,500,000","1,000,000","700,000","1,000,000","600,000","700,000","1,400,000","400,000","600,000","1,000,000","1,000,000","700,000","600,000","700,000","700,000","500,000","400,000","300,000","700,000","1,300,000","31,200,000","900,000","900,000","800,000","700,000","700,000","1,000,000","700,000","600,000","1,400,000","2,000,000","1,400,000","1,600,000","2,200,000","4,500,000","1,500,000","-58,700,000","2,200,000",,,,,,,,,,,,,,,
NormalizedEBITDA,"1,205,000,000","368,000,000","342,000,000","309,000,000","186,000,000","299,000,000","349,000,000","278,000,000","205,000,000","323,000,000","370,000,000","267,000,000","247,000,000","323,000,000","350,000,000","282,000,000","163,000,000","323,000,000","363,000,000","260,000,000","228,000,000","288,000,000","305,000,000","229,000,000","743,000,000","291,000,000","316,000,000","240,000,000","246,000,000","285,000,000","315,000,000","234,000,000","202,000,000","267,000,000","324,000,000","230,000,000","192,900,000","250,200,000","275,100,000","233,800,000","161,900,000","215,800,000","260,600,000","199,700,000","236,300,000","237,900,000","249,800,000","187,700,000","134,800,000","189,600,000","240,200,000","207,400,000","142,300,000","182,700,000","228,800,000","327,700,000","154,100,000","193,100,000","222,300,000","317,400,000","121,600,000","175,000,000","179,400,000","149,400,000","114,200,000","139,600,000","171,800,000","88,000,000","93,500,000","73,600,000","174,900,000","97,800,000","104,700,000","138,700,000","151,700,000","79,500,000","103,000,000","114,400,000","138,400,000","69,900,000","94,000,000","102,100,000","137,300,000","74,600,000","155,100,000","106,900,000","145,300,000","83,800,000","99,400,000","101,600,000","131,400,000","77,600,000","88,000,000","89,900,000","120,100,000","73,000,000","82,800,000","87,200,000","114,400,000","70,600,000","78,400,000","82,900,000","105,600,000","67,000,000","71,795,000","76,800,000","100,900,000","67,600,000","68,000,000","79,700,000","98,800,000","62,800,000","62,100,000","70,300,000","54,300,000","56,200,000","62,500,000","70,200,000","91,000,000","63,800,000","58,100,000","61,700,000","90,900,000","48,800,000","45,600,000","63,400,000","73,100,000","59,600,000","40,800,000","55,600,000","152,100,000","52,700,000","-601,100,000","273,000,000","303,000,000","233,500,000","-636,300,000","271,700,000","309,000,000","247,300,000","-640,900,000","257,400,000","389,100,000","257,300,000","-560,600,000","240,100,000","297,200,000"
TaxRateForCalcs,"0.228","0.21","0.216","0.285","0.184","0.157","0.221","0.116","0.229","0.186","0.15","0.182","0.228","0.203","0.195","0.174","0.141","0.344","0.279","0.221","0.264","0.294","0.286","0.282","0.27","0.288","0.31","0.285","0.379","0.3","0.299","0.298","0.269","0.288","0.324","0.324","0.298","0.313","0.328","0.321","0.272","0.331","0.341","0.339","0.229","0.356","0.327","0.331","0.354","0.353","0.325","0.343","0.296","0.27","0.33","0.337","0.217","0.328","0.354","0.339","0.293","0.329","0.31","0.33","0.266","0.275","0.295","0.333","0.259","0.4","0.335","0.335","0.318","0.34","0.34","0.34","0.344","0.34","0.345","0.345","0.344","0.345","0.345","0.344","0.361","0.364","0.364","0.364","0.362","0.365","0.365","0.365","0.364","0.366","0.364","0.365","0.358","0.38","0.38","0.38","0.384","0.38","0.38","0.385","0.371","0.376","0.377","0.385","0.393","0.4","0.4","0.398","0.371","0.353","0.397","0.352","0.365","0.356","0.354","0.351","0.359","0.34","0.349","0.329","0.318","0.34","0.345","0.343","0.34","0.34","0.4","0.369",,,,,,,,,,,,,,,
TaxEffectOfUnusualItems,"0","0","0","0","0","0","0","14,732,000","0","0","0","0","0","0","0","0","0","0","0","0","0","0","0","0","0","0","0","0","0","0","0","0","0","0","0","0","0","0","0","0","0","959,376.571","-272,909.699","0","0","855,260.75","0","0","0","0","0","0","0","2,162,034.299","2,047,333.957","809,616.829","-1,127,760.252","393,739.13","1,132,135.729","948,856.549","-322,006.141","1,611,725.797","4,094,783.574","660,000","106,329.114","8,900,240.964","117,809.943","4,666,666.667","233,419.355","14,400,000","-368,567.725","-267,692.308","-381,690.141","850,409.836","476,439.791","-4,857,749.469","377,891.156","2,105,660.377","0","0","0","0","0","0","0","0","0","0","0","0","0","0","655,408.971","621,364.221","546,742.21","365,187.713","250,655.022","379,591.837","228,280.773","266,126.126","538,294.574","152,011.923","227,771.557","384,615.385","370,689.655","263,502.455","226,229.508","269,847.328","274,954.955","200,000","160,000","119,486.081","259,958.506","459,333.333","12,377,606.178","316,483.516","328,710.938","285,121.107","248,045.397","245,387.454","359,026.369","238,269.231","209,629.63","459,903.382","636,363.636","476,388.889","552,380.952","754,627.949","1,532,171.582","510,570.825","-23,480,000","812,236.287",,,,,,,,,,,,,,,