name,ttm,12/31/2021,09/30/2021,06/30/2021,03/31/2021,12/31/2020,09/30/2020,06/30/2020,03/31/2020,12/31/2019,09/30/2019,06/30/2019,03/31/2019,12/31/2018,09/30/2018,06/30/2018,03/31/2018,12/31/2017,09/30/2017,06/30/2017,03/31/2017,12/31/2016,09/30/2016,06/30/2016,03/31/2016,12/31/2015,09/30/2015,06/30/2015,03/31/2015,12/31/2014,09/30/2014,06/30/2014,03/31/2014,12/31/2013,09/30/2013,06/30/2013,03/31/2013,12/31/2012,09/30/2012,06/30/2012,03/31/2012,12/31/2011,09/30/2011,06/30/2011,03/31/2011,12/31/2010,09/30/2010,06/30/2010,03/31/2010,12/31/2009,09/30/2009,06/30/2009,03/31/2009,12/31/2008,09/30/2008,06/30/2008,03/31/2008,12/31/2007,09/30/2007,06/30/2007,03/31/2007,12/31/2006,09/30/2006,06/30/2006,03/31/2006,12/31/2005,09/30/2005,06/30/2005,03/31/2005,12/31/2004,09/30/2004,06/30/2004,03/31/2004,12/31/2003,09/30/2003,06/30/2003,03/31/2003,12/31/2002,09/30/2002,06/30/2002,03/31/2002,12/31/2001,09/30/2001,06/30/2001,03/31/2001,12/31/2000,09/30/2000,06/30/2000,03/31/2000,12/31/1999,09/30/1999,06/30/1999,03/31/1999,12/31/1998,09/30/1998,06/30/1998,03/31/1998,12/31/1997,09/30/1997,06/30/1997,03/31/1997,12/31/1996,09/30/1996,06/30/1996,03/31/1996,12/31/1995,09/30/1995,06/30/1995,03/31/1995,12/31/1994,09/30/1994,06/30/1994,03/31/1994,12/31/1993,09/30/1993,06/30/1993,03/31/1993,12/31/1992,09/30/1992,06/30/1992,03/31/1992,12/31/1991,09/30/1991,06/30/1991,03/31/1991,12/31/1990,09/30/1990,06/30/1990,03/31/1990,12/31/1989,09/30/1989,06/30/1989,03/31/1989,12/31/1988,09/30/1988,06/30/1988,03/31/1988,12/31/1987,09/30/1987,06/30/1987,03/31/1987,12/31/1986,09/30/1986,06/30/1986,03/31/1986,12/31/1985,09/30/1985
TotalRevenue,"10,981,700,000","2,733,800,000","2,778,900,000","2,775,000,000","2,694,000,000","2,852,600,000","3,376,100,000","3,681,600,000","3,534,300,000","3,671,300,000","3,600,100,000","3,616,700,000","3,489,800,000","3,526,300,000","3,439,000,000","3,356,500,000","3,131,100,000","3,307,000,000","3,077,800,000","3,078,400,000","2,810,700,000","2,872,000,000","2,955,800,000","2,894,200,000","2,726,800,000","2,839,336,000","2,777,859,000","2,591,642,000","2,554,963,000","2,640,675,000","2,511,446,000","2,421,452,000","2,129,751,000","1,965,850,000","1,827,780,000","1,723,473,000","1,415,096,000","2,274,916,000","1,097,762,000","1,420,951,000","1,292,014,000","1,326,710,000","1,309,934,000","1,208,647,000","1,203,342,000","1,219,072,000","1,175,789,000","1,212,702,000","1,108,860,000","1,127,056,000","1,120,518,000","1,093,289,000","1,036,484,000","1,068,913,000","1,092,964,000","993,444,000","942,186,000","893,300,000","789,231,000","773,176,000","715,910,000","-102,523,000","703,492,000","660,041,000","611,175,000","-76,028,000","596,211,000","605,634,000","587,802,000","-27,963,000","543,276,000","538,763,000","541,742,000","-308,944,000","341,782,000","325,646,000","320,699,000","302,430,000","288,328,000","269,263,000","288,343,000","280,458,000","265,193,000","260,662,000","237,047,000","245,336,000","233,754,000","230,514,000","216,848,000","225,335,000","208,400,000","188,900,000","171,700,000","168,387,000","145,900,000","128,800,000","114,500,000","146,144,000","100,600,000","92,400,000","94,800,000","104,790,000","96,800,000","41,200,000","34,400,000","53,091,000","33,900,000","32,700,000","32,000,000","42,944,000","31,800,000","32,800,000","41,200,000","35,200,000","33,900,000","34,700,000","32,500,000","51,500,000","37,900,000","18,100,000","16,100,000","15,400,000","14,800,000","15,300,000","15,900,000","13,800,000","12,500,000","12,000,000","11,800,000","7,500,000","7,000,000","6,900,000","8,100,000","5,600,000","3,600,000","5,800,000","5,600,000","1,800,000","1,800,000","1,700,000","3,200,000","800,000","700,000","2,000,000","2,800,000","2,900,000","4,000,000"
	OperatingRevenue,"10,505,400,000","2,607,600,000","2,621,100,000","2,676,000,000","2,600,700,000","2,720,600,000","3,250,400,000","3,274,000,000","3,425,000,000","3,525,600,000","3,490,500,000","3,456,700,000","3,197,400,000","3,360,600,000","3,291,800,000","3,247,900,000","2,966,700,000","3,127,400,000","3,029,000,000","3,036,800,000","2,720,700,000","2,821,100,000","2,857,200,000","2,815,200,000","2,638,900,000","2,759,793,000","2,728,898,000","2,536,076,000","2,502,933,000","2,591,511,000","2,408,044,000","2,359,588,000","2,039,650,000","1,876,496,000","1,756,764,000","1,674,703,000","1,360,385,000","2,062,452,000","1,097,762,000","1,420,951,000","1,292,014,000","1,326,710,000","1,309,934,000","1,208,647,000","1,203,342,000","1,219,072,000","1,175,789,000","1,212,702,000","1,108,860,000","1,127,056,000","1,120,518,000","1,093,289,000","1,036,484,000","1,068,913,000","1,092,964,000","993,444,000","942,186,000","893,300,000","789,231,000","773,176,000","715,910,000","-193,395,000","703,492,000","660,041,000","611,175,000","-76,028,000","596,211,000","605,634,000","587,802,000","-27,963,000","543,276,000","538,763,000","541,742,000","-308,944,000","341,782,000","325,646,000","320,699,000","302,430,000","288,328,000","269,263,000","288,343,000","280,458,000","265,193,000","260,662,000","237,047,000","245,336,000","233,754,000","230,514,000","216,848,000","225,335,000","208,400,000","188,900,000","171,700,000","168,387,000","145,900,000","128,800,000","114,500,000","146,144,000","100,600,000","92,400,000","94,800,000","104,790,000","96,800,000","41,200,000","34,400,000","53,091,000","33,900,000","32,700,000","32,000,000","42,944,000","31,800,000","32,800,000","41,200,000","35,200,000","33,900,000","34,700,000","32,500,000","51,500,000","37,900,000","18,100,000","16,100,000","15,400,000","14,800,000","15,300,000","15,900,000","13,800,000","12,500,000","12,000,000","11,800,000","7,500,000","7,000,000","6,900,000","8,100,000","5,600,000","3,600,000","5,800,000","5,600,000","1,800,000","1,800,000","1,700,000","3,200,000","800,000","700,000","2,000,000","2,800,000","2,900,000","4,000,000"
CostOfRevenue,"2,109,700,000","660,100,000","511,800,000","459,700,000","478,100,000","490,600,000","449,100,000","411,100,000","454,300,000","447,100,000","430,000,000","476,300,000","602,000,000","488,500,000","460,800,000","421,000,000","446,000,000","509,200,000","370,000,000","366,200,000","384,600,000","378,500,000","416,900,000","370,300,000","313,000,000","331,821,000","310,028,000","286,120,000","312,431,000","297,265,000","302,639,000","291,887,000","279,245,000","258,553,000","234,696,000","230,728,000","133,749,000","133,828,000","139,358,000","139,112,000","133,197,000","139,637,000","123,527,000","100,503,000","103,113,000","100,304,000","95,918,000","106,985,000","97,055,000","99,700,000","93,486,000","90,721,000","98,197,000","101,161,000","107,493,000","92,401,000","100,934,000","87,566,000","81,613,000","84,063,000","81,950,000","62,103,000","66,792,000","77,993,000","67,494,000","113,352,000","89,561,000","71,093,000","99,609,000","83,364,000","64,460,000","151,729,000","254,767,000","138,563,000","54,264,000","45,646,000","46,266,000","42,582,000","42,050,000","36,209,000","39,318,000","35,704,000","36,458,000","35,202,000","29,146,000","32,753,000","33,027,000","30,795,000","28,623,000","53,305,000","21,400,000","18,100,000","18,300,000","40,909,000","13,100,000","11,200,000","9,200,000","28,088,000","8,000,000","6,700,000","7,400,000","21,325,000","6,500,000","100,000","600,000",,"200,000","100,000","200,000","9,048,000","100,000","300,000","700,000","1,300,000","1,300,000","1,900,000","1,000,000","-43,500,000","17,900,000","15,200,000","12,700,000","11,800,000","11,200,000","10,000,000","10,300,000","8,800,000","9,300,000","9,400,000","8,000,000","7,300,000","6,800,000",,,,,,,,,,,,,,,,
GrossProfit,"8,872,000,000","2,073,700,000","2,267,100,000","2,315,300,000","2,215,900,000","2,362,000,000","2,927,000,000","3,270,500,000","3,080,000,000","3,224,200,000","3,170,100,000","3,140,400,000","2,887,800,000","3,037,800,000","2,978,200,000","2,935,500,000","2,685,100,000","2,797,800,000","2,707,800,000","2,712,200,000","2,426,100,000","2,493,500,000","2,538,900,000","2,523,900,000","2,413,800,000","2,507,515,000","2,467,831,000","2,305,522,000","2,242,532,000","2,343,410,000","2,208,807,000","2,129,565,000","1,850,506,000","1,707,297,000","1,593,084,000","1,492,745,000","1,281,347,000","2,141,088,000","958,404,000","1,281,839,000","1,158,817,000","1,187,073,000","1,186,407,000","1,108,144,000","1,100,229,000","1,118,768,000","1,079,871,000","1,105,717,000","1,011,805,000","1,027,356,000","1,027,032,000","1,002,568,000","938,287,000","967,752,000","985,471,000","901,043,000","841,252,000","805,734,000","707,618,000","689,113,000","633,960,000","-164,626,000","636,700,000","582,048,000","543,681,000","-189,380,000","506,650,000","534,541,000","488,193,000","-111,327,000","478,816,000","387,034,000","286,975,000","-447,507,000","287,518,000","280,000,000","274,433,000","259,848,000","246,278,000","233,054,000","249,025,000","244,754,000","228,735,000","225,460,000","207,901,000","212,583,000","200,727,000","199,719,000","188,225,000","172,030,000","187,000,000","170,800,000","153,400,000","127,478,000","132,800,000","117,600,000","105,300,000","118,056,000","92,600,000","85,700,000","87,400,000","83,465,000","90,300,000","41,100,000","33,800,000",,"33,700,000","32,600,000","31,800,000","33,896,000","31,700,000","32,500,000","40,500,000","33,900,000","32,600,000","32,800,000","31,500,000","95,000,000","20,000,000","2,900,000","3,400,000","3,600,000","3,600,000","5,300,000","5,600,000","5,000,000","3,200,000","2,600,000","3,800,000","200,000","200,000",,,,,,,,,,,,,,,,
OperatingExpense,"6,064,000,000","1,488,200,000","1,488,700,000","1,811,300,000","1,275,800,000","2,847,900,000","1,869,600,000","1,286,000,000","1,189,700,000","1,484,100,000","1,439,000,000","1,206,000,000","1,257,700,000","1,512,600,000","1,335,000,000","1,643,800,000","1,144,400,000","1,329,600,000","1,024,300,000","1,370,400,000","1,391,800,000","1,144,700,000","1,096,100,000","1,052,800,000","1,023,400,000","1,221,305,000","1,095,755,000","1,074,627,000","1,116,813,000","1,180,947,000","1,110,041,000","1,140,721,000","1,183,816,000","1,054,514,000","915,599,000","840,700,000","773,596,000","850,050,000","732,406,000","762,119,000","789,164,000","777,334,000","696,111,000","695,131,000","666,159,000","443,453,000","885,736,000","709,837,000","708,116,000","643,978,000","642,854,000","779,654,000","633,329,000","741,160,000","596,088,000","570,817,000","548,842,000","507,686,000","554,291,000","482,778,000","439,430,000","772,572,000","439,197,000","408,534,000","370,990,000","410,994,000","464,439,000","412,675,000","412,919,000","446,499,000","407,983,000","388,504,000","370,840,000","661,541,000","213,813,000","208,230,000","180,529,000","177,599,000","177,197,000","180,915,000","155,857,000","151,790,000","139,148,000","134,384,000","121,330,000","119,844,000","136,243,000","112,622,000","104,189,000","76,379,000","102,600,000","96,800,000","91,500,000","62,539,000","83,900,000","76,600,000","68,700,000","49,488,000","64,100,000","57,500,000","63,500,000","58,736,000","53,700,000","53,500,000","41,800,000","28,642,000","36,400,000","36,100,000","32,700,000","23,703,000","57,900,000","35,600,000","31,100,000","40,300,000","24,500,000","23,700,000","22,100,000","71,200,000","11,200,000","5,500,000","5,300,000","5,100,000","4,700,000","5,000,000","4,500,000","3,600,000","3,500,000","3,400,000","3,600,000","3,500,000","3,000,000",,,,,,,,,,,,,,,,
	SellingGeneralAndAdministration,"2,674,300,000","787,900,000","654,100,000","637,300,000","595,000,000","806,200,000","573,100,000","555,100,000","570,100,000","664,900,000","554,500,000","587,600,000","567,700,000","591,100,000","497,700,000","516,200,000","501,300,000","572,400,000","433,800,000","430,200,000","499,100,000","495,500,000","462,700,000","492,400,000","497,300,000","583,017,000","477,827,000","491,895,000","560,361,000","573,610,000","570,436,000","576,622,000","511,674,000","522,857,000","405,584,000","431,012,000","352,598,000","136,026,000","375,176,000","380,278,000","385,983,000","357,368,000","342,873,000","354,351,000","319,310,000","344,224,000","308,151,000","325,014,000","312,221,000","304,915,000","287,452,000","269,967,000","264,603,000","230,963,000","232,824,000","245,689,000","215,829,000","193,730,000","190,644,000","203,668,000","188,061,000","192,234,000","168,153,000","170,289,000","154,391,000","169,121,000","161,410,000","155,754,000","158,458,000","176,600,000","132,040,000","139,016,000","130,830,000","-102,353,000","89,379,000","92,147,000","95,423,000","86,398,000","72,646,000","91,567,000","73,390,000","68,017,000","60,253,000","55,266,000","48,560,000","46,209,000","41,745,000","40,921,000","41,183,000","38,726,000","36,500,000","37,000,000","33,900,000","31,611,000","28,400,000","28,500,000","26,000,000","25,298,000","22,600,000","20,800,000","21,200,000","20,032,000","19,400,000","20,500,000","13,700,000","7,193,000","11,100,000","12,100,000","10,000,000","-21,814,000","33,000,000","7,500,000","6,000,000","38,600,000","23,000,000","22,000,000","20,300,000","68,200,000","9,800,000","4,200,000","3,900,000","3,600,000","3,300,000","3,900,000","3,400,000","2,500,000","2,500,000","2,500,000","2,700,000","2,400,000","2,300,000",,,,,,,,,,,,,,,,
	ResearchAndDevelopment,"2,501,200,000","699,500,000","702,400,000","585,100,000","514,200,000","1,726,100,000","1,140,900,000","647,600,000","476,300,000","691,700,000","540,400,000","484,800,000","563,700,000","611,600,000","507,900,000","981,000,000","496,700,000","587,600,000","446,400,000","796,200,000","423,400,000","533,900,000","529,000,000","473,100,000","437,300,000","541,660,000","519,863,000","490,728,000","460,549,000","500,091,000","417,174,000","447,273,000","528,884,000","422,233,000","410,017,000","327,463,000","284,340,000","345,181,000","304,217,000","329,559,000","355,962,000","338,934,000","301,391,000","285,644,000","293,633,000","45,869,000","524,054,000","331,675,000","347,006,000","283,082,000","304,055,000","416,453,000","279,478,000","292,767,000","268,800,000","252,259,000","258,232,000","229,292,000","286,274,000","218,149,000","191,449,000","530,000,000","211,033,000","161,985,000","145,892,000","168,314,000","227,039,000","179,843,000","178,784,000","189,444,000","168,889,000","170,180,000","159,150,000","730,714,000","124,434,000","116,083,000","85,106,000","91,201,000","104,551,000","89,348,000","82,467,000","83,773,000","78,895,000","79,118,000","72,770,000","73,635,000","94,498,000","71,701,000","63,006,000","60,253,000","59,000,000","50,900,000","51,000,000","48,928,000","49,100,000","42,100,000","37,100,000","38,501,000","37,000,000","32,000,000","37,900,000","48,184,000","30,400,000","29,300,000","24,500,000","23,248,000","22,500,000","21,300,000","20,400,000","18,813,000","22,800,000","26,300,000","23,300,000",,,,,,,,,,,,,,,,,,,,,,,,,,,,,,,,,,
	DepreciationAmortizationDepletionIncomeStatement,"881,300,000","68,100,000","111,000,000","604,100,000","98,100,000","249,200,000","82,600,000","61,500,000","71,500,000","67,700,000","283,900,000","70,100,000","68,200,000","254,100,000","281,900,000","107,400,000","103,900,000","139,800,000","108,900,000","117,500,000","448,500,000","104,200,000","99,700,000","92,900,000","88,800,000","96,628,000","98,065,000","92,004,000","95,903,000","107,246,000","122,431,000","116,826,000","143,258,000","109,424,000","99,998,000","82,225,000","51,301,000","50,948,000","53,013,000","52,282,000","45,961,000","50,867,000","49,347,000","55,136,000","53,216,000","53,360,000","53,531,000","53,148,000","48,889,000","55,981,000","51,347,000","93,234,000","89,248,000","90,631,000","94,464,000","72,869,000","74,781,000","70,925,000","65,689,000","60,961,000","59,920,000","60,020,000","60,011,000","76,260,000","70,707,000","73,559,000","75,990,000","77,078,000","75,677,000","80,455,000","107,054,000","79,308,000","80,860,000",,,,,,,,,,,,,,,,,,"7,100,000","8,900,000","6,600,000",,"6,400,000","6,000,000","5,600,000",,"4,500,000","4,700,000","4,400,000",,"3,900,000","3,700,000","3,600,000",,"2,800,000","2,700,000","2,300,000",,"2,100,000","1,800,000","1,800,000","1,700,000","1,500,000","1,700,000","1,800,000","3,000,000","1,400,000","1,300,000","1,400,000","1,500,000","1,400,000","1,100,000","1,100,000","1,100,000","1,000,000","900,000","900,000","1,100,000","700,000",,,,,,,,,,,,,,,,
		DepreciationAndAmortizationInIncomeStatement,"881,300,000","68,100,000","111,000,000","604,100,000","98,100,000","249,200,000","82,600,000","61,500,000","71,500,000","67,700,000","283,900,000","70,100,000","68,200,000","254,100,000","281,900,000","107,400,000","103,900,000","139,800,000","108,900,000","117,500,000","448,500,000","104,200,000","99,700,000","92,900,000","88,800,000","96,628,000","98,065,000","92,004,000","95,903,000","107,246,000","122,431,000","116,826,000","143,258,000","109,424,000","99,998,000","82,225,000","51,301,000","50,948,000","53,013,000","52,282,000","45,961,000","50,867,000","49,347,000","55,136,000","53,216,000","53,360,000","53,531,000","53,148,000","48,889,000","55,981,000","51,347,000","93,234,000","89,248,000","90,631,000","94,464,000","72,869,000","74,781,000","70,925,000","65,689,000","60,961,000","59,920,000","60,020,000","60,011,000","76,260,000","70,707,000","73,559,000","75,990,000","77,078,000","75,677,000","80,455,000","107,054,000","79,308,000","80,860,000",,,,,,,,,,,,,,,,,,"7,100,000","8,900,000","6,600,000",,"6,400,000","6,000,000","5,600,000",,"4,500,000","4,700,000","4,400,000",,"3,900,000","3,700,000","3,600,000",,"2,800,000","2,700,000","2,300,000",,"2,100,000","1,800,000","1,800,000","1,700,000","1,500,000","1,700,000","1,800,000","3,000,000","1,400,000","1,300,000","1,400,000","1,500,000","1,400,000","1,100,000","1,100,000","1,100,000","1,000,000","900,000","900,000","1,100,000","700,000",,,,,,,,,,,,,,,,
			DepreciationIncomeStatement,,,,,,,,,,,,,,,,,,,,,,,,,,,,,,,,,,,,,,,,,,,,,,,,,,,,,,,,,,,,,,,,,,,,,,,,,,,,,,,,,,,,,,,,,,,"7,100,000","8,900,000","6,600,000",,"6,400,000","6,000,000","5,600,000",,"4,500,000","4,700,000","4,400,000",,"3,900,000","3,700,000","3,600,000",,"2,800,000","2,700,000","2,300,000",,"2,100,000","1,800,000","1,800,000","1,700,000","1,500,000","1,700,000","1,800,000","3,000,000","1,400,000","1,300,000","1,400,000","1,500,000","1,400,000","1,100,000","1,100,000","1,100,000","1,000,000","900,000","900,000","1,100,000","700,000",,,,,,,,,,,,,,,,
			Amortization,"881,300,000","68,100,000","111,000,000","604,100,000","98,100,000","249,200,000","82,600,000","61,500,000","71,500,000","67,700,000","283,900,000","70,100,000","68,200,000","254,100,000","281,900,000","107,400,000","103,900,000","139,800,000","108,900,000","117,500,000","448,500,000","104,200,000","99,700,000","92,900,000","88,800,000","96,628,000","98,065,000","92,004,000","95,903,000","107,246,000","122,431,000","116,826,000","143,258,000","109,424,000","99,998,000","82,225,000","51,301,000","50,948,000","53,013,000","52,282,000","45,961,000","50,867,000","49,347,000","55,136,000","53,216,000","53,360,000","53,531,000","53,148,000","48,889,000","55,981,000","51,347,000","93,234,000","89,248,000","90,631,000","94,464,000","72,869,000","74,781,000","70,925,000","65,689,000","60,961,000","59,920,000","60,020,000","60,011,000","76,260,000","70,707,000","73,559,000","75,990,000","77,078,000","75,677,000","80,455,000","107,054,000","79,308,000","80,860,000",,,,,,,,,,,,,,,,,,,,,,,,,,,,,,,,,,,,,,,,,,,,,,,,,,,,,,,,,,,,,,,,,,,,,,,,,,
				AmortizationOfIntangiblesIncomeStatement,"881,300,000","68,100,000","111,000,000","604,100,000","98,100,000","249,200,000","82,600,000","61,500,000","71,500,000","67,700,000","283,900,000","70,100,000","68,200,000","254,100,000","281,900,000","107,400,000","103,900,000","139,800,000","108,900,000","117,500,000","448,500,000","104,200,000","99,700,000","92,900,000","88,800,000","96,628,000","98,065,000","92,004,000","95,903,000","107,246,000","122,431,000","116,826,000","143,258,000","109,424,000","99,998,000","82,225,000","51,301,000","50,948,000","53,013,000","52,282,000","45,961,000","50,867,000","49,347,000","55,136,000","53,216,000","53,360,000","53,531,000","53,148,000","48,889,000","55,981,000","51,347,000","93,234,000","89,248,000","90,631,000","94,464,000","72,869,000","74,781,000","70,925,000","65,689,000","60,961,000","59,920,000","60,020,000","60,011,000","76,260,000","70,707,000","73,559,000","75,990,000","77,078,000","75,677,000","80,455,000","107,054,000","79,308,000","80,860,000",,,,,,,,,,,,,,,,,,,,,,,,,,,,,,,,,,,,,,,,,,,,,,,,,,,,,,,,,,,,,,,,,,,,,,,,,,
	OtherOperatingExpenses,"7,200,000","-67,300,000","21,200,000","-15,200,000","68,500,000","66,400,000","73,000,000","21,800,000","71,800,000","59,800,000","60,200,000","63,500,000","58,100,000","55,800,000","47,500,000","39,200,000","42,500,000","29,800,000","35,200,000","26,500,000","20,800,000","11,100,000","4,700,000","-5,600,000",,,,,,,,,,"0",,,"85,357,000","77,944,000",,,"1,258,000","30,165,000","2,500,000",,,,,,,,,,,,,,,"13,739,000","11,684,000",,,,,,,,,,,,,,,,,,,,,,,,,,,,,,,,,,,,,,,,,,,,,,,,,,,,,,,,,,,,,,,,,,,,,,,,,,,,,,,,,,,,,,,,
OperatingIncome,"2,808,000,000","585,500,000","778,400,000","504,000,000","940,100,000","-485,900,000","1,057,400,000","1,984,500,000","1,890,300,000","1,740,100,000","1,731,100,000","1,934,400,000","1,630,100,000","1,525,200,000","1,643,200,000","1,291,700,000","1,540,700,000","1,468,200,000","1,683,500,000","1,341,800,000","1,034,300,000","1,348,800,000","1,442,800,000","1,471,100,000","1,390,400,000","1,286,210,000","1,372,076,000","1,230,895,000","1,125,719,000","1,162,463,000","1,098,766,000","988,844,000","666,690,000","652,783,000","677,485,000","652,045,000","507,751,000","1,291,038,000","225,998,000","519,720,000","369,653,000","409,739,000","490,296,000","413,013,000","434,070,000","675,315,000","194,135,000","395,880,000","303,689,000","383,378,000","384,178,000","222,914,000","304,958,000","226,592,000","389,383,000","330,226,000","292,410,000","298,048,000","153,327,000","206,335,000","194,530,000","-937,198,000","197,503,000","173,514,000","172,691,000","-600,374,000","42,211,000","121,866,000","75,274,000","-557,826,000","70,833,000","-1,470,000","-83,865,000","-1,109,048,000","73,705,000","71,770,000","93,904,000","82,249,000","69,081,000","52,139,000","93,168,000","92,964,000","89,587,000","91,076,000","86,571,000","92,739,000","64,484,000","87,097,000","84,036,000","95,651,000","84,400,000","74,000,000","61,900,000","64,939,000","48,900,000","41,000,000","36,600,000","68,568,000","28,500,000","28,200,000","23,900,000","24,729,000","36,600,000","-12,400,000","-8,000,000","13,945,000","-2,700,000","-3,500,000","-900,000","10,193,000","-26,200,000","-3,100,000","9,400,000","-6,400,000","8,100,000","9,100,000","9,400,000","23,800,000","8,800,000","-2,600,000","-1,900,000","-1,500,000","-1,100,000","300,000","1,100,000","1,400,000","-300,000","-800,000","200,000","-3,300,000","-2,800,000","6,900,000","8,100,000","-26,900,000","3,600,000","5,800,000","5,600,000","-31,000,000","1,800,000","1,700,000","3,200,000","-34,700,000","700,000","2,000,000","2,800,000","-45,100,000","4,000,000"
NetNonOperatingInterestIncomeExpense,"-242,600,000","-63,500,000","-63,700,000","-53,700,000","-61,800,000","-52,000,000","-50,300,000","-58,400,000","-19,900,000","-16,800,000","-15,300,000","-18,600,000","-16,700,000","-18,300,000","-23,000,000","-23,000,000","-23,800,000","-37,700,000","-41,200,000","-46,700,000","-46,700,000","-44,400,000","-49,600,000","-50,500,000","-52,100,000","-58,300,000","-10,200,000","-1,500,000","-3,400,000","-3,900,000","-3,800,000","-4,700,000","-4,900,000","-4,900,000","-5,100,000","-6,400,000","-7,200,000","-6,500,000","-2,800,000","3,200,000","-9,000,000","-1,596,000","-2,627,000","-4,100,000","-5,500,000","-5,800,000","-6,200,000","5,800,000","600,000","2,500,000","2,400,000","2,800,000","4,900,000","20,082,600","8,700","1,447,000","7,170,000","4,908,000","-796,000","30,200,000","28,735,000","25,199,000","25,957,000","25,928,000","23,264,000","18,799,000","15,959,000","9,552,000","8,794,000","5,515,000","10,810,000","11,485,000","10,517,000",,,,,,,,,,,,,,,,,,,,,,,,,,,,,,,,,,,,,,,,,,,,,,,,,,,,,,,,,,,,,,,,,,,,,,,,,,
	InterestIncomeNonOperating,"11,000,000","2,800,000","2,600,000","2,700,000","2,900,000","4,000,000","6,000,000","7,600,000","24,400,000","29,200,000","30,500,000","29,100,000","31,200,000","31,100,000","26,000,000","28,700,000","26,700,000","24,300,000","20,600,000","16,900,000","16,700,000","20,400,000","16,400,000","15,400,000","11,200,000","9,100,000","5,400,000","4,300,000","3,300,000","3,500,000","3,600,000","2,400,000","2,700,000","1,500,000","1,500,000","900,000","4,300,000","6,900,000","5,900,000","10,200,000","65,000,000","5,900,000","5,300,000","4,300,000","3,700,000","3,700,000","3,100,000","6,700,000","8,900,000","10,700,000","10,900,000","12,100,000","14,800,000","72,045,000","16,800","15,347,000","22,900,000","23,508,000","18,804,000","32,100,000","29,141,000","25,517,000","26,031,000","26,114,000","23,557,000","18,115,000","16,530,000","12,401,000","15,705,000","14,167,000","13,794,000","14,937,000","14,326,000",,,,,,,,,,,,,,,,,,,,,,,,,,,,,,,,,,,,,,,,,,,,,,,,,,,,,,,,,,,,,,,,,,,,,,,,,,
	InterestExpenseNonOperating,"253,600,000","66,300,000","66,300,000","56,400,000","64,700,000","56,000,000","56,300,000","66,000,000","44,300,000","46,000,000","45,800,000","47,700,000","47,900,000","49,400,000","49,000,000","51,700,000","50,500,000","62,000,000","61,800,000","63,600,000","63,400,000","64,800,000","66,000,000","65,900,000","63,300,000","67,400,000","15,600,000","5,800,000","6,700,000","7,400,000","7,400,000","7,100,000","7,600,000","6,400,000","6,600,000","7,300,000","11,500,000","13,400,000","8,700,000","7,000,000","74,000,000","7,496,000","7,927,000","8,400,000","9,200,000","9,500,000","9,300,000","900,000","8,300,000","8,200,000","8,500,000","9,300,000","9,900,000","51,962,400","8,100","13,900,000","15,730,000","18,600,000","19,600,000","1,900,000","406,000","318,000","74,000","186,000","293,000","-684,000","571,000","2,849,000","6,911,000","8,652,000","2,984,000","3,452,000","3,809,000",,,,,,,,,,,,,,,,,,,,,,,,,,,,,,,,,,,,,,,,,,,,,,,,,,,,,,,,,,,,,,,,,,,,,,,,,,
OtherIncomeExpense,"-820,200,000","-117,000,000","-423,600,000","131,800,000","-411,300,000","890,800,000","-49,300,000","111,400,000","-171,000,000","5,100,000","63,200,000","-157,300,000","246,600,000","-92,400,000","192,500,000","-90,000,000","-23,200,000","-30,700,000","-32,400,000","-162,700,000","-900,000","-466,200,000","-26,000,000","-18,600,000","-12,700,000","-142,113,000","-5,444,000","-7,199,000","-19,444,000","-7,600,000","41,312,000","9,481,000","3,958,000","4,643,000","7,546,000","6,482,000","-4,526,000","-853,331,000","307,552,000","-11,197,000","23,861,000","-3,013,000","-6,903,000","-9,828,000","-2,336,000","-318,994,000","-745,000","-4,788,000","-8,986,000","3,866,000","6,960,000","11,880,000","1,946,000","-51,052,800","-43,566,400","-40,329,000","-53,206,000","-7,895,000","21,583,000","1,491,000","-19,871,000","1,093,070,000","-3,813,000","-299,651,000","-4,301,000","686,711,000","-25,813,000","-79,066,000","-17,720,000","614,339,000","-12,383,000","-5,072,000","1,209,000","-35,296,000","2,970,000","8,607,000","-5,664,000","-62,386,000","-10,459,000","8,104,000","7,028,000","-8,844,000","10,147,000","11,533,000","16,463,000","9,784,000","33,204,000","16,737,000","99,024,000","7,765,000","8,100,000","-9,300,000","6,200,000","-1,446,000","7,000,000","6,300,000","6,900,000",,"5,600,000","5,200,000","4,900,000",,"4,100,000","4,200,000","4,500,000",,"4,300,000","4,200,000","4,000,000",,,"4,000,000","3,500,000","10,800,000","3,500,000","-2,900,000","2,900,000","2,900,000","2,700,000","3,200,000","2,700,000","2,500,000","2,200,000","2,100,000","1,900,000","1,200,000","2,100,000","2,400,000","1,500,000","5,000,000","4,500,000",,,,,,,,,,,,,,,,
	GainOnSaleOfSecurity,"-847,300,000","-117,000,000","-438,200,000","153,100,000","-445,200,000","733,000,000","-79,000,000","117,200,000","-96,200,000","3,500,000","-8,300,000","-171,700,000","374,200,000","-8,600,000","141,300,000","-7,700,000","-15,400,000","-23,400,000","2,700,000","-15,700,000","6,400,000","-900,000","-4,100,000","-2,500,000","3,700,000","-17,400,000","-3,200,000","-1,200,000","-14,700,000","-3,800,000","-7,900,000","12,200,000","-300,000","3,500,000","800,000","400,000","1,800,000","-896,394,000","320,911,000","1,200,000",,"-500,000","-4,800,000","-400,000","14,900,000","-3,300,000","4,800,000",,"1,000,000","-2,300,000","1,800,000",,,,,,,,,,,,,,,,,,,,,,,,,,,,,,,,,,,,,,,,,,,,,,,,,,,,,,,,,,,,,,,,,,,,,,,,,,,,,,,,,,,,,,,,,,,,,,,,
	SpecialIncomeCharges,"32,700,000","1,600,000","15,600,000","-18,300,000","33,800,000","155,300,000","29,000,000","-10,000,000","-70,400,000","37,600,000","75,200,000","21,500,000","-127,400,000","-82,100,000","54,400,000","-78,500,000","-6,000,000","-2,400,000","-30,000,000","-141,200,000","-10,000,000","-462,600,000","-17,500,000","-10,600,000","-12,000,000","-118,013,000","-244,000","2,201,000","-7,844,000","-2,700,000","53,812,000","-119,000","4,658,000","4,043,000","7,046,000","9,082,000","2,474,000","39,363,000","-13,359,000","-12,397,000","23,861,000","-2,513,000","-2,103,000","-9,428,000","-17,236,000","-315,694,000","-5,545,000","-4,788,000","-9,986,000","6,166,000","5,160,000","11,880,000","1,946,000","-41,252,800","-43,566,400","-40,329,000","-53,206,000","-7,895,000","21,583,000","1,491,000","-19,871,000","282,206,000","-3,813,000","-299,651,000","-4,301,000","-22,170,000","-25,813,000","-79,066,000","-17,720,000","-1,404,000","-12,383,000","-5,072,000","1,209,000","-35,296,000","2,970,000","8,607,000","-5,664,000","-62,386,000","-10,459,000","8,104,000","7,028,000","-8,844,000","10,147,000","11,533,000","16,463,000","9,784,000","33,204,000","16,737,000","99,024,000","7,765,000","8,100,000","-9,300,000","6,200,000","-1,446,000","7,000,000","6,300,000","6,900,000",,"5,600,000","5,200,000","4,900,000",,"4,100,000","4,200,000","4,500,000",,"4,300,000","4,200,000","4,000,000",,,"4,000,000","3,500,000","10,800,000","3,500,000","-2,900,000","2,900,000","2,900,000","2,700,000","3,200,000","2,700,000","2,500,000","2,200,000","2,100,000","1,900,000","1,200,000","2,100,000","2,400,000","1,500,000","5,000,000","4,500,000",,,,,,,,,,,,,,,,
		RestructuringAndMergernAcquisition,"-50,700,000","-1,600,000","-15,600,000","300,000","-33,800,000","-62,800,000","-29,000,000","10,000,000","-4,600,000","2,600,000","-57,500,000","-19,200,000","11,900,000","82,100,000","-81,900,000","3,500,000","-4,000,000","2,400,000","30,000,000","21,200,000","10,000,000","7,800,000","17,500,000","10,600,000","12,000,000","118,013,000","244,000","-2,201,000","7,844,000","7,320,000","-49,433,000","4,019,000","-799,000","2,436,000","-97,000","-5,163,000","2,277,000","27,202,000","803,000","1,139,000","283,000","636,000","1,803,000","0","16,587,000",,,,,,,,,,,,,,,,,,,,,,,,,,,,,,"2,839,000","3,804,000",,,,,,,,,,,,,,,,,,,,,,,,,,,,,,,,,,,,,,,,,,,,,,,,,,,,,,,,,,,,,,,,,,,,,,,
		ImpairmentOfCapitalAssets,,,,,,,,,,,,,,,,,,,,,,,,,,,,,,,,,,,,,,,"3,500,000","800,000",,,"800,000","5,500,000","1,200,000","1,500,000","2,800,000","1,200,000","15,800,000","500,000","500,000","3,500,000","6,100,000",,,,,,,,,,,,,,,,,,,,,,,,,,,,,,,,,,,,,,,,,,,,,,,,,,,,,,,,,,,,,,,,,,,,,,,,,,,,,,,,,,,,,,,,,,,,,,
		WriteOff,,,,,,,,,,,,"-2,300,000","115,500,000",,,,,,,,,,,,,,,,,"0","0","0","0","1,100,000","0","1,400,000","300,000",,,,,,,,,,,,,,,,,,,,,,,,,,,,,,,,,,,,,,,,,,,,,,,,,,,,,,,,,,,,,,,,,,,,,,,,,,,,,,,,,,,,,,,,,,,,,,,,,,,,,,,,,,,,,,
		OtherSpecialCharges,"18,000,000","0",,"18,000,000",,"0",,,"75,000,000",,,,,"0","27,500,000","75,000,000","10,000,000","0",,"120,000,000",,"454,800,000",,,,,,,,,,,,,,,,,"9,056,000","10,458,000","-24,144,000","9,477,000","-500,000","3,928,000","-551,000","239,041,000","2,745,000","3,588,000","-5,814,000","-6,666,000","-5,660,000","-15,380,000","-8,046,000",,,,,,,,,,,,"4,301,000",,"25,813,000","79,066,000",,,"12,383,000","5,072,000","-1,209,000",,"-5,809,000","-12,411,000",,,,,,,,,,,,,,,,,,,,,,,,,,,,,,,,,,,,,,,,,,,,,,,,,,,,,,,,,,,,,,,,,,,,,,,
		GainOnSaleOfBusiness,"0","0",,,,"92,500,000","0","0","0","40,200,000","17,700,000",,,,,,,,,,,,,,,,,,,,,,,,,,,,,,,,,,,,,,,,,,,,,,,,,,,,,,,,,,,,,,,,,,,,,,,,,,,,,,,,,,,,,,,,,,,,,,,,,,,,,,,,,,,,,,,,,,,,,,,,,,,,,,,,,,,,,,,,
		GainOnSaleOfPPE,,,,,,,,,,,,,,,,,,,,,,,,,,"0","0","0","0","4,620,000","4,379,000","3,900,000","3,859,000","7,579,000","6,949,000","5,319,000","5,051,000","15,073,000",,,,,,,,,,,,,,,,,,,,,,,,,,,,,,,,,,,,,,,,,,,,,,,,,,,,,,,,,,,,,,,,,,,,,,,,,,,,,,,,,,,,,,,,,,,,,,,,,,,,,,,,,,,,,
	OtherNonOperatingIncomeExpenses,"-5,600,000","-1,600,000","-1,000,000","-3,000,000","100,000","2,500,000","700,000","4,200,000","-4,400,000","-36,000,000","-3,700,000","-7,100,000","-200,000","-1,700,000","-3,200,000","-3,800,000","-1,800,000","-4,900,000","-5,100,000","-5,800,000","2,700,000","-2,700,000","-4,400,000","-5,500,000","-4,400,000","-6,700,000","-2,000,000","-8,200,000","3,100,000","-1,100,000","-4,600,000","-2,600,000","-400,000","-2,900,000","-300,000","-3,000,000","-8,800,000","-14,290,000",,,,,,,,,,,,,,,,,,,,,,,,,,,,,,,,,,,,,,,,,,,,,,,,,,,,,,,,,,,,,,,,,,,,,,,,,,,,,,,,,,,,,,,,,,,,,,,,,,,,,,,,,,,,,
PretaxIncome,"1,745,200,000","405,000,000","291,100,000","582,100,000","467,000,000","352,900,000","957,800,000","2,037,500,000","1,699,400,000","1,728,400,000","1,779,000,000","1,758,500,000","1,860,000,000","1,414,500,000","1,812,700,000","1,178,700,000","1,493,700,000","1,399,800,000","1,609,900,000","1,132,400,000","986,700,000","838,200,000","1,367,200,000","1,402,000,000","1,325,600,000","1,085,785,000","1,356,419,000","1,222,207,000","1,102,889,000","1,151,012,000","1,136,288,000","993,586,000","665,747,000","652,521,000","679,891,000","652,099,000","496,068,000","431,217,000","530,702,000","508,673,000","384,514,000","405,130,000","480,766,000","399,085,000","426,234,000","350,521,000","187,190,000","396,892,000","295,303,000","389,744,000","393,538,000","237,594,000","311,804,000","290,110,000","321,125,000","291,334,000","246,374,000","295,061,000","174,114,000","238,026,000","203,394,000","181,071,000","219,647,000","-100,209,000","191,654,000","105,136,000","32,357,000","52,352,000","66,348,000","62,028,000","69,260,000","4,943,000","-72,139,000","-1,125,916,000","76,675,000","80,377,000","88,240,000","57,534,000","58,622,000","60,243,000","100,196,000","84,120,000","99,734,000","102,609,000","103,034,000","102,523,000","97,688,000","103,834,000","183,060,000","103,516,000","92,600,000","64,800,000","68,200,000","63,493,000","56,000,000","47,200,000","43,400,000","52,868,000","34,100,000","33,400,000","28,600,000","11,829,000","40,800,000","-8,300,000","-3,500,000","1,445,000","1,900,000","900,000","3,000,000","10,593,000","-26,200,000","800,000","12,900,000","4,500,000","11,600,000","6,100,000","12,400,000","26,700,000","11,600,000","800,000","900,000","1,000,000","1,100,000","2,400,000","3,000,000","2,700,000","1,900,000","1,700,000","1,800,000",,,,,,,,,,,,,,,,,,
TaxProvision,"52,500,000","443,200,000","-25,900,000","-409,100,000","44,200,000","13,300,000","240,800,000","446,100,000","292,000,000","276,100,000","211,300,000","248,100,000","422,500,000","469,600,000","369,800,000","263,700,000","322,500,000","1,566,100,000","383,800,000","269,600,000","239,200,000","190,300,000","337,000,000","353,600,000","356,400,000","257,125,000","330,093,000","292,501,000","281,881,000","268,233,000","274,774,000","268,521,000","178,414,000","190,261,000","186,105,000","159,140,000","65,508,000","136,341,000","131,044,000","121,021,000","82,148,000","104,920,000","127,104,000","95,036,000","117,468,000","78,769,000","75,011,000","102,243,000","75,310,000","83,748,000","113,936,000","92,709,000","65,225,000","83,456,000","114,337,000","84,706,000","83,277,000","93,911,000","54,733,000","51,886,000","71,893,000","72,515,000","63,048,000","70,404,000","72,464,000","49,574,000","5,172,000","17,848,000","22,890,000","33,339,000","32,492,000","4,116,000","-30,941,000","-74,209,000","21,469,000","22,506,000","24,707,000","16,110,000","16,414,000","16,868,000","28,055,000","25,235,000","29,911,000","30,757,000","30,911,000","30,753,000","29,307,000","31,774,000","61,694,000","34,166,000","30,600,000","21,400,000","22,500,000","21,596,000","18,400,000","15,800,000","15,600,000","21,101,000","13,600,000","13,500,000","11,600,000","3,599,000","-4,300,000","800,000","200,000","485,000","800,000","200,000","200,000","890,000","200,000","200,000","1,700,000","300,000","300,000","500,000","1,100,000","1,000,000","500,000","100,000","100,000","0","100,000","100,000","100,000","100,000","100,000","100,000","100,000",,,,,,,,,,,,,,,,,,
EarningsFromEquityInterestNetOfTax,"34,900,000","17,700,000","1,100,000","34,300,000","-18,200,000","18,000,000","-13,100,000","15,100,000","-14,800,000","-12,600,000","-21,800,000","-16,300,000","-28,700,000","0","0",,,"0","0","0","0","0","0","0","0","48,000","-6,833,000","-4,881,000","-834,000","-194,000","-5,394,000","-1,933,000","-7,605,000","-4,954,000","-6,170,000","-2,289,000","-3,811,000","-2,749,000","-1,258,000","-511,000",,,,,,,,,,,,,,,,,,,,,,,,,,,,,,,,,,,,,,,,,,,,,,,,,,,,,,,,,,,,,,,,,,,,,,,,,,,,,,,,,,,,,,,,,,,,,,,,,,,,,,,,,,,
NetIncomeCommonStockholders,"1,556,100,000","368,200,000","329,200,000","448,500,000","410,200,000","357,900,000","701,500,000","1,542,100,000","1,399,100,000","1,439,700,000","1,545,900,000","1,494,100,000","1,408,800,000","946,800,000","1,444,400,000","866,600,000","1,172,900,000","-297,400,000","1,226,100,000","862,800,000","747,600,000","649,200,000","1,032,900,000","1,049,800,000","970,900,000","831,561,000","965,622,000","927,276,000","822,541,000","883,464,000","856,858,000","714,506,000","479,956,000","457,306,000","487,616,000","490,670,000","426,749,000","292,127,000","398,400,000","386,846,000","302,661,000","300,238,000","351,826,000","288,034,000","293,800,000","240,278,000","254,115,000","293,438,000","217,442,000","305,637,000","277,663,000","142,845,000","243,987,000","206,654,000","206,788,000","206,328,000","163,397,000","200,550,000","119,581,000","185,940,000","131,311,000","108,714,000","156,371,000","-170,613,000","122,790,000","55,717,000","27,145,000","34,453,000","43,394,000","28,689,000","36,714,000","826,000","-41,198,000","-1,051,707,000","55,206,000","57,871,000","63,533,000","41,424,000","42,208,000","43,375,000","72,141,000","58,885,000","69,823,000","71,852,000","72,123,000","71,770,000","68,381,000","72,060,000","121,366,000","69,350,000","62,000,000","43,400,000","45,700,000","41,897,000","37,600,000","31,400,000","27,800,000","31,767,000","20,500,000","19,900,000","17,000,000","8,230,000","45,100,000","-9,100,000","-3,700,000","960,000","1,100,000","700,000","2,800,000","9,703,000","-26,400,000","600,000","11,200,000","4,200,000","11,300,000","5,600,000","11,300,000","25,700,000","11,100,000","700,000","800,000","1,000,000","1,000,000","1,100,000","1,400,000","1,100,000","300,000","100,000","200,000","100,000","200,000","-200,000","100,000","200,000","400,000","-900,000","-900,000","-3,400,000","-7,000,000","-6,600,000","-5,600,000","-7,700,000","-7,500,000","-6,700,000","-6,300,000","-6,500,000","-4,800,000"
	NetIncome,"1,556,100,000","368,200,000","329,200,000","448,500,000","410,200,000","357,900,000","701,500,000","1,542,100,000","1,399,100,000","1,439,700,000","1,545,900,000","1,494,100,000","1,408,800,000","946,800,000","1,444,400,000","866,600,000","1,172,900,000","-297,400,000","1,226,100,000","862,800,000","747,600,000","649,200,000","1,032,900,000","1,049,800,000","970,900,000","831,561,000","965,622,000","927,276,000","822,541,000","883,464,000","856,858,000","714,506,000","479,956,000","457,306,000","487,616,000","490,670,000","426,749,000","292,127,000","398,400,000","386,846,000","302,661,000","300,238,000","351,826,000","288,034,000","294,331,000","240,278,000","254,115,000","293,438,000","217,442,000","305,637,000","277,663,000","142,845,000","243,987,000","206,654,000","206,788,000","206,628,000","163,097,000","201,150,000","119,381,000","186,140,000","131,501,000","108,556,000","156,599,000","-170,613,000","122,969,000","55,562,000","27,185,000","34,504,000","43,458,000","28,689,000","36,768,000","827,000","-41,198,000","-1,051,707,000","55,206,000","57,871,000","63,533,000","41,424,000","42,208,000","43,375,000","72,141,000","58,885,000","69,823,000","71,852,000","72,123,000","71,770,000","68,381,000","72,060,000","121,366,000","69,350,000","62,000,000","43,400,000","45,700,000","41,897,000","37,600,000","31,400,000","27,800,000","31,767,000","20,500,000","19,900,000","17,000,000","8,230,000","45,100,000","-9,100,000","-3,700,000","960,000","1,100,000","700,000","2,800,000","9,703,000","-26,400,000","600,000","11,200,000","4,200,000","11,300,000","5,600,000","11,300,000","25,700,000","11,100,000","700,000","800,000","1,000,000","1,000,000","2,300,000","2,900,000","2,600,000","1,800,000","1,600,000","1,700,000","1,600,000","1,700,000","-200,000","100,000","200,000","400,000","-900,000","-900,000","-3,400,000","-7,000,000","-6,600,000","-5,600,000","-7,700,000","-7,500,000","-6,700,000","-6,300,000","-6,500,000","-4,800,000"
		NetIncomeIncludingNoncontrollingInterests,"1,727,600,000","-20,500,000","318,100,000","1,025,500,000","404,600,000","357,600,000","703,900,000","1,606,500,000","1,392,600,000","1,439,700,000","1,545,900,000","1,494,100,000","1,408,800,000","944,900,000","1,442,900,000","915,000,000","1,171,200,000","-166,300,000","1,226,100,000","862,800,000","747,500,000","647,900,000","1,030,200,000","1,048,400,000","969,200,000","828,708,000","1,019,493,000","924,825,000","820,174,000","882,585,000","856,120,000","723,132,000","479,728,000","457,306,000","487,616,000","490,670,000","426,749,000","292,127,000","398,400,000","387,141,000","302,366,000","300,210,000","353,662,000","304,049,000","308,766,000","271,752,000","112,179,000","294,649,000","219,993,000","305,996,000","279,602,000","144,885,000","246,579,000","206,654,000","206,788,000","206,628,000","163,097,000","201,150,000","119,381,000","186,140,000","131,501,000","108,556,000","156,599,000","-170,613,000","122,969,000","55,562,000","27,185,000","34,504,000","43,458,000","28,689,000","36,768,000","827,000","-41,198,000","-1,051,707,000","55,206,000","57,871,000","63,533,000","41,424,000","42,208,000","43,375,000","72,141,000","58,885,000","69,823,000","71,852,000","72,123,000","71,770,000","68,381,000","72,060,000","121,366,000","69,350,000","62,000,000","43,400,000","45,700,000","41,897,000","37,600,000","31,400,000","27,800,000","31,767,000","20,500,000","19,900,000","17,000,000","8,230,000","45,100,000","-9,100,000","-3,700,000","960,000","1,100,000","700,000","2,800,000","9,703,000","-26,400,000","600,000","11,200,000","4,200,000","11,300,000","5,600,000","11,300,000","25,700,000","11,100,000","700,000","800,000","1,000,000","1,000,000","2,300,000","2,900,000","2,600,000","1,800,000","1,600,000","1,700,000","1,600,000","1,700,000","-200,000","100,000","200,000","400,000","-900,000","-900,000","-3,400,000","-7,000,000","-6,600,000","-5,600,000","-7,700,000","-7,500,000","-6,700,000","-6,300,000","-6,500,000","-4,800,000"
			NetIncomeContinuousOperations,"1,727,600,000","-20,500,000","318,100,000","1,025,500,000","404,600,000","357,600,000","703,900,000","1,606,500,000","1,392,600,000","1,439,700,000","1,545,900,000","1,494,100,000","1,408,800,000","944,900,000","1,442,900,000","915,000,000","1,171,200,000","-166,300,000","1,226,100,000","862,800,000","747,500,000","647,900,000","1,030,200,000","1,048,400,000","969,200,000","828,708,000","1,019,493,000","924,825,000","820,174,000","882,585,000","856,120,000","723,132,000","479,728,000","457,306,000","487,616,000","490,670,000","426,749,000","292,127,000","398,400,000","387,141,000","302,366,000","300,210,000","353,662,000","304,049,000","308,766,000","271,752,000","112,179,000","294,649,000","219,993,000","305,996,000","279,602,000","144,885,000","246,579,000","206,654,000","206,788,000","206,628,000","163,097,000","201,150,000","119,381,000","186,140,000","131,501,000","108,556,000","156,599,000","-170,613,000","119,190,000","55,562,000","27,185,000","34,504,000","43,458,000","28,689,000","36,768,000","827,000","-41,198,000","-1,051,707,000","55,206,000","57,871,000","63,533,000","41,424,000","42,208,000","43,375,000","72,141,000","58,885,000","69,823,000","71,852,000","72,123,000","71,770,000","68,381,000","72,060,000","121,366,000","69,350,000","62,000,000","43,400,000","45,700,000","41,897,000","37,600,000","31,400,000","27,800,000","31,767,000","20,500,000","19,900,000","17,000,000","8,230,000","45,100,000","-9,100,000","-3,700,000","960,000","1,100,000","700,000","2,800,000","9,703,000","-26,400,000","600,000","11,200,000","4,200,000","11,300,000","5,600,000","11,300,000","25,700,000","11,100,000","700,000","800,000","1,000,000","1,000,000","2,300,000","2,900,000","2,600,000","1,800,000","1,600,000","1,700,000","1,600,000","1,700,000","-200,000","100,000","200,000","400,000","-900,000","-900,000","-3,400,000","-7,000,000","-6,600,000","-5,600,000","-7,700,000","-7,500,000","-6,700,000","-6,300,000","-6,500,000","-4,800,000"
			NetIncomeExtraordinary,,,,,,,,,,,,,,,,,,,,,,,,,,,,,,,,,,,,,,,,,,,,,,,,,,,,,,,,,,"0","0","0","0",,"0","0","3,779,000",,,,,,,,,,,,,,,,,,,,,,,,,,,,,,,,,,,,,,,,,,,,,,,,,,,,,,,,,,,,,,,,,,,,,,,,,,,,,,,,,,
		MinorityInterests,"-171,500,000","388,700,000","11,100,000","-577,000,000","5,600,000","300,000","-2,400,000","-64,400,000","6,500,000","0","0","0","0","1,900,000","1,500,000","-48,400,000","1,700,000","-131,100,000","0","0","100,000","1,300,000","2,700,000","1,400,000","1,700,000","2,853,000","-53,871,000","2,451,000","2,367,000","879,000","738,000","-8,626,000","228,000","0","0","0","0","0","0","-295,000","295,000","28,000","-1,836,000","-16,015,000","-14,435,000","-31,474,000","141,936,000","-1,211,000","-2,551,000","-359,000","-1,939,000","-2,040,000","-2,592,000",,,,,,,,,,,,,,,,,,,,,,,,,,,,,,,,,,,,,,,,,,,,,,,,,,,,,,,,,,,,,,,,,,,,,,,,,,,,,,,,,,,,,,,,,,,,,,
	PreferredStockDividends,,,,,,,,,,,,,,,,,,,,,,,,,,,,,,,,,,,,,,,,,,,,,"500,000",,,,,,,,,,,"300,000","-300,000",,"-200,000","200,000","190,000",,"228,000",,"179,000",,"40,000","51,000","64,000",,"54,000","1,000",,,,,,,,,,,,,,,,,,,,,,,,,,,,,,,,,,,,,,,,,,,,,,,,,,"0",,"1,200,000","1,500,000","1,500,000","1,500,000","1,500,000","1,500,000","1,500,000","1,500,000",,,,,,,,,,,,,,,,
	OtherunderPreferredStockDividend,,,,,,,,,,,,,,,,,,,,,,,,,,,,,,,,,,,,,,,,,,,,,"31,000",,,,,,,,,,,,,,,,,,,,,,,,,,,,,,,,,,,,,,,,,,,,,,,,,,,,,,,,,,,,,,,,,,,,,,,,,,,,,,,,,,,,,,,,,,,,,,,,,,,,,,
AverageDilutionEarnings,,,,,,,,,,,,,,,,,,,,,,,,,,,,,,,,,,,,,,,,,,,,,,,,,,,,,,,,,,,,,,,"0","0",,,"0","519,000","535,000",,"462,000","1,000","0",,,,,,,,,,,,,,,,,,,,,,,,,,,,,,,,,,,,,,,,,,,,,,,,,,,,,,,,,,,,,,,,,,,,,,,,,,
DilutedNIAvailtoComStockholders,"1,556,100,000","368,200,000","329,200,000","448,500,000","410,200,000","357,900,000","701,500,000","1,542,100,000","1,399,100,000","1,439,700,000","1,545,900,000","1,494,100,000","1,408,800,000","946,800,000","1,444,400,000","866,600,000","1,172,900,000","-297,400,000","1,226,100,000","862,800,000","747,600,000","649,200,000","1,032,900,000","1,049,800,000","970,900,000","831,561,000","965,622,000","927,276,000","822,541,000","883,464,000","856,858,000","714,506,000","479,956,000","457,306,000","487,616,000","490,670,000","426,749,000","292,127,000","398,400,000","386,846,000","302,661,000","300,238,000","351,826,000","288,034,000","293,800,000","240,278,000","254,115,000","293,438,000","217,442,000","305,637,000","277,663,000","142,845,000","243,987,000","206,654,000","206,788,000","206,328,000","163,397,000","200,550,000","119,581,000","185,940,000","131,311,000","108,714,000","156,371,000","-170,613,000","122,790,000","54,250,000","27,145,000","34,972,000","43,929,000","28,689,000","37,176,000","827,000","-41,198,000","-1,051,707,000","55,206,000","57,871,000","63,533,000","41,424,000","42,208,000","43,375,000","72,141,000","58,885,000","69,823,000","71,852,000","72,123,000","71,770,000","68,381,000","72,060,000","121,366,000","69,350,000","62,000,000","43,400,000","45,700,000","41,897,000","37,600,000","31,400,000","27,800,000","31,767,000","20,500,000","19,900,000","17,000,000","8,230,000","45,100,000","-9,100,000","-3,700,000","960,000","1,100,000","700,000","2,800,000","9,703,000","-26,400,000","600,000","11,200,000","4,200,000","11,300,000","5,600,000","11,300,000","25,700,000","11,100,000","700,000","800,000","1,000,000","1,000,000","1,100,000","1,400,000","1,100,000","300,000","100,000","200,000","100,000","200,000","-200,000","100,000","200,000","400,000","-900,000","-900,000","-3,400,000","-7,000,000","-6,600,000","-5,600,000","-7,700,000","-7,500,000","-6,700,000","-6,300,000","-6,500,000","-4,800,000"
BasicEPS,,"2.51","2.22","3","2.7","2.33","4.47","9.6","8.1","8.1","8.4","7.85","7.17","4.74","7.17","4.18","5.55","-1.41","5.8","4.07","3.47","3","4.72","4.79","4.44","3.77","4.16","3.94","3.5","3.75","3.63","3.02","2.03","1.94","2.06","2.07","1.8","1.23","1.68","1.62","1.26","1.24","1.45","1.19","1.22",,"1.06","1.13","0.8",,"0.96","0.49","0.85",,"0.71","0.71","0.55",,"0.41","0.55","0.39",,"0.46","-0.5","0.36",,"0.08","0.1","0.13",,"0.11","0.002","-0.12",,"0.37","0.39","0.42",,"0.28","0.29","0.49",,"0.47","0.48","0.49",,"0.153","0.16","0.27",,"0.068","0.048","0.052",,"0.043","0.037","0.032",,"0.023","0.023","0.02",,"0.053","-0.012","-0.005",,"0.002","0.002","0.003",,"-0.033","0.002","0.013",,"0.015","0.008","0.013",,"0.015","0.002","0.002",,"0.002","0.002","0.003",,"0.002","0.002","0.002",,"0.002","-0.002","0.002",,"0.002","-0.002","-0.002",,"-0.013","-0.013","-0.012",,"-0.017","-0.015","-0.015",,"-0.012"
DilutedEPS,,"2.5","2.22","2.99","2.69","2.32","4.46","9.59","8.08","8.08","8.39","7.85","7.15","4.73","7.15","4.18","5.54","-1.41","5.79","4.07","3.46","2.99","4.71","4.79","4.43","3.77","4.15","3.93","3.49","3.74","3.62","3.01","2.02","1.92","2.05","2.06","1.79","1.23","1.67","1.61","1.25","1.22","1.43","1.18","1.2",,"1.05","1.12","0.8",,"0.95","0.49","0.84",,"0.7","0.7","0.54",,"0.41","0.54","0.38",,"0.45","-0.5","0.36",,"0.08","0.1","0.12",,"0.1","0.002","-0.12",,"0.36","0.38","0.42",,"0.28","0.29","0.47",,"0.46","0.47","0.47",,"0.147","0.157","0.257",,"0.065","0.047","0.048",,"0.042","0.035","0.03",,"0.023","0.022","0.018",,"0.05","-0.012","-0.005",,"0.002","0.002","0.003",,"-0.033","0.002","0.013",,"0.015","0.008","0.013",,"0.015","0.002","0.002",,"0.002","0.002","0.003",,"0.002","0.002","0.002",,"0.002","-0.002","0.002",,"0.002","-0.002","-0.002",,"-0.013","-0.013","-0.012",,"-0.017","-0.015","-0.015",,"-0.012"
BasicAverageShares,,"146,900,000","148,000,000","149,700,000","151,900,000","153,700,000","156,900,000","160,600,000","172,800,000","177,800,000","184,000,000","190,300,000","196,600,000","199,800,000","201,400,000","207,100,000","211,400,000","211,500,000","211,400,000","211,900,000","215,600,000","216,600,000","218,900,000","219,100,000","218,900,000","220,400,000","232,191,000","235,286,000","234,995,000","235,481,000","236,217,000","236,661,000","236,786,000","236,283,000","237,070,000","237,484,000","236,837,000","236,612,000","236,474,000","238,988,000","239,754,000","242,959,000","242,883,000","242,375,000","241,536,000",,"239,864,000","259,938,000","269,922,000",,"288,917,000","288,615,000","287,703,000",,"291,408,000","290,356,000","296,171,000",,"288,958,000","340,315,000","340,310,000",,"338,021,000","342,375,000","339,653,000",,"336,536,000","332,629,000","335,279,000",,"334,777,000","337,018,000","333,699,000",,"150,134,000","149,493,000","149,611,000",,"149,521,000","149,231,000","148,660,000",,"148,412,000","148,602,000","148,188,000",,"444,222,000","445,929,000","451,080,000",,"907,317,073","897,931,034","884,516,129",,"867,692,308","856,363,636","877,894,737",,"878,571,429","852,857,143","850,000,000",,"845,625,000","780,000,000","740,000,000",,"660,000,000","420,000,000","840,000,000",,"792,000,000","360,000,000","840,000,000",,"753,333,333","672,000,000","847,500,000",,"740,000,000","420,000,000","480,000,000",,"600,000,000","660,000,000","420,000,000",,"180,000,000","60,000,000","120,000,000",,"120,000,000","120,000,000","60,000,000",,"240,000,000","540,000,000","540,000,000",,"525,000,000","495,000,000","480,000,000",,"450,000,000","446,666,667","420,000,000",,"411,428,571"
DilutedAverageShares,,"147,500,000","148,600,000","150,100,000","152,300,000","154,000,000","157,200,000","160,900,000","173,100,000","178,200,000","184,200,000","190,400,000","197,000,000","200,300,000","201,900,000","207,300,000","211,700,000","212,000,000","211,800,000","212,200,000","215,900,000","217,000,000","219,400,000","219,400,000","219,300,000","220,800,000","232,612,000","235,718,000","235,630,000","236,292,000","236,972,000","237,401,000","237,849,000","237,627,000","238,349,000","238,743,000","238,304,000","238,324,000","238,125,000","240,622,000","241,828,000","245,382,000","245,366,000","244,966,000","244,551,000",,"242,313,000","261,658,000","272,703,000",,"291,037,000","290,359,000","289,744,000",,"293,921,000","293,476,000","299,500,000",,"293,396,000","343,389,000","344,058,000",,"344,754,000","342,375,000","345,815,000",,"340,859,000","344,735,000","352,173,000",,"355,232,000","350,279,000","333,699,000",,"151,823,000","151,440,000","151,494,000",,"151,397,000","152,033,000","152,202,000",,"152,636,000","153,337,000","153,491,000",,"461,106,000","462,450,000","473,136,000",,"953,846,154","930,000,000","945,517,241",,"902,400,000","897,142,857","926,666,667",,"878,571,429","918,461,538","927,272,727",,"902,000,000","780,000,000","740,000,000",,"660,000,000","420,000,000","840,000,000",,"792,000,000","360,000,000","840,000,000",,"753,333,333","672,000,000","847,500,000",,"740,000,000","420,000,000","480,000,000",,"600,000,000","660,000,000","420,000,000",,"180,000,000","60,000,000","120,000,000",,"120,000,000","120,000,000","60,000,000",,"240,000,000","540,000,000","540,000,000",,"525,000,000","495,000,000","480,000,000",,"450,000,000","446,666,667","420,000,000",,"411,428,571"
TotalOperatingIncomeAsReported,"2,840,700,000","587,100,000","794,000,000","485,700,000","973,900,000","-330,600,000","1,086,400,000","1,974,500,000","1,819,900,000","1,777,700,000","1,806,300,000","1,955,900,000","1,502,700,000","1,443,100,000","1,697,600,000","1,213,200,000","1,534,700,000","1,465,800,000","1,653,500,000","1,200,600,000","1,024,300,000","886,200,000","1,425,300,000","1,460,500,000","1,378,400,000","1,168,197,000","1,371,832,000","1,233,096,000","1,117,875,000","1,159,763,000","1,152,578,000","988,725,000","671,348,000","657,926,000","684,531,000","662,527,000","510,525,000","445,507,000","535,250,000","505,723,000","369,370,000","409,103,000","488,493,000","410,813,000","416,283,000","355,186,000","194,135,000","395,880,000","303,689,000","383,378,000","384,178,000","222,914,000","304,958,000","324,960,000","345,850,000","296,797,000","246,004,000","262,430,000","129,210,000","206,440,000","181,692,000","191,718,000","197,328,000","-122,015,000","172,989,000","93,299,000","21,165,000","46,301,000","75,274,000","57,917,000","70,833,000","-1,470,000","-83,865,000","-1,102,405,000","70,866,000","67,966,000","93,904,000","82,249,000","69,081,000","52,139,000","93,168,000","92,964,000","89,587,000","91,076,000","86,571,000","92,739,000","64,484,000","87,097,000","84,036,000",,,,,,,,,,,,,,,,,,,,,,,,,,,,,,,,,,,,,,,,,,,,,,,,,,,,,,,,,,
TotalExpenses,"8,173,700,000","2,148,300,000","2,000,500,000","2,271,000,000","1,753,900,000","3,338,500,000","2,318,700,000","1,697,100,000","1,644,000,000","1,931,200,000","1,869,000,000","1,682,300,000","1,859,700,000","2,001,100,000","1,795,800,000","2,064,800,000","1,590,400,000","1,838,800,000","1,394,300,000","1,736,600,000","1,776,400,000","1,523,200,000","1,513,000,000","1,423,100,000","1,336,400,000","1,553,126,000","1,405,783,000","1,360,747,000","1,429,244,000","1,478,212,000","1,412,680,000","1,432,608,000","1,463,061,000","1,313,067,000","1,150,295,000","1,071,428,000","907,345,000","983,878,000","871,764,000","901,231,000","922,361,000","916,971,000","819,638,000","795,634,000","769,272,000","543,757,000","981,654,000","816,822,000","805,171,000","743,678,000","736,340,000","870,375,000","731,526,000","842,321,000","703,581,000","663,218,000","649,776,000","595,252,000","635,904,000","566,841,000","521,380,000","834,675,000","505,989,000","486,527,000","438,484,000","524,346,000","554,000,000","483,768,000","512,528,000","529,863,000","472,443,000","540,233,000","625,607,000","800,104,000","268,077,000","253,876,000","226,795,000","220,181,000","219,247,000","217,124,000","195,175,000","187,494,000","175,606,000","169,586,000","150,476,000","152,597,000","169,270,000","143,417,000","132,812,000","129,684,000","124,000,000","114,900,000","109,800,000","103,448,000","97,000,000","87,800,000","77,900,000","77,576,000","72,100,000","64,200,000","70,900,000","80,061,000","60,200,000","53,600,000","42,400,000","39,146,000","36,600,000","36,200,000","32,900,000","32,751,000","58,000,000","35,900,000","31,800,000","41,600,000","25,800,000","25,600,000","23,100,000","27,700,000","29,100,000","20,700,000","18,000,000","16,900,000","15,900,000","15,000,000","14,800,000","12,400,000","12,800,000","12,800,000","11,600,000","10,800,000","9,800,000",,,,,,,,,,,,,,,,
NetIncomeFromContinuingAndDiscontinuedOperation,"1,556,100,000","368,200,000","329,200,000","448,500,000","410,200,000","357,900,000","701,500,000","1,542,100,000","1,399,100,000","1,439,700,000","1,545,900,000","1,494,100,000","1,408,800,000","946,800,000","1,444,400,000","866,600,000","1,172,900,000","-297,400,000","1,226,100,000","862,800,000","747,600,000","649,200,000","1,032,900,000","1,049,800,000","970,900,000","831,561,000","965,622,000","927,276,000","822,541,000","883,464,000","856,858,000","714,506,000","479,956,000","457,306,000","487,616,000","490,670,000","426,749,000","292,127,000","398,400,000","386,846,000","302,661,000","300,238,000","351,826,000","288,034,000","294,331,000","240,278,000","254,115,000","293,438,000","217,442,000","305,637,000","277,663,000","142,845,000","243,987,000","206,654,000","206,788,000","206,628,000","163,097,000","201,150,000","119,381,000","186,140,000","131,501,000","112,335,000","156,599,000","-170,613,000","119,190,000","55,562,000","27,185,000","34,504,000","43,458,000","28,689,000","36,768,000","827,000","-41,198,000","-1,051,707,000","55,206,000","57,871,000","63,533,000","41,424,000","42,208,000","43,375,000","72,141,000","58,885,000","69,823,000","71,852,000","72,123,000","71,770,000","68,381,000","72,060,000","121,366,000","69,350,000","62,000,000","43,400,000","45,700,000","41,897,000","37,600,000","31,400,000","27,800,000","31,767,000","20,500,000","19,900,000","17,000,000","8,230,000","45,100,000","-9,100,000","-3,700,000","960,000","1,100,000","700,000","2,800,000","9,703,000","-26,400,000","600,000","11,200,000","4,200,000","11,300,000","5,600,000","11,300,000","25,700,000","11,100,000","700,000","800,000","1,000,000","1,000,000","2,300,000","2,900,000","2,600,000","1,800,000","1,600,000","1,700,000","1,600,000","1,700,000","-200,000","100,000","200,000","400,000","-900,000","-900,000","-3,400,000","-7,000,000","-6,600,000","-5,600,000","-7,700,000","-7,500,000","-6,700,000","-6,300,000","-6,500,000","-4,800,000"
NormalizedIncome,"2,346,262,000","452,442,000","714,188,600","350,096,000","782,517,000","-496,921,989.232","738,950,000","1,458,376,800","1,537,044,800","1,405,165,442.027","1,486,961,100","1,623,121,800","1,218,023,600","1,007,388,497.702","1,288,622,800","933,491,200","1,189,677,600","-281,920,000","1,246,902,600","982,357,800","750,328,800","1,007,469,685.039","1,049,164,800","1,059,598,800","976,967,300","934,906,815.774","968,229,108","926,514,239","839,313,736","888,449,233.429","822,056,704","705,686,870","476,765,944","451,962,375.534","481,919,804","483,501,608","423,039,168","878,184,305.616","166,790,514.421","395,379,064.354","283,897,690.664","302,470,697.48","356,903,997.999","295,521,611.842","296,023,209.857","487,587,740.324","254,562,000","296,992,567.52","224,136,334.626","302,601,724.188","272,718,039.361","135,600,567.06","242,448,075.759","243,020,431.116","234,842,523.077","235,231,254.725","198,318,813.105","206,532,206.561","104,582,648.788","184,974,015.024","144,348,263.789","-60,767,600","159,317,507.364","9,177,600","121,864,800.369","68,864,000","48,872,004.512","86,614,583.435","55,064,616.025","29,531,400","44,197,800","3,870,200","-41,923,400","-1,018,737,355.487","53,067,600","51,674,007.116","67,611,092.838","86,341,399.52","49,738,508.546","37,540,114.619","67,080,848.417","65,075,905.136","62,719,163.986","63,776,011.383","60,599,027.826","64,920,827.814","45,138,403.939","60,444,650.307","55,714,591.806","64,147,879.072","56,576,673.866","49,628,703.704","41,545,454.545","42,851,169.153","32,900,000","27,208,898.305","23,380,184.332","31,767,000","17,133,431.085","16,780,000","14,060,000","8,230,000","42,640,000","-11,620,000","-6,400,000","960,000","-1,480,000","-2,566,666.667","-933,333.333","9,703,000","-26,400,000","-2,400,000","8,161,240.31","-5,880,000","7,890,517.241","8,262,295.082","8,657,258.065","22,908,614.232","8,516,379.31","-2,100,000","-1,600,000","-1,500,000","-1,000,000","287,500","1,063,333.333","1,444,444.444","-189,473.684","-658,823.529","283,333.333","-1,400,000","-1,000,000","-200,000","100,000","200,000","400,000","-900,000","-900,000","-3,400,000","-7,000,000","-6,600,000","-5,600,000","-7,700,000","-7,500,000","-6,700,000","-6,300,000","-6,500,000","-4,800,000"
InterestIncome,"11,000,000","2,800,000","2,600,000","2,700,000","2,900,000","4,000,000","6,000,000","7,600,000","24,400,000","29,200,000","30,500,000","29,100,000","31,200,000","31,100,000","26,000,000","28,700,000","26,700,000","24,300,000","20,600,000","16,900,000","16,700,000","20,400,000","16,400,000","15,400,000","11,200,000","9,100,000","5,400,000","4,300,000","3,300,000","3,500,000","3,600,000","2,400,000","2,700,000","1,500,000","1,500,000","900,000","4,300,000","6,900,000","5,900,000","10,200,000","65,000,000","5,900,000","5,300,000","4,300,000","3,700,000","3,700,000","3,100,000","6,700,000","8,900,000","10,700,000","10,900,000","12,100,000","14,800,000","72,045,000","16,800","15,347,000","22,900,000","23,508,000","18,804,000","32,100,000","29,141,000","25,517,000","26,031,000","26,114,000","23,557,000","18,115,000","16,530,000","12,401,000","15,705,000","14,167,000","13,794,000","14,937,000","14,326,000",,,,,,,,,,,,,,,,,,,,,,,,,,,,,,,,,,,,,,,,,,,,,,,,,,,,,,,,,,,,,,,,,,,,,,,,,,
InterestExpense,"253,600,000","66,300,000","66,300,000","56,400,000","64,700,000","56,000,000","56,300,000","66,000,000","44,300,000","46,000,000","45,800,000","47,700,000","47,900,000","49,400,000","49,000,000","51,700,000","50,500,000","62,000,000","61,800,000","63,600,000","63,400,000","64,800,000","66,000,000","65,900,000","63,300,000","67,400,000","15,600,000","5,800,000","6,700,000","7,400,000","7,400,000","7,100,000","7,600,000","6,400,000","6,600,000","7,300,000","11,500,000","13,400,000","8,700,000","7,000,000","74,000,000","7,496,000","7,927,000","8,400,000","9,200,000","9,500,000","9,300,000","900,000","8,300,000","8,200,000","8,500,000","9,300,000","9,900,000","51,962,400","8,100","13,900,000","15,730,000","18,600,000","19,600,000","1,900,000","406,000","318,000","74,000","186,000","293,000","-684,000","571,000","2,849,000","6,911,000","8,652,000","2,984,000","3,452,000","3,809,000",,,,,,,,,,,,,,,,,,,,,,,,,,,,,,,,,,,,,,,,,,,,,,,,,,,,,,,,,,,,,,,,,,,,,,,,,,
NetInterestIncome,"-242,600,000","-63,500,000","-63,700,000","-53,700,000","-61,800,000","-52,000,000","-50,300,000","-58,400,000","-19,900,000","-16,800,000","-15,300,000","-18,600,000","-16,700,000","-18,300,000","-23,000,000","-23,000,000","-23,800,000","-37,700,000","-41,200,000","-46,700,000","-46,700,000","-44,400,000","-49,600,000","-50,500,000","-52,100,000","-58,300,000","-10,200,000","-1,500,000","-3,400,000","-3,900,000","-3,800,000","-4,700,000","-4,900,000","-4,900,000","-5,100,000","-6,400,000","-7,200,000","-6,500,000","-2,800,000","3,200,000","-9,000,000","-1,596,000","-2,627,000","-4,100,000","-5,500,000","-5,800,000","-6,200,000","5,800,000","600,000","2,500,000","2,400,000","2,800,000","4,900,000","20,082,600","8,700","1,447,000","7,170,000","4,908,000","-796,000","30,200,000","28,735,000","25,199,000","25,957,000","25,928,000","23,264,000","18,799,000","15,959,000","9,552,000","8,794,000","5,515,000","10,810,000","11,485,000","10,517,000",,,,,,,,,,,,,,,,,,,,,,,,,,,,,,,,,,,,,,,,,,,,,,,,,,,,,,,,,,,,,,,,,,,,,,,,,,
EBIT,"1,998,800,000","471,300,000","357,400,000","638,500,000","531,700,000","408,900,000","1,014,100,000","2,103,500,000","1,743,700,000","1,774,400,000","1,824,800,000","1,806,200,000","1,907,900,000","1,463,900,000","1,861,700,000","1,230,400,000","1,544,200,000","1,461,800,000","1,671,700,000","1,196,000,000","1,050,100,000","903,000,000","1,433,200,000","1,467,900,000","1,388,900,000","1,153,185,000","1,372,019,000","1,228,007,000","1,109,589,000","1,158,412,000","1,143,688,000","1,000,686,000","673,347,000","658,921,000","686,491,000","659,399,000","507,568,000","444,617,000","539,402,000","515,673,000","458,514,000","412,626,000","488,693,000","407,485,000","435,434,000","360,021,000","196,490,000","397,792,000","303,603,000","397,944,000","402,038,000","246,894,000","321,704,000","342,072,400","321,133,100","305,234,000","262,104,000","313,661,000","193,714,000","239,926,000","203,800,000","181,389,000","219,721,000","-100,023,000","191,947,000","104,452,000","32,928,000","55,201,000","73,259,000","70,680,000","72,244,000","8,395,000","-68,330,000","-1,104,821,000","73,705,000","71,770,000","93,904,000","65,753,000","69,081,000","52,139,000","93,168,000","92,964,000","89,587,000","91,076,000","86,571,000","92,739,000","64,484,000","87,097,000","84,036,000","95,651,000","84,400,000","74,000,000","61,900,000","64,939,000","48,900,000","41,000,000","36,600,000","68,568,000","28,500,000","28,200,000","23,900,000","24,729,000","36,600,000","-12,400,000","-8,000,000","13,945,000","-2,700,000","-3,500,000","-900,000","10,193,000","-26,200,000","-3,100,000","9,400,000","-6,400,000","8,100,000","9,100,000","9,400,000","23,800,000","8,800,000","-2,600,000","-1,900,000","-1,500,000","-1,100,000","300,000","1,100,000","1,400,000","-300,000","-800,000","200,000","-3,300,000","-2,800,000","6,900,000","8,100,000","-26,900,000","3,600,000","5,800,000","5,600,000","-31,000,000","1,800,000","1,700,000","3,200,000","-34,700,000","700,000","2,000,000","2,800,000","-45,100,000","4,000,000"
EBITDA,"2,880,100,000"
ReconciledCostOfRevenue,"2,503,300,000","593,500,000","489,600,000","990,900,000","429,300,000","649,400,000","397,700,000","359,700,000","405,900,000","401,800,000","384,400,000","429,400,000","549,100,000","412,900,000","396,200,000","356,900,000","381,000,000","560,000,000","301,500,000","181,100,000","321,100,000","305,300,000","336,400,000","287,800,000","252,100,000","272,149,000","256,516,000","233,538,000","260,397,000","246,869,000","249,664,000","244,574,000","231,540,000","209,594,000","187,217,000","184,526,000","87,597,000","87,900,000","98,168,000","100,770,000","95,213,000","101,783,000","85,507,000","65,339,000","63,784,000","59,652,000","59,321,000","72,682,000","63,434,000","62,481,000","58,949,000","57,224,000","65,299,000","69,775,000","74,386,000","59,731,000","68,783,000","56,228,000","50,547,000","52,564,000","53,055,000","34,906,000","37,072,000","78,561,000","14,971,000","89,387,000","55,800,000","49,349,000","79,175,000","57,360,000","49,428,000","124,854,000","230,920,000","138,563,000","54,264,000","45,646,000","46,266,000","42,582,000","42,050,000","36,209,000","39,318,000","35,704,000","36,458,000","35,202,000","29,146,000","32,753,000","33,027,000","30,795,000","28,623,000","53,305,000","35,600,000","35,900,000","31,500,000","40,909,000","25,900,000","23,200,000","20,400,000","28,088,000","17,000,000","16,100,000","16,200,000","21,325,000","14,300,000","7,500,000","7,800,000",,"5,800,000","5,500,000","4,800,000","9,048,000","4,300,000","3,900,000","4,300,000","4,700,000","4,400,000","5,200,000","4,600,000","-43,500,000","20,800,000","17,700,000","15,500,000","14,800,000","14,000,000","12,200,000","12,500,000","11,000,000","11,300,000","11,100,000","9,800,000","9,500,000","6,800,000",,,,,,,,,,,,,,,,
ReconciledDepreciation,"487,700,000","134,700,000","133,200,000","72,900,000","146,900,000","90,400,000","134,000,000","112,900,000","119,900,000","113,000,000","329,500,000","117,000,000","121,100,000","329,700,000","346,500,000","171,500,000","168,900,000","89,000,000","177,400,000","302,600,000","512,000,000","177,400,000","180,200,000","175,400,000","149,700,000","156,300,000","151,577,000","144,586,000","147,937,000","157,642,000","175,406,000","164,139,000","190,963,000","158,383,000","147,477,000","128,427,000","97,453,000","96,876,000","94,203,000","90,624,000","83,945,000","88,721,000","87,367,000","90,300,000","92,545,000","94,012,000","90,128,000","87,451,000","82,510,000","93,200,000","85,884,000","126,731,000","122,146,000","122,017,000","127,571,000","105,539,000","106,932,000","102,263,000","96,755,000","92,460,000","88,815,000","87,217,000","89,731,000","75,692,000","123,230,000","97,524,000","109,751,000","98,822,000","96,111,000","106,459,000","122,086,000","106,183,000","104,707,000","16,414,000","16,128,000","14,122,000","14,644,000","13,743,000","10,827,000","10,084,000","10,446,000","8,800,000","10,043,000","9,293,000","8,777,000","16,940,000","5,563,000","8,088,000","8,233,000","53,699,000","-7,100,000","-8,900,000","-6,600,000","42,590,000","-6,400,000","-6,000,000","-5,600,000","32,896,000","-4,500,000","-4,700,000","-4,400,000","26,464,000","-3,900,000","-3,700,000","-3,600,000","18,716,000","-2,800,000","-2,700,000","-2,300,000","13,756,000","-2,100,000","-1,800,000","-1,800,000","-1,700,000","-1,600,000","-1,600,000","-1,800,000","-3,000,000","-1,500,000","-1,200,000","-1,400,000","-1,500,000","-1,400,000","-1,100,000","-1,100,000","-1,100,000","-1,000,000","-800,000","-900,000","-1,100,000","700,000",,,,,,,,,,,,,,,,
NetIncomeFromContinuingOperationNetMinorityInterest,"1,556,100,000","368,200,000","329,200,000","448,500,000","410,200,000","357,900,000","701,500,000","1,542,100,000","1,399,100,000","1,439,700,000","1,545,900,000","1,494,100,000","1,408,800,000","946,800,000","1,444,400,000","866,600,000","1,172,900,000","-297,400,000","1,226,100,000","862,800,000","747,600,000","649,200,000","1,032,900,000","1,049,800,000","970,900,000","831,561,000","965,622,000","927,276,000","822,541,000","883,464,000","856,858,000","714,506,000","479,956,000","457,306,000","487,616,000","490,670,000","426,749,000","292,127,000","398,400,000","386,846,000","302,661,000","300,238,000","351,826,000","288,034,000","294,331,000","240,278,000","254,115,000","293,438,000","217,442,000","305,637,000","277,663,000","142,845,000","243,987,000","206,654,000","206,788,000","206,628,000","163,097,000","201,150,000","119,381,000","186,140,000","131,501,000","108,556,000","156,599,000","-170,613,000","119,190,000","55,562,000","27,185,000","34,504,000","43,458,000","28,689,000","36,768,000","827,000","-41,198,000","-1,051,707,000","55,206,000","57,871,000","63,533,000","41,424,000","42,208,000","43,375,000","72,141,000","58,885,000","69,823,000","71,852,000","72,123,000","71,770,000","68,381,000","72,060,000","121,366,000","69,350,000","62,000,000","43,400,000","45,700,000","41,897,000","37,600,000","31,400,000","27,800,000","31,767,000","20,500,000","19,900,000","17,000,000","8,230,000","45,100,000","-9,100,000","-3,700,000","960,000","1,100,000","700,000","2,800,000","9,703,000","-26,400,000","600,000","11,200,000","4,200,000","11,300,000","5,600,000","11,300,000","25,700,000","11,100,000","700,000","800,000","1,000,000","1,000,000","2,300,000","2,900,000","2,600,000","1,800,000","1,600,000","1,700,000","1,600,000","1,700,000","-200,000","100,000","200,000","400,000","-900,000","-900,000","-3,400,000","-7,000,000","-6,600,000","-5,600,000","-7,700,000","-7,500,000","-6,700,000","-6,300,000","-6,500,000","-4,800,000"
TotalUnusualItemsExcludingGoodwill,"-814,600,000","-115,400,000","-422,600,000","134,800,000","-411,400,000","888,300,000","-50,000,000","107,200,000","-166,600,000","41,100,000","66,900,000","-150,200,000","246,800,000","-90,700,000","195,700,000","-86,200,000","-21,400,000","-25,800,000","-27,300,000","-156,900,000","-3,600,000","-463,500,000","-21,600,000","-13,100,000","-8,300,000","-135,413,000","-3,444,000","1,001,000","-22,544,000","-6,500,000","45,912,000","12,081,000","4,358,000","7,543,000","7,846,000","9,482,000","4,274,000","-857,031,000","307,552,000","-11,197,000","23,861,000","-3,013,000","-6,903,000","-9,828,000","-2,336,000","-318,994,000","-745,000","-4,788,000","-8,986,000","3,866,000","6,960,000","11,880,000","1,946,000","-51,052,800","-43,566,400","-40,329,000","-53,206,000","-7,895,000","21,583,000","1,491,000","-19,871,000","282,206,000","-3,813,000","-299,651,000","-4,301,000","-22,170,000","-25,813,000","-79,066,000","-17,720,000","-1,404,000","-12,383,000","-5,072,000","1,209,000","-35,296,000","2,970,000","8,607,000","-5,664,000","-62,386,000","-10,459,000","8,104,000","7,028,000","-8,844,000","10,147,000","11,533,000","16,463,000","9,784,000","33,204,000","16,737,000","99,024,000","7,765,000","8,100,000","-9,300,000","6,200,000","-1,446,000","7,000,000","6,300,000","6,900,000",,"5,600,000","5,200,000","4,900,000",,"4,100,000","4,200,000","4,500,000",,"4,300,000","4,200,000","4,000,000",,,"4,000,000","3,500,000","10,800,000","3,500,000","-2,900,000","2,900,000","2,900,000","2,700,000","3,200,000","2,700,000","2,500,000","2,200,000","2,100,000","1,900,000","1,200,000","2,100,000","2,400,000","1,500,000","5,000,000","4,500,000",,,,,,,,,,,,,,,,
TotalUnusualItems,"-814,600,000","-115,400,000","-422,600,000","134,800,000","-411,400,000","888,300,000","-50,000,000","107,200,000","-166,600,000","41,100,000","66,900,000","-150,200,000","246,800,000","-90,700,000","195,700,000","-86,200,000","-21,400,000","-25,800,000","-27,300,000","-156,900,000","-3,600,000","-463,500,000","-21,600,000","-13,100,000","-8,300,000","-135,413,000","-3,444,000","1,001,000","-22,544,000","-6,500,000","45,912,000","12,081,000","4,358,000","7,543,000","7,846,000","9,482,000","4,274,000","-857,031,000","307,552,000","-11,197,000","23,861,000","-3,013,000","-6,903,000","-9,828,000","-2,336,000","-318,994,000","-745,000","-4,788,000","-8,986,000","3,866,000","6,960,000","11,880,000","1,946,000","-51,052,800","-43,566,400","-40,329,000","-53,206,000","-7,895,000","21,583,000","1,491,000","-19,871,000","282,206,000","-3,813,000","-299,651,000","-4,301,000","-22,170,000","-25,813,000","-79,066,000","-17,720,000","-1,404,000","-12,383,000","-5,072,000","1,209,000","-35,296,000","2,970,000","8,607,000","-5,664,000","-62,386,000","-10,459,000","8,104,000","7,028,000","-8,844,000","10,147,000","11,533,000","16,463,000","9,784,000","33,204,000","16,737,000","99,024,000","7,765,000","8,100,000","-9,300,000","6,200,000","-1,446,000","7,000,000","6,300,000","6,900,000",,"5,600,000","5,200,000","4,900,000",,"4,100,000","4,200,000","4,500,000",,"4,300,000","4,200,000","4,000,000",,,"4,000,000","3,500,000","10,800,000","3,500,000","-2,900,000","2,900,000","2,900,000","2,700,000","3,200,000","2,700,000","2,500,000","2,200,000","2,100,000","1,900,000","1,200,000","2,100,000","2,400,000","1,500,000","5,000,000","4,500,000",,,,,,,,,,,,,,,,
NormalizedEBITDA,"3,694,700,000","721,400,000","913,200,000","1,107,800,000","1,090,000,000","-230,200,000","1,198,100,000","2,109,200,000","2,030,200,000","1,846,300,000","2,087,400,000","2,073,400,000","1,782,200,000","1,884,300,000","2,012,500,000","1,488,100,000","1,734,500,000","1,627,400,000","1,876,400,000","1,655,500,000","1,565,700,000","1,543,900,000","1,635,000,000","1,656,400,000","1,546,900,000","1,444,898,000","1,527,040,000","1,371,592,000","1,280,070,000","1,322,554,000","1,273,182,000","1,152,744,000","859,952,000","809,761,000","826,122,000","778,344,000","600,747,000","1,398,524,000","326,053,000","617,494,000","518,598,000","504,360,000","582,963,000","507,613,000","530,315,000","773,027,000","287,363,000","490,031,000","395,099,000","487,278,000","480,962,000","361,745,000","441,904,000","515,142,200","492,270,500","451,102,000","422,242,000","423,819,000","268,886,000","330,895,000","312,486,000","-13,600,000","313,265,000","275,888,000","319,478,000","224,146,000","168,492,000","233,089,000","187,090,000","178,543,000","206,713,000","119,650,000","35,168,000","-1,053,111,000","86,863,000","77,285,000","114,212,000","141,882,000","90,367,000","54,119,000","96,586,000","110,608,000","89,483,000","88,836,000","78,885,000","99,895,000","36,843,000","78,448,000","-6,755,000","141,585,000","83,400,000","92,200,000","62,300,000","108,975,000","48,300,000","40,700,000","35,300,000","101,464,000","27,400,000","27,700,000","23,400,000","51,193,000","36,400,000","-12,900,000","-8,900,000","32,661,000","-4,200,000","-5,000,000","-2,600,000","23,949,000","-24,100,000","-5,300,000","7,700,000","-15,500,000","6,100,000","13,700,000","8,300,000","23,900,000","7,500,000","-4,500,000","-3,200,000","-2,500,000","-1,900,000","-700,000","300,000","1,300,000","-1,400,000","-2,300,000","-400,000","-7,200,000","-6,600,000","6,900,000","8,100,000","-26,900,000","3,600,000","5,800,000","5,600,000","-31,000,000","1,800,000","1,700,000","3,200,000","-34,700,000","700,000","2,000,000","2,800,000","-45,100,000","4,000,000"
TaxRateForCalcs,"0.03","0.27","0.089","0.27","0.095","0.038","0.251","0.219","0.172","0.16","0.119","0.141","0.227","0.332","0.204","0.224","0.216","0.4","0.238","0.238","0.242","0.227","0.247","0.252","0.269","0.237","0.243","0.239","0.256","0.233","0.242","0.27","0.268","0.292","0.274","0.244","0.132","0.316","0.247","0.238","0.214","0.259","0.264","0.238","0.276","0.225","0.4","0.258","0.255","0.215","0.29","0.39","0.209","0.288","0.356","0.291","0.338","0.318","0.314","0.218","0.353","0.4","0.287","0.4","0.378","0.4","0.16","0.341","0.345","0.4","0.4","0.4","0.4","0.066","0.28","0.28","0.28","0.28","0.28","0.28","0.28","0.3","0.3","0.3","0.3","0.3","0.3","0.306","0.337","0.33","0.33","0.33","0.33","0.34","0.329","0.335","0.359","0.399","0.399","0.4","0.4","0.304","0.4","0.4","0.4","0.336","0.4","0.222","0.067","0.084","0.4","0.25","0.132","0.067","0.026","0.082","0.089","0.037","0.043","0.125","0.111","0","0.091","0.042","0.033","0.037","0.053","0.059","0.056","0.4","0.4","0.4","0.4","0.4","0.4","0.4","0.4","0.4","0.4","0.4","0.4","0.4","0.4","0.4","0.4","0.4","0.4"
TaxEffectOfUnusualItems,"-24,438,000","-31,158,000","-37,611,400","36,396,000","-39,083,000","33,478,010.768","-12,550,000","23,476,800","-28,655,200","6,565,442.027","7,961,100","-21,178,200","56,023,600","-30,111,502.298","39,922,800","-19,308,800","-4,622,400","-10,320,000","-6,497,400","-37,342,200","-871,200","-105,230,314.961","-5,335,200","-3,301,200","-2,232,700","-32,067,184.226","-836,892","239,239","-5,771,264","-1,514,766.571","11,110,704","3,261,870","1,167,944","2,199,375.534","2,149,804","2,313,608","564,168","-270,973,694.384","75,942,514.421","-2,663,935.646","5,097,690.664","-780,302.52","-1,825,002.001","-2,340,388.158","-643,790.143","-71,684,259.676","-298,000","-1,233,432.48","-2,291,665.374","830,724.188","2,015,039.361","4,635,567.06","407,075.759","-14,686,368.884","-15,511,876.923","-11,725,745.275","-17,984,186.895","-2,512,793.439","6,784,648.788","325,015.024","-7,023,736.211","112,882,400","-1,094,492.636","-119,860,400","-1,626,199.631","-8,868,000","-4,125,995.488","-26,955,416.565","-6,113,383.975","-561,600","-4,953,200","-2,028,800","483,600","-2,326,355.487","831,600","2,410,007.116","-1,585,907.162","-17,468,600.48","-2,928,491.454","2,269,114.619","1,967,848.417","-2,653,094.864","3,043,163.986","3,457,011.383","4,939,027.826","2,934,827.814","9,961,403.939","5,121,650.307","33,372,591.806","2,562,879.072","2,676,673.866","-3,071,296.296","2,045,454.545","-491,830.847","2,300,000","2,108,898.305","2,480,184.332","0","2,233,431.085","2,080,000","1,960,000","0","1,640,000","1,680,000","1,800,000","0","1,720,000","933,333.333","266,666.667","0","0","1,000,000","461,240.31","720,000","90,517.241","-237,704.918","257,258.065","108,614.232","116,379.31","400,000","300,000","0","200,000","87,500","63,333.333","44,444.444","110,526.316","141,176.471","83,333.333","2,000,000","1,800,000","0","0","0","0","0","0","0","0","0","0","0","0","0","0","0","0"