name,ttm,12/31/2021,09/30/2021,06/30/2021,03/31/2021,12/31/2020,09/30/2020,06/30/2020,03/31/2020,12/31/2019,09/30/2019,06/30/2019,03/31/2019,12/31/2018,09/30/2018,06/30/2018,03/31/2018,12/31/2017,09/30/2017,06/30/2017,03/31/2017,12/31/2016,09/30/2016,06/30/2016,03/31/2016,12/31/2015,09/30/2015,06/30/2015,03/31/2015,12/31/2014,09/30/2014,06/30/2014,03/31/2014,12/31/2013,09/30/2013,06/30/2013,03/31/2013,12/31/2012,09/30/2012,06/30/2012,03/31/2012,12/31/2011,09/30/2011,06/30/2011,03/31/2011,12/31/2010,09/30/2010,06/30/2010,03/31/2010,12/31/2009,09/30/2009,06/30/2009,03/31/2009,12/31/2008,09/30/2008,06/30/2008,03/31/2008,12/31/2007,09/30/2007,06/30/2007,03/31/2007,12/31/2006,09/30/2006,06/30/2006,03/31/2006,12/31/2005,09/30/2005,06/30/2005,03/31/2005,12/31/2004,09/30/2004,06/30/2004,03/31/2004,12/31/2003,09/30/2003,06/30/2003,03/31/2003,12/31/2002,09/30/2002,06/30/2002,03/31/2002,12/31/2001,09/30/2001,06/30/2001,03/31/2001,12/31/2000,09/30/2000,06/30/2000,03/31/2000,12/31/1999,09/30/1999,06/30/1999,03/31/1999,12/31/1998,09/30/1998,06/30/1998,03/31/1998,12/31/1997,09/30/1997,06/30/1997,03/31/1997,12/31/1996,09/30/1996,06/30/1996,03/31/1996,12/31/1995,09/30/1995,06/30/1995,03/31/1995,12/31/1994,09/30/1994,06/30/1994,03/31/1994,12/31/1993,09/30/1993,06/30/1993,03/31/1993,12/31/1992,09/30/1992,06/30/1992,03/31/1992,12/31/1991,09/30/1991,06/30/1991,03/31/1991,12/31/1990,09/30/1990,06/30/1990,03/31/1990,12/31/1989,09/30/1989,06/30/1989,03/31/1989,12/31/1988,09/30/1988,06/30/1988,03/31/1988,12/31/1987,09/30/1987,06/30/1987,03/31/1987,12/31/1986,09/30/1986,06/30/1986,03/31/1986,12/31/1985,09/30/1985
TotalRevenue,"2,922,545,000","732,769,000","747,049,000","715,931,000","726,796,000","789,839,000","647,263,000","536,880,000","571,644,000","624,428,000","560,633,000","572,619,000","553,979,000","616,847,000","545,138,000","575,911,000","551,519,000","620,433,000","535,003,000","504,666,000","500,051,000","571,453,000","508,745,000","516,777,000","471,197,000","570,557,000","469,961,000","506,102,000","472,821,000","598,224,000","530,644,000","536,832,000","509,344,000","602,635,000","505,066,000","525,321,000","499,672,000","573,839,000","498,697,000","510,422,000","486,277,000","550,238,000","516,514,000","521,656,000","485,121,000","533,720,000","471,502,000","467,662,000","454,234,000","495,073,000","461,055,000","427,183,000","400,933,000","447,965,000","441,842,000","452,361,000","422,197,000","459,688,000","339,742,000","339,114,000","322,508,000","343,081,000","304,764,000","317,747,000","308,338,000","307,287,000","283,225,000","291,302,000","299,171,000","307,868,000","258,849,000","260,546,000","266,645,000","266,202,000","247,704,000","243,507,000","245,969,000","243,000,000","224,878,000","214,660,000","210,182,000","233,383,000","186,104,000","195,354,000","202,668,000","183,025,000","174,086,000","185,087,000","183,686,000","194,400,000","113,500,000","115,800,000","125,700,000","118,800,000","99,000,000","107,900,000","116,200,000","115,800,000","99,500,000","105,800,000","105,900,000","114,000,000","96,600,000","100,000,000","108,300,000","107,900,000","92,900,000","97,900,000","97,900,000","96,700,000","83,800,000","85,100,000","89,700,000","87,300,000","78,900,000","81,800,000","80,500,000","88,100,000","78,600,000","80,000,000","83,600,000","82,400,000","75,100,000","76,500,000","76,700,000","80,300,000","69,500,000","68,800,000","68,100,000","64,800,000","55,100,000","60,000,000","56,300,000","53,300,000","46,200,000","49,000,000","50,500,000","44,100,000","39,000,000","38,900,000","37,500,000","34,000,000","31,100,000","31,400,000","30,000,000","27,200,000","25,400,000"
	OperatingRevenue,"2,922,545,000","732,769,000","747,049,000","715,931,000","726,796,000","789,839,000","647,263,000","536,880,000","571,644,000","624,428,000","560,633,000","572,619,000","553,979,000","616,847,000","545,138,000","575,911,000","551,519,000","620,433,000","535,003,000","504,666,000","500,051,000","571,453,000","508,745,000","516,777,000","471,197,000","570,557,000","469,961,000","506,102,000","472,821,000","598,224,000","530,644,000","536,832,000","509,344,000","602,635,000","505,066,000","525,321,000","499,672,000","573,839,000","498,697,000","510,422,000","486,277,000","550,238,000","516,514,000","521,656,000","485,121,000","533,720,000","471,502,000","467,662,000","454,234,000","495,073,000","461,055,000","427,183,000","400,933,000","447,965,000","441,842,000","452,361,000","422,197,000","459,688,000","339,742,000","339,114,000","322,508,000","343,081,000","304,764,000","317,747,000","308,338,000","307,287,000","283,225,000","291,302,000","299,171,000","307,868,000","258,849,000","260,546,000","266,645,000","266,202,000","247,704,000","243,507,000","245,969,000","243,000,000","224,878,000","214,660,000","210,182,000","233,383,000","186,104,000","195,354,000","202,668,000","183,025,000","174,086,000","185,087,000","183,686,000","194,400,000","113,500,000","115,800,000","125,700,000","118,800,000","99,000,000","107,900,000","116,200,000","115,800,000","99,500,000","105,800,000","105,900,000","114,000,000","96,600,000","100,000,000","108,300,000","107,900,000","92,900,000","97,900,000","97,900,000","96,700,000","83,800,000","85,100,000","89,700,000","87,300,000","78,900,000","81,800,000","80,500,000","88,100,000","78,600,000","80,000,000","83,600,000","82,400,000","75,100,000","76,500,000","76,700,000","80,300,000","69,500,000","68,800,000","68,100,000","64,800,000","55,100,000","60,000,000","56,300,000","53,300,000","46,200,000","49,000,000","50,500,000","44,100,000","39,000,000","38,900,000","37,500,000","34,000,000","31,100,000","31,400,000","30,000,000","27,200,000","25,400,000"
CostOfRevenue,"1,281,884,000","331,768,000","309,614,000","314,333,000","326,169,000","329,684,000","279,952,000","243,892,000","254,276,000","293,989,000","253,607,000","264,850,000","242,217,000","284,282,000","258,422,000","274,244,000","249,316,000","280,840,000","230,483,000","231,367,000","230,064,000","257,096,000","229,276,000","236,545,000","207,168,000","262,042,000","206,509,000","226,505,000","202,715,000","280,814,000","242,068,000","239,590,000","234,055,000","279,886,000","220,850,000","225,220,000","228,260,000","259,693,000","225,187,000","222,522,000","207,695,000","239,272,000","220,338,000","228,520,000","207,510,000","233,997,000","205,172,000","199,354,000","197,107,000","226,604,000","200,545,000","185,221,000","172,031,000","201,289,000","201,300,000","203,940,000","195,314,000","226,055,000","151,385,000","149,123,000","143,127,000","157,524,000","137,975,000","133,085,000","132,810,000","144,662,000","126,413,000","130,659,000","132,765,000","139,533,000","116,036,000","110,885,000","115,866,000","117,350,000","110,281,000","107,103,000","103,256,000","106,155,000","95,852,000","92,386,000","88,842,000","99,482,000","79,918,000","85,612,000","81,016,000","74,482,000","73,386,000","76,155,000","76,032,000","86,300,000","46,100,000","45,000,000","50,300,000","50,300,000","40,300,000","43,900,000","47,000,000","47,600,000","40,600,000","42,200,000","39,500,000","47,000,000","36,400,000","37,800,000","42,800,000","44,300,000","36,000,000","37,300,000","37,600,000","39,200,000","32,100,000","32,600,000","35,100,000","38,000,000","32,700,000","32,800,000","30,800,000","34,800,000","30,100,000","29,200,000","30,500,000","33,200,000","29,100,000","30,800,000","29,000,000","32,600,000","28,300,000","25,900,000","26,500,000","27,000,000","21,900,000","24,600,000",,,,,,,,,,,,,,,
GrossProfit,"1,640,661,000","401,001,000","437,435,000","401,598,000","400,627,000","460,155,000","367,311,000","292,988,000","317,368,000","330,439,000","307,026,000","307,769,000","311,762,000","332,565,000","286,716,000","301,667,000","302,203,000","339,593,000","304,520,000","273,299,000","269,987,000","314,357,000","279,469,000","280,232,000","264,029,000","308,515,000","263,452,000","279,597,000","270,106,000","317,410,000","288,576,000","297,242,000","275,289,000","322,749,000","284,216,000","300,101,000","271,412,000","314,146,000","273,510,000","287,900,000","278,582,000","310,966,000","296,176,000","293,136,000","277,611,000","299,723,000","266,330,000","268,308,000","257,127,000","268,469,000","260,510,000","241,962,000","228,902,000","246,676,000","240,542,000","248,421,000","226,883,000","233,633,000","188,357,000","189,991,000","179,381,000","185,557,000","166,789,000","184,662,000","175,528,000","162,625,000","156,812,000","160,643,000","166,406,000","168,335,000","142,813,000","149,661,000","150,779,000","148,852,000","137,423,000","136,404,000","142,713,000","136,845,000","129,026,000","122,274,000","121,340,000","133,901,000","106,186,000","109,742,000","121,652,000","108,543,000","100,700,000","108,932,000","107,654,000","108,100,000","67,400,000","70,800,000","75,400,000","68,500,000","58,700,000","64,000,000","69,200,000","68,200,000","58,900,000","63,600,000","66,400,000","67,000,000","60,200,000","62,200,000","65,500,000","63,600,000","56,900,000","60,600,000","60,300,000","57,500,000","51,700,000","52,500,000","54,600,000","49,300,000","46,200,000","49,000,000","49,700,000","53,300,000","48,500,000","50,800,000","53,100,000","49,200,000","46,000,000","45,700,000","47,700,000","47,700,000","41,200,000","42,900,000","41,600,000","37,800,000","33,200,000","35,400,000",,,,,,,,,,,,,,,
OperatingExpense,"1,151,231,000","294,019,000","280,631,000","276,816,000","299,765,000","284,913,000","257,711,000","241,246,000","242,995,000","271,234,000","249,566,000","251,379,000","255,156,000","267,106,000","250,441,000","257,875,000","258,557,000","281,024,000","258,141,000","275,650,000","244,428,000","275,203,000","251,376,000","257,707,000","238,302,000","249,032,000","230,781,000","239,392,000","235,757,000","266,824,000","255,336,000","251,555,000","254,818,000","270,432,000","255,158,000","248,555,000","237,858,000","248,852,000","209,278,000","214,592,000","224,216,000","225,036,000","222,254,000","224,950,000","210,493,000","221,939,000","191,528,000","200,132,000","193,880,000","208,372,000","193,139,000","186,077,000","177,465,000","195,617,000","189,348,000","188,713,000","177,144,000","202,845,000","150,832,000","154,305,000","140,531,000","155,789,000","136,938,000","141,437,000","128,161,000","140,735,000","131,411,000","132,721,000","126,321,000","142,710,000","116,764,000","115,744,000","114,616,000","115,196,000","104,130,000","101,757,000","98,547,000","103,438,000","93,403,000","89,292,000","85,898,000","99,456,000","85,628,000","83,042,000","81,027,000","93,638,000","85,464,000","90,683,000","89,277,000","95,800,000","60,400,000","58,300,000","58,700,000","59,700,000","56,300,000","57,200,000","56,100,000","63,100,000","55,000,000","56,500,000","55,700,000","58,000,000","51,300,000","52,200,000","51,400,000","53,900,000","48,800,000","51,500,000","47,600,000","48,400,000","44,400,000","43,500,000","43,300,000","48,500,000","44,400,000","46,300,000","44,700,000","48,700,000","45,300,000","53,900,000","43,200,000","45,500,000","40,800,000","40,800,000","39,400,000","39,600,000","37,000,000","37,900,000","34,500,000","33,200,000","29,500,000","29,500,000",,,,,,,,,,,,,,,
	SellingGeneralAndAdministration,"879,574,000","224,146,000","216,150,000","213,425,000","225,853,000","219,148,000","198,165,000","189,262,000","193,692,000","214,165,000","201,622,000","201,257,000","207,581,000","214,032,000","201,196,000","210,425,000","209,130,000","204,206,000","196,769,000","213,027,000","194,940,000","220,020,000","201,452,000","205,536,000","189,716,000","193,145,000","187,445,000","192,845,000","188,555,000","207,537,000","202,550,000","195,838,000","202,275,000","214,584,000","202,238,000","195,331,000","185,917,000","189,075,000","160,274,000","162,256,000","171,293,000","174,924,000","176,867,000","176,740,000","167,763,000","176,672,000","148,654,000","156,270,000","153,617,000","163,862,000","153,623,000","143,670,000","140,313,000","154,497,000","150,518,000","146,634,000","139,655,000","162,990,000","117,687,000","119,551,000","107,750,000","122,463,000","105,950,000","110,466,000","100,070,000","109,626,000","102,738,000","104,222,000","99,498,000","110,825,000","90,183,000","90,199,000","88,492,000","88,819,000","80,356,000","79,026,000","77,159,000","80,538,000","73,415,000","69,486,000","65,657,000","77,467,000","67,203,000","65,341,000","62,599,000","66,242,000","58,388,000","62,265,000","60,718,000","66,100,000","43,600,000","41,800,000","43,000,000","43,400,000","41,000,000","41,500,000","41,100,000","43,600,000","39,900,000","40,500,000","40,700,000","41,700,000","37,300,000","38,700,000","37,800,000","40,200,000","36,300,000","38,900,000","35,000,000","35,700,000","33,000,000","32,200,000","31,700,000","44,200,000","40,000,000","41,900,000","41,200,000","44,900,000","41,900,000","50,800,000","40,000,000","41,700,000","37,800,000","38,100,000","36,800,000","36,800,000","34,400,000","35,300,000","32,200,000","31,100,000","27,400,000","27,600,000",,,,,,,,,,,,,,,
	ResearchAndDevelopment,"271,657,000","69,873,000","64,481,000","63,391,000","73,912,000","65,765,000","59,546,000","51,984,000","49,303,000","57,069,000","47,944,000","50,122,000","47,575,000","53,074,000","49,245,000","47,450,000","49,427,000","76,818,000","61,372,000","62,623,000","49,488,000","55,183,000","49,924,000","52,171,000","48,586,000","55,887,000","43,336,000","46,547,000","47,202,000","59,287,000","52,786,000","55,717,000","52,543,000","55,848,000","52,920,000","53,224,000","51,941,000","59,777,000","49,004,000","52,336,000","52,923,000","50,112,000","45,387,000","48,210,000","42,730,000","45,267,000","42,874,000","43,862,000","40,263,000","44,510,000","39,516,000","42,407,000","37,152,000","41,120,000","38,830,000","42,079,000","37,489,000","39,855,000","33,145,000","34,754,000","32,781,000","33,326,000","30,988,000","30,971,000","28,091,000","31,109,000","28,673,000","28,499,000","26,823,000","31,885,000","26,581,000","25,545,000","26,124,000","26,377,000","23,774,000","22,731,000","21,388,000","22,900,000","19,988,000","19,806,000","20,241,000","21,989,000","18,425,000","17,701,000","18,428,000","16,517,000","16,372,000","17,380,000","17,871,000","18,800,000","11,000,000","10,900,000","10,500,000","10,600,000","10,200,000","10,600,000","9,900,000","13,100,000","11,000,000","11,200,000","10,800,000","10,600,000","9,700,000","9,600,000","9,600,000","9,300,000","8,500,000","8,500,000","8,400,000","8,300,000","7,300,000","7,300,000","7,300,000",,,,,,,,,,,,,,,,,,,,,,,,,,,,,,,,,,
	DepreciationAmortizationDepletionIncomeStatement,,,,,,,,,,,,,,,,,,,,,,,,,,,,,,,,,,,,,,,,,,,,,,,,,,,,,,,,,,,,,,,,,,,,,,,,,,,,,,,,,,,,,"10,302,000","10,879,000","10,704,000","11,038,000","10,688,000","10,900,000","5,800,000","5,600,000","5,200,000","5,700,000","5,100,000","5,100,000","5,100,000","6,400,000","4,100,000","4,800,000","4,200,000","5,700,000","4,300,000","3,900,000","4,000,000","4,400,000","4,000,000","4,100,000","4,200,000","4,400,000","4,100,000","4,000,000","4,300,000","4,300,000","4,400,000","4,400,000","3,500,000","3,800,000","3,400,000","3,100,000","3,200,000","3,800,000","3,000,000","2,700,000","2,600,000","2,800,000","2,600,000","2,600,000","2,300,000","2,100,000","2,100,000","1,900,000",,,,,,,,,,,,,,,
		DepreciationAndAmortizationInIncomeStatement,,,,,,,,,,,,,,,,,,,,,,,,,,,,,,,,,,,,,,,,,,,,,,,,,,,,,,,,,,,,,,,,,,,,,,,,,,,,,,,,,,,,,"10,302,000","10,879,000","10,704,000","11,038,000","10,688,000","10,900,000","5,800,000","5,600,000","5,200,000","5,700,000","5,100,000","5,100,000","5,100,000","6,400,000","4,100,000","4,800,000","4,200,000","5,700,000","4,300,000","3,900,000","4,000,000","4,400,000","4,000,000","4,100,000","4,200,000","4,400,000","4,100,000","4,000,000","4,300,000","4,300,000","4,400,000","4,400,000","3,500,000","3,800,000","3,400,000","3,100,000","3,200,000","3,800,000","3,000,000","2,700,000","2,600,000","2,800,000","2,600,000","2,600,000","2,300,000","2,100,000","2,100,000","1,900,000",,,,,,,,,,,,,,,
	OtherOperatingExpenses,,,,,,,,,,,,,,,,,,,,,,,,,,,,,,,,,,,,,,,,,,,,,,,,,,,,,,,,,,,,,,,,,,,,,,,,,,,,,,,,,,,,,"-10,302,000",,,,,,,,,,,,,,,,,,,,,,,,,,,,,,,,,,,,,,,,,,,,,,,,,,,,,,,,,,,,,,
OperatingIncome,"489,430,000","106,982,000","156,804,000","124,782,000","100,862,000","175,242,000","109,600,000","51,742,000","74,373,000","59,205,000","57,460,000","56,390,000","56,606,000","65,459,000","36,275,000","43,792,000","43,646,000","58,569,000","46,379,000","-2,351,000","25,559,000","39,154,000","28,093,000","22,525,000","25,727,000","59,483,000","32,671,000","40,205,000","34,349,000","50,586,000","33,240,000","45,687,000","20,471,000","52,317,000","29,058,000","51,546,000","33,554,000","65,294,000","64,232,000","73,308,000","54,366,000","85,930,000","73,922,000","68,186,000","67,118,000","77,784,000","74,802,000","68,176,000","63,247,000","60,097,000","67,371,000","55,885,000","51,437,000","51,059,000","51,194,000","59,708,000","49,739,000","30,788,000","37,525,000","35,686,000","38,850,000","29,768,000","29,851,000","43,225,000","47,367,000","21,890,000","25,401,000","27,922,000","40,085,000","25,625,000","26,049,000","33,917,000","36,163,000","33,656,000","33,293,000","34,647,000","44,166,000","33,407,000","35,623,000","32,982,000","35,442,000","34,445,000","20,558,000","26,700,000","40,625,000","14,905,000","15,236,000","18,249,000","18,377,000","12,300,000","7,000,000","12,500,000","16,700,000","8,800,000","2,400,000","6,800,000","13,100,000","5,100,000","3,900,000","7,100,000","10,700,000","9,000,000","8,900,000","10,000,000","14,100,000","9,700,000","8,100,000","9,100,000","12,700,000","9,100,000","7,300,000","9,000,000","11,300,000","800,000","1,800,000","2,700,000","5,000,000","4,600,000","3,200,000","-3,100,000","9,900,000","3,700,000","5,200,000","4,900,000","8,300,000","8,100,000","4,200,000","5,000,000","7,100,000","4,600,000","3,700,000","5,900,000","56,300,000","-125,800,000","46,200,000","49,000,000","50,500,000","-99,000,000","39,000,000","38,900,000","37,500,000","-80,700,000","31,100,000","31,400,000","30,000,000","-66,400,000","25,400,000"
NetNonOperatingInterestIncomeExpense,"17,349,000","-164,000","-726,000","337,000","-398,000","13,497,000","-5,728,000","4,260,000","-2,890,000","-2,964,000","-1,425,000","-2,041,000","13,514,000","-439,000","-3,464,000","10,223,000","-3,682,000","-706,000","-4,397,000","6,230,000","-3,941,000","-3,596,000","-4,334,000","4,968,000","-4,380,000","-4,634,000","-5,122,000","2,266,000","-4,102,000","-1,500,000","-6,910,000","2,936,000","-3,157,000","-3,819,000","-30,511,000","-3,864,000","-9,677,000","-2,214,000","-11,901,000","-12,401,000","-13,196,000","-11,987,000","-12,341,000","-12,041,000","-16,766,000","-20,548,000","-14,400,000","-14,325,000","-14,444,000","-14,363,000","-14,487,000","-10,367,000","-7,807,000",,,,,,,,,,,,,,,,,,,,,,,,,,,,,,,,,,,,,,,,,,,,,,,,,,,,,,,,,,,,,,,,,,,,,,,,,,,,,,,,,,,,,,,,,,,,,,
	InterestIncomeNonOperating,"18,900,000","200,000",,"700,000",,,,"10,000,000","2,800,000","3,100,000","4,100,000","3,800,000","19,500,000","5,700,000","2,600,000","16,200,000","2,100,000","4,800,000","1,200,000","12,000,000","1,100,000","1,500,000","1,300,000","10,600,000","1,200,000","1,400,000","700,000","7,100,000","900,000","3,500,000","800,000","8,500,000","700,000","3,200,000","1,100,000","7,800,000","1,300,000",,,,,,,,,,,,,,,,,,,,,,,,,,,,,,,,,,,,,,,,,,,,,,,,,,,,,,,,,,,,,,,,,,,,,,,,,,,,,,,,,,,,,,,,,,,,,,,,,,,,,,,,,,,,,,
	InterestExpenseNonOperating,"1,551,000","364,000","726,000","363,000","398,000","4,703,000","5,728,000","5,740,000","5,690,000","6,064,000","5,525,000","5,841,000","5,986,000","6,139,000","6,064,000","5,977,000","5,782,000","5,506,000","5,597,000","5,770,000","5,041,000","5,096,000","5,634,000","5,632,000","5,580,000","6,034,000","5,822,000","4,834,000","5,002,000","5,000,000","7,710,000","5,564,000","3,857,000","7,019,000","31,611,000","11,664,000","10,977,000","13,614,000","11,901,000","12,401,000","13,196,000","11,987,000","12,341,000","12,041,000","16,766,000","20,548,000","14,400,000","14,325,000","14,444,000","14,363,000","14,487,000","10,367,000","7,807,000",,,,,,,,,,,,,,,,,,,,,,,,,,,,,,,,,,,,,,,,,,,,,,,,,,,,,,,,,,,,,,,,,,,,,,,,,,,,,,,,,,,,,,,,,,,,,,
OtherIncomeExpense,"4,931,395,000","-2,144,816,000","4,866,127,000","1,031,652,000","1,196,739,000","889,806,000","1,580,589,000","1,189,914,000","827,243,000","644,054,000","-391,218,000","715,256,000","1,057,150,000","-1,102,172,000","317,335,000","286,113,000","823,680,000","-20,166,000","-3,163,000","-2,716,000","-1,489,000","-63,671,000","-1,110,000","-637,000","-1,129,000","-639,000","-2,166,000","-2,938,000","-3,506,000","-3,387,000","-3,867,000","186,000","-2,737,000","-3,943,000","-3,730,000","-65,000","-1,428,000","-5,724,000","1,063,000","5,112,000","5,009,000","-34,000","-5,808,000","1,674,000","-2,091,000","-35,000","-2,493,000","1,503,000","1,016,000","-3,641,000","-1,664,000","3,756,000","-385,000","-39,015,000","432,000","4,239,000","-2,400,000","-10,181,000","5,430,000","7,893,000","6,458,000","1,988,000","10,807,000","6,512,000","4,531,000","-4,614,000","3,603,000","5,611,000","6,115,000","7,015,000","-11,937,000","321,000","-418,000","-241,000","-988,000","326,000","-165,000","1,390,000","-2,382,000","-1,570,000","-2,280,000","-7,126,000","-3,301,000","-2,410,000","-10,132,000","3,983,000","13,555,000","-2,985,000","-5,265,000","-18,700,000","-300,000","-700,000","-600,000","900,000","1,300,000","4,400,000",,"-2,800,000","-100,000","200,000","100,000","-3,200,000","900,000","800,000","-500,000","-600,000","-1,100,000","700,000","-700,000","-1,400,000","-800,000","-2,800,000","-1,600,000","-100,000","500,000","-200,000","2,600,000","0","3,200,000","20,500,000","-1,300,000","1,300,000","-700,000","-900,000","-600,000","-400,000",,"200,000","200,000","1,300,000","-100,000","-100,000",,,,,,,,,,,,,,,
	GainOnSaleOfSecurity,"4,931,495,000","-2,146,816,000","4,866,427,000","1,032,452,000","1,179,332,000","906,023,000","1,579,574,000","1,182,914,000","827,143,000","648,454,000","-391,318,000","715,156,000","1,057,950,000","-813,159,000","317,235,000","286,313,000","814,580,000","-1,660,000","-3,163,000","-2,716,000","-1,489,000","-766,000","-1,110,000","-637,000","-1,129,000","-39,000","-2,166,000","-2,938,000","-3,506,000","-3,187,000","-3,667,000","286,000","-2,737,000","-2,943,000","-3,830,000","-865,000","-1,328,000","7,168,000","-448,000","-1,619,000","-1,441,000","-1,710,000","-6,346,000","-2,744,000",,,,,,,,,,,,,,,,,,,,,,,,,,,,,,,,,,,,,,,,,,,,,,,,,,,,,,,,,,,,,,,,,,,,,,,,,,,,,,,,,,,,,,,,,,,,,,,,,,,,,,,
	SpecialIncomeCharges,"-800,000","0","0","0",,,,"7,100,000",,"-4,200,000","0","0","-1,600,000","-289,213,000","0",,"9,200,000","-18,506,000","0","0",,"-59,945,000",,,,,,,,,,,,,,,,"-11,892,000","1,511,000","6,731,000","6,450,000","1,676,000","538,000","4,418,000","-2,091,000","3,849,000","-2,493,000","1,503,000","1,016,000","1,362,000","-1,664,000","3,756,000","-385,000","-31,381,000","432,000","4,239,000","-2,400,000","-10,181,000","5,430,000","7,893,000","6,458,000","1,988,000","10,807,000","6,512,000","4,531,000","-4,614,000","3,603,000","5,611,000","6,115,000","7,015,000","-11,937,000","321,000","-418,000","-241,000","-988,000","326,000","-165,000","1,390,000","-2,382,000","-1,570,000","-2,280,000","-7,126,000","-3,301,000","-2,410,000","-10,132,000","3,983,000","13,555,000","-2,985,000","-5,265,000","-18,700,000","-300,000","-700,000","-600,000","900,000","1,300,000","4,400,000",,"-2,800,000","-100,000","200,000","100,000","-3,200,000","900,000","800,000","-500,000","-600,000","-1,100,000","700,000","-700,000","-1,400,000","-800,000","-2,800,000","-1,600,000","-100,000","500,000","-200,000","2,600,000","0","3,200,000","20,500,000","-1,300,000","1,300,000","-700,000","-900,000","-600,000","-400,000",,"200,000","200,000","1,300,000","-100,000","-100,000",,,,,,,,,,,,,,,
		ImpairmentOfCapitalAssets,,,,,,,,,,"0",,,,"300,513,000",,,,"11,506,000","0","0",,"59,945,000",,,,,,,,,,,,,,,,,,,,,,,,,,,,,,,,,,,,,,,,,,,,,,,,,,,,,,,,,,,,,,,,,,,,,,,,,,,,,,,,,,,,,,,,,,,,,,,,,,,,,,,,,,,,,,,,,,,,,,,,,,,,,
		WriteOff,"800,000","0","0","0",,,,"4,600,000",,"4,200,000","0","0","1,600,000",,,,,,,,,,,,,,,,,,,,,,,,,,,,,,,,,,,,,,,,,,,,,,,,,,,,,,,,,,,,,,,,,,,,,,,,,,,,,,,,,,,,,,,,,,,,,,,,,,,,,,,,,,,,,,,,,,,,,,,,,,,,,,,,,,,,,,
		GainOnSaleOfBusiness,"0","0","0","0",,,,"11,700,000",,"0","0","0","0","0","0",,"5,100,000",,,,,,,,,,,,,,,,,,,,,,,,,,,,,,,,,,,,,,,,,,,,,,,,,,,,,,,,,,,,,,,,,,,,,,,,,,,,,,,,,,,,,,,,,,,,,,,,,,,,,,,,,,,,,,,,,,,,,,,,,,,,,,,,,,
		GainOnSaleOfPPE,,,,,,,,,,"0","0","0","0",,,,"4,100,000",,,,,,,,,,,,,,,,,,,,,,,,,,,,,,,,,,,,,,,,,,,,,,,,,,,,,,,,,,,,,,,,,,,,,,,,,,,,,,,,,,,,,,,,,,,,,,,,,,,,,,,,,,,,,,,,,,,,,,,,,,,,,,,,,,
	OtherNonOperatingIncomeExpenses,"700,000","2,000,000","-300,000","-800,000","17,407,000","-23,317,000","1,015,000","-100,000","100,000","-200,000","100,000","100,000","800,000","7,005,000","100,000","-200,000","-100,000","-2,414,000","1,436,000","11,757,000","1,418,000","1,026,000",,"11,208,000","1,177,000","2,088,000","732,000",,"1,153,000","600,000","-200,000","-100,000","661,000","-200,000","100,000","800,000","-100,000","7,086,000",,,,,,,,,,,,,,,,,,,,,,,,,,,,,,,,,,,,,,,,,,,,,,,,,,,,,,,,,,,,,,,,,,,,,,,,,,,,,,,,,,,,,,,,,,,,,,,,,,,,,,,,,,,,,
PretaxIncome,"5,438,149,000","-2,038,055,000","5,022,226,000","1,156,775,000","1,297,203,000","1,078,533,000","1,684,461,000","1,245,945,000","898,699,000","699,430,000","-335,216,000","769,601,000","1,127,266,000","-1,041,247,000","350,131,000","340,086,000","863,689,000","37,683,000","38,855,000","1,120,000","20,147,000","-28,187,000","22,688,000","26,864,000","20,195,000","54,198,000","25,415,000","39,540,000","26,694,000","45,746,000","22,476,000","48,797,000","14,538,000","44,510,000","-5,216,000","47,661,000","22,449,000","57,339,000","53,394,000","66,019,000","46,179,000","73,909,000","55,773,000","57,819,000","48,261,000","57,201,000","57,909,000","55,354,000","49,819,000","42,093,000","51,220,000","49,274,000","43,245,000","4,059,000","43,446,000","55,956,000","39,382,000","12,584,000","35,108,000","35,712,000","37,439,000","23,845,000","32,446,000","41,857,000","43,879,000","9,005,000","20,794,000","25,489,000","38,083,000","27,385,000","9,117,000","29,319,000","30,695,000","28,643,000","14,418,000","31,277,000","39,350,000","24,987,000","26,380,000","25,430,000","27,608,000","21,831,000","11,186,000","18,350,000","13,602,000","12,189,000","21,446,000","7,462,000","4,346,000","-15,700,000","6,000,000","11,100,000","15,100,000","9,000,000","2,700,000","10,100,000","12,400,000","2,000,000","3,600,000","6,800,000","10,400,000","4,900,000","8,900,000","10,000,000","12,700,000","8,300,000","5,900,000","8,700,000","10,800,000","6,500,000","5,000,000","4,700,000","7,800,000","-1,300,000","200,000","400,000","5,400,000","2,500,000","3,900,000","15,000,000","6,200,000","2,700,000","2,700,000","2,300,000","5,800,000","5,500,000","2,600,000","3,500,000","5,700,000","4,200,000","2,200,000","4,300,000",,,,,,,,,,,,,,,
TaxProvision,"1,192,247,000","-464,396,000","1,094,193,000","242,661,000","319,789,000","239,431,000","369,637,000","279,516,000","212,787,000","145,944,000","-76,400,000","170,791,000","262,071,000","-212,718,000","80,805,000","72,043,000","206,915,000","-39,725,000","11,462,000","-3,915,000","7,734,000","-7,617,000","4,283,000","8,850,000","7,919,000","4,716,000","8,045,000","11,117,000","8,876,000","6,709,000","10,967,000","17,166,000","7,870,000","14,374,000","1,883,000","12,987,000","2,929,000","15,372,000","11,023,000","17,454,000","15,235,000","14,708,000","9,911,000","17,797,000","15,323,000","-10,736,000","12,824,000","16,833,000","14,427,000","3,571,000","11,920,000","9,974,000","11,202,000","10,567,000","12,557,000","10,632,000","10,823,000","-1,072,000","7,137,000","10,041,000","10,442,000","7,196,000","9,296,000","9,591,000","12,681,000","-4,447,000","4,575,000","7,101,000","8,563,000","10,274,000","2,827,000","9,048,000","8,717,000","9,452,000","4,758,000","10,321,000","12,986,000","8,746,000","9,763,000","9,198,000","8,835,000","4,829,000","4,139,000","6,789,000","5,033,000","2,327,000","7,527,000","2,388,000","1,391,000","-4,500,000","1,700,000","3,200,000","4,300,000","2,600,000","800,000","2,900,000","3,600,000","600,000","1,000,000","1,900,000","2,900,000","1,200,000","2,200,000","2,500,000","3,200,000","2,100,000","1,500,000","2,200,000","2,700,000","2,300,000","1,100,000","1,900,000","3,100,000","-500,000","100,000","200,000","2,200,000","1,100,000","1,700,000","6,500,000","2,700,000","1,200,000","1,000,000","900,000","2,200,000","2,100,000","1,000,000","1,400,000","2,100,000","1,400,000","800,000","1,600,000",,,,,,,,,,,,,,,
NetIncomeCommonStockholders,"4,245,902,000","-1,573,659,000","3,928,033,000","914,114,000","977,414,000","839,102,000","1,314,824,000","966,429,000","685,912,000","553,486,000","-258,816,000","598,810,000","865,195,000","-828,529,000","269,326,000","268,043,000","656,774,000","77,408,000","27,393,000","5,035,000","12,413,000","-20,570,000","18,405,000","18,014,000","12,276,000","49,482,000","17,370,000","28,423,000","17,818,000","39,037,000","11,509,000","31,631,000","6,668,000","30,136,000","-7,099,000","34,674,000","19,499,000","42,046,000","42,384,000","48,343,000","31,005,000","59,239,000","45,897,000","40,048,000","33,039,000","67,908,000","44,764,000","37,957,000","34,861,000","37,862,000","38,524,000","37,969,000","30,265,000","-8,216,000","27,833,000","43,398,000","26,495,000","12,355,000","27,971,000","25,671,000","26,997,000","16,649,000","23,150,000","32,266,000","31,198,000","13,452,000","16,219,000","18,388,000","33,494,000","17,111,000","6,290,000","22,863,000","21,978,000","19,191,000","9,660,000","20,956,000","26,364,000","16,241,000","16,617,000","16,232,000","18,773,000","17,002,000","7,047,000","11,561,000","8,569,000","9,152,000","13,919,000","5,074,000","2,955,000","-11,200,000","4,300,000","7,900,000","10,800,000","6,400,000","1,900,000","7,200,000","8,800,000","1,400,000","2,600,000","4,900,000","7,500,000","2,500,000","6,700,000","7,500,000","9,500,000","6,200,000","4,400,000","6,500,000","8,100,000","4,200,000","3,900,000","2,800,000","4,700,000","-800,000","100,000","200,000","3,200,000","1,400,000","2,200,000","8,500,000","3,500,000","1,500,000","1,700,000","1,400,000","3,600,000","3,400,000","1,600,000","2,100,000","3,600,000","2,800,000","1,400,000","2,700,000",,,,,,,,,,,,,,,
	NetIncome,"4,245,902,000","-1,573,659,000","3,928,033,000","914,114,000","977,414,000","839,102,000","1,314,824,000","966,429,000","685,912,000","553,486,000","-258,816,000","598,810,000","865,195,000","-828,529,000","269,326,000","268,043,000","656,774,000","77,408,000","27,393,000","5,035,000","12,413,000","-20,570,000","18,405,000","18,014,000","12,276,000","49,482,000","17,370,000","28,423,000","17,818,000","39,037,000","11,509,000","31,631,000","6,668,000","30,136,000","-7,099,000","34,674,000","19,499,000","42,046,000","42,384,000","48,343,000","31,005,000","59,239,000","45,897,000","40,048,000","33,039,000","67,908,000","44,764,000","37,957,000","34,861,000","37,862,000","38,524,000","37,969,000","30,265,000","-8,216,000","27,833,000","43,398,000","26,495,000","12,355,000","27,971,000","25,671,000","26,997,000","16,649,000","23,150,000","32,266,000","31,198,000","13,452,000","16,219,000","18,388,000","33,494,000","17,111,000","6,290,000","22,863,000","21,978,000","19,191,000","9,660,000","20,956,000","26,364,000","16,241,000","16,617,000","16,232,000","18,773,000","17,002,000","7,047,000","11,561,000","8,569,000","9,152,000","13,919,000","5,074,000","2,955,000","-11,200,000","4,300,000","7,900,000","10,800,000","6,400,000","1,900,000","7,200,000","8,800,000","1,400,000","2,600,000","4,900,000","7,500,000","2,500,000","6,700,000","7,500,000","9,500,000","6,200,000","4,400,000","6,500,000","8,100,000","4,200,000","3,900,000","2,800,000","4,700,000","-800,000","100,000","200,000","3,200,000","1,400,000","2,200,000","8,500,000","3,500,000","1,500,000","1,700,000","1,400,000","3,600,000","3,400,000","1,600,000","2,100,000","3,600,000","2,800,000","1,400,000","2,700,000",,,,,,,,,,,,,,,
		NetIncomeIncludingNoncontrollingInterests,"4,245,902,000","-1,573,659,000","3,928,033,000","914,114,000","977,414,000","839,102,000","1,314,824,000","966,429,000","685,912,000","553,486,000","-258,816,000","598,810,000","865,195,000","-828,529,000","269,326,000","268,043,000","656,774,000","77,408,000","27,393,000","5,035,000","12,413,000","-20,570,000","18,405,000","18,014,000","12,276,000","49,482,000","17,370,000","28,423,000","17,818,000","39,037,000","11,509,000","31,631,000","6,668,000","30,136,000","-7,099,000","34,674,000","19,520,000","41,967,000","42,371,000","48,565,000","30,944,000","59,201,000","45,862,000","40,022,000","32,938,000","67,937,000","45,085,000","38,521,000","35,392,000","38,522,000","39,300,000","39,300,000","32,043,000","-6,508,000","30,889,000","45,324,000","28,559,000","13,656,000","27,971,000","25,671,000","26,997,000","16,649,000","23,150,000","32,266,000","31,198,000","13,452,000","16,219,000","18,388,000","33,494,000","17,111,000","6,290,000","22,863,000","21,978,000","19,191,000","9,660,000","20,956,000","26,364,000","16,241,000","16,617,000","16,232,000","18,773,000","17,002,000","7,047,000","11,561,000","8,569,000","9,152,000","13,919,000","5,074,000","2,955,000","-11,200,000","4,300,000","7,900,000","10,800,000","6,400,000","1,900,000","7,200,000","8,800,000","1,400,000","2,600,000","4,900,000","7,500,000","2,500,000","6,700,000","7,500,000","9,500,000","6,200,000","4,400,000","6,500,000","8,100,000","4,200,000","3,900,000","2,800,000","4,700,000","-800,000","100,000","200,000","3,200,000","1,400,000","2,200,000","8,500,000","3,500,000","1,500,000","1,700,000","1,400,000","3,600,000","3,400,000","1,600,000","2,100,000","3,600,000","2,800,000","1,400,000","2,700,000","3,200,000","1,900,000","1,900,000","2,700,000","3,100,000","1,600,000","1,500,000","2,400,000","2,300,000","1,300,000","1,300,000","1,700,000","1,700,000","800,000","1,200,000"
			NetIncomeContinuousOperations,"4,245,902,000","-1,573,659,000","3,928,033,000","914,114,000","977,414,000","839,102,000","1,314,824,000","966,429,000","685,912,000","553,486,000","-258,816,000","598,810,000","865,195,000","-828,529,000","269,326,000","268,043,000","656,774,000","77,408,000","27,393,000","5,035,000","12,413,000","-20,570,000","18,405,000","18,014,000","12,276,000","49,482,000","17,370,000","28,423,000","17,818,000","39,037,000","11,509,000","31,631,000","6,668,000","30,136,000","-7,099,000","34,674,000","19,520,000","41,967,000","42,371,000","48,565,000","30,944,000","59,201,000","45,862,000","40,022,000","32,938,000","67,937,000","45,085,000","38,521,000","35,392,000","38,522,000","39,300,000","39,300,000","32,043,000","538,000","27,833,000","43,398,000","26,495,000","12,355,000","27,971,000","25,671,000","26,997,000","16,649,000","23,150,000","32,266,000","31,198,000","13,452,000","16,219,000","18,388,000","29,520,000","17,111,000","6,290,000","20,271,000","21,978,000","19,191,000","9,660,000","20,956,000","26,364,000","16,241,000","16,617,000","16,232,000","18,773,000","17,002,000","7,047,000","11,561,000","8,569,000","9,862,000","13,919,000","5,074,000","2,955,000","-11,200,000","4,300,000","7,900,000","10,800,000","6,400,000","1,900,000","7,200,000","8,800,000","1,400,000","2,600,000","4,900,000","7,500,000","3,700,000","6,700,000","7,500,000","9,500,000","6,200,000","4,400,000","6,500,000","8,100,000","4,200,000","3,900,000","2,800,000","4,700,000","-800,000","100,000","200,000","3,200,000","1,400,000","2,200,000","8,500,000","3,500,000","1,500,000","1,700,000","1,400,000","3,600,000","3,400,000","1,600,000","2,100,000","3,600,000","2,800,000","1,400,000","2,700,000","3,200,000","1,900,000","1,900,000","2,700,000","3,100,000","1,600,000","1,500,000","2,400,000","2,300,000","1,300,000","1,300,000","1,700,000","1,700,000","800,000","1,200,000"
			NetIncomeDiscontinuousOperations,,,,,,,,,,,,,,,,,,,,,,,,,,,,,,,,,,,,,,,,,,,,,,,,,,,,,,,,,,,,,,,,,,"0",,,"3,974,000","0",,"2,592,000",,,,,,,,,,,,,,,,,,,,,,,,,,,,,,,,,,,,,,,,,,,,,,,,,,,,,,,,,,,,,,,,,,,,,,,,,,,
		MinorityInterests,,,,,,,,,,,,,,,,,,,,,,,,,,,,,,"0","0","0","0","0","0","0","-21,000","79,000","13,000","-222,000","61,000","38,000","35,000","26,000","101,000","-29,000","-321,000","-564,000","-531,000","-660,000","-776,000","-1,331,000","-1,778,000","-1,708,000","-3,056,000","-1,926,000","-2,064,000",,,,,,,,,,,,,,,,,,,,,,,,,,,,,,,,,,,,,,,,,,,,,,,,,,,,,,,,,,,,,,,,,,,,,,,,,,,,,,,,,,,,,,,,,,
DilutedNIAvailtoComStockholders,"4,245,902,000","-1,573,659,000","3,928,033,000","914,114,000","977,414,000","839,102,000","1,314,824,000","966,429,000","685,912,000","553,486,000","-258,816,000","598,810,000","865,195,000","-828,529,000","269,326,000","268,043,000","656,774,000","77,408,000","27,393,000","5,035,000","12,413,000","-20,570,000","18,405,000","18,014,000","12,276,000","49,482,000","17,370,000","28,423,000","17,818,000","39,037,000","11,509,000","31,631,000","6,668,000","30,136,000","-7,099,000","34,674,000","19,499,000","42,046,000","42,384,000","48,343,000","31,005,000","59,239,000","45,897,000","40,048,000","33,039,000","67,908,000","44,764,000","37,957,000","34,861,000","37,862,000","38,524,000","37,969,000","30,265,000","-8,216,000","27,833,000","43,398,000","26,495,000","12,355,000","27,971,000","25,671,000","26,997,000","16,649,000","23,150,000","32,266,000","31,198,000","13,452,000","16,219,000","18,388,000","33,494,000","17,111,000","6,290,000","22,863,000","21,978,000","19,191,000","9,660,000","20,956,000","26,364,000","16,241,000","16,617,000","16,232,000","18,773,000","17,002,000","7,047,000","11,561,000","8,569,000","9,152,000","13,919,000","5,074,000","2,955,000","-11,200,000","4,300,000","7,900,000","10,800,000","6,400,000","1,900,000","7,200,000","8,800,000","1,400,000","2,600,000","4,900,000","7,500,000","2,500,000","6,700,000","7,500,000","9,500,000","6,200,000","4,400,000","6,500,000","8,100,000","4,200,000","3,900,000","2,800,000","4,700,000","-800,000","100,000","200,000","3,200,000","1,400,000","2,200,000","8,500,000","3,500,000","1,500,000","1,700,000","1,400,000","3,600,000","3,400,000","1,600,000","2,100,000","3,600,000","2,800,000","1,400,000","2,700,000",,,,,,,,,,,,,,,
BasicEPS,,"-52.59","131.75","30.71","32.77","28.13","44.24","32.59","22.97","18.5","-8.68","20.08","29.03","-27.88","9.02","8.99","22.05","2.35","0.92","0.17","0.42","-0.7","0.63","0.61","0.42","1.69","0.59","0.98","0.61","1.35","0.4","1.1","0.23","1.05","-0.25","1.22","0.68","1.67","1.5","1.71","1.1",,"1.63","1.43","1.18",,"1.62","1.37","1.27",,"1.4","1.39","1.11",,"1.03","1.61","0.99",,"1.05","0.96","1.02",,"0.88","1.22","1.19",,"0.62","0.71","1.29",,"0.24","0.89","0.86",,"0.38","0.83","1.04",,"0.66","0.65","0.75",,"0.285","0.47","0.35",,"0.57","0.21","0.12",,"0.175","0.325","0.445",,"0.08","0.29","0.355",,"0.105","0.2","0.305",,"0.275","0.305","0.385",,"0.185","0.265","0.33",,"0.16","0.115","0.195",,"0.005","0.01","0.135",,"0.095","0.355","0.145",,"0.07","0.06","0.155",,"0.065","0.085","0.155",,"0.06","0.12","0.14",,"0.085","0.115","0.135",,"0.065","0.105","0.1",,"0.06","0.08","0.085",,"0.065"
DilutedEPS,,"-52.59","129.96","30.32","32.38","27.81","43.64","32.15","22.72","18.31","-8.68","19.86","28.74","-27.88","8.89","8.87","21.77","2.32","0.91","0.17","0.41","-0.7","0.62","0.61","0.42","1.68","0.59","0.97","0.61","1.34","0.39","1.09","0.23","1.04","-0.25","1.2","0.68","1.65","1.48","1.69","1.09",,"1.61","1.41","1.16",,"1.59","1.35","1.24",,"1.38","1.37","1.1",,"1.01","1.58","0.96",,"1.03","0.95","0.99",,"0.86","1.2","1.16",,"0.61","0.69","1.26",,"0.24","0.86","0.83",,"0.37","0.8","1.01",,"0.64","0.62","0.73",,"0.275","0.455","0.34",,"0.57","0.205","0.12",,"0.175","0.325","0.445",,"0.08","0.29","0.355",,"0.105","0.195","0.3",,"0.27","0.3","0.38",,"0.185","0.265","0.33",,"0.16","0.115","0.195",,"0.005","0.01","0.135",,"0.095","0.355","0.145",,"0.07","0.06","0.155",,"0.065","0.085","0.155",,"0.06","0.12","0.14",,"0.085","0.115","0.135",,"0.065","0.105","0.1",,"0.06","0.08","0.085",,"0.065"
BasicAverageShares,,"29,922,000","29,814,000","29,764,000","29,823,000","29,833,000","29,721,000","29,652,000","29,865,000","29,924,000","29,831,000","29,814,000","29,801,000","29,878,000","29,863,000","29,814,000","29,787,000","29,765,000","29,660,000","29,613,000","29,580,000","29,552,000","29,444,000","29,398,000","29,364,000","29,321,000","29,195,000","29,136,000","29,092,000","29,000,000","28,884,000","28,826,000","28,791,000","28,708,000","28,603,000","28,538,000","28,494,000","28,394,000","28,312,000","28,250,000","28,201,000",,"28,072,000","28,014,000","27,904,000",,"27,697,000","27,606,000","27,545,000",,"27,431,000","27,370,000","27,321,000",,"27,029,000","26,947,000","26,881,000",,"26,715,000","26,657,000","26,580,000",,"26,407,000","26,341,000","26,277,000",,"26,115,000","26,020,000","25,909,000",,"25,753,000","25,699,000","25,624,000",,"25,468,000","25,386,000","25,284,000",,"25,160,000","25,098,000","24,930,000",,"24,702,000","24,598,000","24,508,000",,"24,434,000","24,436,000","24,354,000",,"24,571,429","24,307,692","24,269,663",,"23,750,000","24,827,586","24,788,732",,"24,761,905","24,500,000","24,590,164",,"24,363,636","24,590,164","24,675,325",,"23,783,784","24,528,302","24,545,455",,"24,375,000","24,347,826","24,102,564",,"20,000,000","20,000,000","23,703,704",,"23,157,895","23,943,662","24,137,931",,"24,285,714","23,333,333","23,225,806",,"24,615,385","24,705,882","23,225,806",,"23,333,333","22,500,000","17,104,000",,"17,022,000","16,962,000","16,906,000",,"16,792,000","16,702,000","16,680,000",,"16,680,000","16,680,000","16,680,000",,"16,680,000"
DilutedAverageShares,,"29,922,000","30,224,000","30,148,000","30,186,000","30,170,000","30,128,000","30,058,000","30,196,000","30,221,000","29,831,000","30,154,000","30,104,000","29,878,000","30,292,000","30,219,000","30,171,000","30,108,000","30,052,000","30,006,000","29,911,000","29,552,000","29,671,000","29,589,000","29,506,000","29,470,000","29,439,000","29,381,000","29,289,000","29,192,000","29,141,000","29,092,000","29,059,000","28,988,000","28,603,000","28,868,000","28,817,000","28,712,000","28,645,000","28,610,000","28,553,000",,"28,456,000","28,495,000","28,389,000",,"28,103,000","28,125,000","28,072,000",,"27,875,000","27,742,000","27,618,000",,"27,605,000","27,478,000","27,464,000",,"27,270,000","27,164,000","27,156,000",,"26,971,000","26,900,000","26,829,000",,"26,695,000","26,610,000","26,555,000",,"26,471,000","26,504,000","26,444,000",,"26,429,000","26,341,000","26,057,000",,"26,071,000","26,085,000","25,789,000",,"25,526,000","25,362,000","25,094,000",,"24,476,000","24,540,000","24,512,000",,"24,571,429","24,307,692","24,269,663",,"23,750,000","24,827,586","24,788,732",,"24,761,905","25,128,205","25,000,000",,"24,814,815","25,000,000","25,000,000",,"23,783,784","24,528,302","24,545,455",,"24,375,000","24,347,826","24,102,564",,"20,000,000","20,000,000","23,703,704",,"23,157,895","23,943,662","24,137,931",,"24,285,714","23,333,333","23,225,806",,"24,615,385","24,705,882","23,225,806",,"23,333,333","22,500,000","17,104,000",,"17,022,000","16,962,000","16,906,000",,"16,792,000","16,702,000","16,680,000",,"16,680,000","16,680,000","16,680,000",,"16,680,000"
TotalOperatingIncomeAsReported,"489,430,000","106,982,000","156,804,000","124,782,000","100,862,000","175,242,000","109,600,000","51,742,000","74,373,000","59,205,000","57,460,000","56,390,000","56,606,000","-227,054,000","36,275,000","43,792,000","43,646,000","47,063,000","46,379,000","-2,351,000","25,559,000","-23,151,000","28,093,000","22,525,000","25,727,000","59,483,000","32,671,000","40,205,000","34,349,000","50,586,000","33,240,000","45,687,000","20,471,000","52,317,000","29,058,000","51,546,000","33,554,000","65,294,000","64,232,000","73,308,000","54,366,000","85,930,000","73,922,000","68,186,000","67,118,000","77,784,000","74,802,000","68,176,000","63,247,000","56,295,000","67,371,000","55,885,000","51,437,000","22,302,000","51,194,000","59,708,000","49,739,000","23,132,000","37,525,000","35,686,000","38,850,000","25,668,000","29,851,000","43,225,000","47,367,000","21,890,000","25,401,000","27,922,000","40,085,000","25,625,000","12,329,000","33,917,000","36,163,000","33,656,000","33,293,000","34,647,000","44,166,000","33,407,000","35,623,000","32,982,000","35,442,000","34,445,000","20,558,000","26,700,000","30,323,000","14,905,000","15,236,000","18,249,000","18,377,000","12,300,000","7,000,000","12,500,000","16,700,000","8,800,000","2,400,000","6,800,000","13,100,000","5,100,000","3,900,000","7,100,000","10,700,000","9,000,000","8,900,000","10,000,000","14,100,000","9,700,000","8,100,000","9,100,000","12,700,000","9,100,000","7,300,000","9,000,000","11,300,000","800,000","1,800,000","2,700,000","5,000,000","4,600,000","3,200,000","-3,100,000","9,900,000","3,700,000","5,200,000","4,900,000","8,300,000","8,100,000","4,200,000","5,000,000","7,100,000","4,600,000","3,700,000","5,900,000",,,,,,,,,,,,,,,
TotalExpenses,"2,433,115,000","625,787,000","590,245,000","591,149,000","625,934,000","614,597,000","537,663,000","485,138,000","497,271,000","565,223,000","503,173,000","516,229,000","497,373,000","551,388,000","508,863,000","532,119,000","507,873,000","561,864,000","488,624,000","507,017,000","474,492,000","532,299,000","480,652,000","494,252,000","445,470,000","511,074,000","437,290,000","465,897,000","438,472,000","547,638,000","497,404,000","491,145,000","488,873,000","550,318,000","476,008,000","473,775,000","466,118,000","508,545,000","434,465,000","437,114,000","431,911,000","464,308,000","442,592,000","453,470,000","418,003,000","455,936,000","396,700,000","399,486,000","390,987,000","434,976,000","393,684,000","371,298,000","349,496,000","396,906,000","390,648,000","392,653,000","372,458,000","428,900,000","302,217,000","303,428,000","283,658,000","313,313,000","274,913,000","274,522,000","260,971,000","285,397,000","257,824,000","263,380,000","259,086,000","282,243,000","232,800,000","226,629,000","230,482,000","232,546,000","214,411,000","208,860,000","201,803,000","209,593,000","189,255,000","181,678,000","174,740,000","198,938,000","165,546,000","168,654,000","162,043,000","168,120,000","158,850,000","166,838,000","165,309,000","182,100,000","106,500,000","103,300,000","109,000,000","110,000,000","96,600,000","101,100,000","103,100,000","110,700,000","95,600,000","98,700,000","95,200,000","105,000,000","87,700,000","90,000,000","94,200,000","98,200,000","84,800,000","88,800,000","85,200,000","87,600,000","76,500,000","76,100,000","78,400,000","86,500,000","77,100,000","79,100,000","75,500,000","83,500,000","75,400,000","83,100,000","73,700,000","78,700,000","69,900,000","71,600,000","68,400,000","72,200,000","65,300,000","63,800,000","61,000,000","60,200,000","51,400,000","54,100,000",,,,,,,,,,,,,,,
NetIncomeFromContinuingAndDiscontinuedOperation,"4,245,902,000","-1,573,659,000","3,928,033,000","914,114,000","977,414,000","839,102,000","1,314,824,000","966,429,000","685,912,000","553,486,000","-258,816,000","598,810,000","865,195,000","-828,529,000","269,326,000","268,043,000","656,774,000","77,408,000","27,393,000","5,035,000","12,413,000","-20,570,000","18,405,000","18,014,000","12,276,000","49,482,000","17,370,000","28,423,000","17,818,000","39,037,000","11,509,000","31,631,000","6,668,000","30,136,000","-7,099,000","34,674,000","19,499,000","42,046,000","42,384,000","48,343,000","31,005,000","59,239,000","45,897,000","40,048,000","33,039,000","67,908,000","44,764,000","37,957,000","34,861,000","37,862,000","38,524,000","37,969,000","30,265,000","-8,216,000","27,833,000","43,398,000","26,495,000","12,355,000","27,971,000","25,671,000","26,997,000","16,649,000","23,150,000","32,266,000","31,198,000","13,452,000","16,219,000","18,388,000","33,494,000","17,111,000","6,290,000","22,863,000","21,978,000","19,191,000","9,660,000","20,956,000","26,364,000","16,241,000","16,617,000","16,232,000","18,773,000","17,002,000","7,047,000","11,561,000","8,569,000","9,862,000","13,919,000","5,074,000","2,955,000","-11,200,000","4,300,000","7,900,000","10,800,000","6,400,000","1,900,000","7,200,000","8,800,000","1,400,000","2,600,000","4,900,000","7,500,000","3,700,000","6,700,000","7,500,000","9,500,000","6,200,000","4,400,000","6,500,000","8,100,000","4,200,000","3,900,000","2,800,000","4,700,000","-800,000","100,000","200,000","3,200,000","1,400,000","2,200,000","8,500,000","3,500,000","1,500,000","1,700,000","1,400,000","3,600,000","3,400,000","1,600,000","2,100,000","3,600,000","2,800,000","1,400,000","2,700,000",,,,,,,,,,,,,,,
NormalizedIncome,"395,029,205","83,978,463.044","122,487,086","98,476,920","89,377,004","128,689,490.094","81,176,706","42,978,136","54,801,891","43,662,901.986","42,498,860","40,988,320","51,805,500","48,637,676.867","25,055,050","41,855,730","30,701,200","89,507,600","29,638,730","6,664,600","13,336,180","25,895,124.703","19,304,100","18,440,790","12,964,690","50,065,397.874","18,842,880","30,538,360","20,167,020","42,439,276.024","13,892,550","31,445,100","8,447,050","32,670,240.575","-4,609,500","35,305,450","20,654,360","45,503,543.871","41,540,452.541","44,582,502.567","27,648,528.53","59,266,233.95","50,672,904.04","38,889,266.227","34,466,101.759","67,930,750","46,704,922.914","36,911,058.189","34,139,221.723","41,194,112.275","39,800,751.269","34,973,286.236","30,550,271.245","17,143,750","27,525,858.997","39,964,437.272","28,235,429.638","18,972,650","23,644,848.411","19,997,243.196","22,340,181.549","15,260,943.3","15,439,279.11","27,246,142.103","27,976,455.799","16,220,400","13,408,715.447","14,340,172.78","24,779,963.763","12,727,809.75","14,525,574.202","20,049,062.315","22,277,293.175","19,352,471.599","10,321,955.888","20,737,575.727","26,474,547.903","15,337,530.596","18,117,443.29","17,234,132.914","20,323,363.663","22,551,734.414","9,126,576.882","13,079,365.668","14,951,966.328","6,639,393.88","5,121,459.899","7,103,735.996","6,534,860.792","2,140,127.389","4,515,000","8,398,198.198","11,229,139.073","5,760,000","985,185.185","4,063,366.337","8,800,000","3,360,000","2,672,222.222","4,755,882.353","7,427,884.615","6,116,326.531","6,022,471.91","6,900,000","9,874,015.748","6,648,192.771","5,220,338.983","5,977,011.494","8,625,000","5,104,615.385","4,524,000","4,480,000","5,664,102.564","-738,461.538","-200,000","320,000","1,640,000","1,400,000","280,000","-3,800,000","4,280,000","720,000","2,140,740.741","1,947,826.087","3,972,413.793","3,647,272.727","1,600,000","1,980,000","3,473,684.211","1,933,333.333","1,463,636.364","2,762,790.698",,,,,,,,,,,,,,,
InterestIncome,"18,900,000","200,000",,"700,000",,,,"10,000,000","2,800,000","3,100,000","4,100,000","3,800,000","19,500,000","5,700,000","2,600,000","16,200,000","2,100,000","4,800,000","1,200,000","12,000,000","1,100,000","1,500,000","1,300,000","10,600,000","1,200,000","1,400,000","700,000","7,100,000","900,000","3,500,000","800,000","8,500,000","700,000","3,200,000","1,100,000","7,800,000","1,300,000",,,,,,,,,,,,,,,,,,,,,,,,,,,,,,,,,,,,,,,,,,,,,,,,,,,,,,,,,,,,,,,,,,,,,,,,,,,,,,,,,,,,,,,,,,,,,,,,,,,,,,,,,,,,,,
InterestExpense,"1,551,000","364,000","726,000","363,000","398,000","4,703,000","5,728,000","5,740,000","5,690,000","6,064,000","5,525,000","5,841,000","5,986,000","6,139,000","6,064,000","5,977,000","5,782,000","5,506,000","5,597,000","5,770,000","5,041,000","5,096,000","5,634,000","5,632,000","5,580,000","6,034,000","5,822,000","4,834,000","5,002,000","5,000,000","7,710,000","5,564,000","3,857,000","7,019,000","31,611,000","11,664,000","10,977,000","13,614,000","11,901,000","12,401,000","13,196,000","11,987,000","12,341,000","12,041,000","16,766,000","20,548,000","14,400,000","14,325,000","14,444,000","14,363,000","14,487,000","10,367,000","7,807,000",,,,,,,,,,,,,,,,,,,,,,,,,,,,,,,,,,,,,,,,,,,,,,,,,,,,,,,,,,,,,,,,,,,,,,,,,,,,,,,,,,,,,,,,,,,,,,
NetInterestIncome,"17,349,000","-164,000","-726,000","337,000","-398,000","13,497,000","-5,728,000","4,260,000","-2,890,000","-2,964,000","-1,425,000","-2,041,000","13,514,000","-439,000","-3,464,000","10,223,000","-3,682,000","-706,000","-4,397,000","6,230,000","-3,941,000","-3,596,000","-4,334,000","4,968,000","-4,380,000","-4,634,000","-5,122,000","2,266,000","-4,102,000","-1,500,000","-6,910,000","2,936,000","-3,157,000","-3,819,000","-30,511,000","-3,864,000","-9,677,000","-2,214,000","-11,901,000","-12,401,000","-13,196,000","-11,987,000","-12,341,000","-12,041,000","-16,766,000","-20,548,000","-14,400,000","-14,325,000","-14,444,000","-14,363,000","-14,487,000","-10,367,000","-7,807,000",,,,,,,,,,,,,,,,,,,,,,,,,,,,,,,,,,,,,,,,,,,,,,,,,,,,,,,,,,,,,,,,,,,,,,,,,,,,,,,,,,,,,,,,,,,,,,
EBIT,"5,439,700,000","-2,037,691,000","5,022,952,000","1,157,138,000","1,297,601,000","1,083,236,000","1,690,189,000","1,251,685,000","904,389,000","705,494,000","-329,691,000","775,442,000","1,133,252,000","-1,035,108,000","356,195,000","346,063,000","869,471,000","43,189,000","44,452,000","6,890,000","25,188,000","-23,091,000","28,322,000","32,496,000","25,775,000","60,232,000","31,237,000","44,374,000","31,696,000","50,746,000","30,186,000","54,361,000","18,395,000","51,529,000","26,395,000","59,325,000","33,426,000","70,953,000","65,295,000","78,420,000","59,375,000","85,896,000","68,114,000","69,860,000","65,027,000","77,749,000","72,309,000","69,679,000","64,263,000","56,456,000","65,707,000","59,641,000","51,052,000","14,315,000","51,194,000","59,708,000","49,739,000","30,788,000","37,525,000","35,686,000","38,850,000","29,768,000","29,851,000","43,225,000","47,367,000","21,890,000","25,401,000","27,922,000","40,085,000","25,625,000","26,049,000","33,917,000","36,163,000","33,656,000","33,293,000","34,647,000","44,166,000","33,407,000","35,623,000","32,982,000","35,442,000","34,445,000","20,558,000","26,700,000","40,625,000","14,905,000","15,236,000","18,249,000","18,377,000","12,300,000","7,000,000","12,500,000","16,700,000","8,800,000","2,400,000","6,800,000","13,100,000","5,100,000","3,900,000","7,100,000","10,700,000","9,000,000","8,900,000","10,000,000","14,100,000","9,700,000","8,100,000","9,100,000","12,700,000","9,100,000","7,300,000","9,000,000","11,300,000","800,000","1,800,000","2,700,000","5,000,000","4,600,000","3,200,000","-3,100,000","9,900,000","3,700,000","5,200,000","4,900,000","8,300,000","8,100,000","4,200,000","5,000,000","7,100,000","4,600,000","3,700,000","5,900,000","56,300,000","-125,800,000","46,200,000","49,000,000","50,500,000","-99,000,000","39,000,000","38,900,000","37,500,000","-80,700,000","31,100,000","31,400,000","30,000,000","-66,400,000","25,400,000"
EBITDA,"5,573,500,000"
ReconciledCostOfRevenue,"1,281,884,000","331,768,000","309,614,000","314,333,000","326,169,000","329,684,000","279,952,000","243,892,000","254,276,000","293,989,000","253,607,000","264,850,000","242,217,000","284,282,000","258,422,000","274,244,000","249,316,000","280,840,000","230,483,000","231,367,000","230,064,000","257,096,000","229,276,000","236,545,000","207,168,000","262,042,000","206,509,000","226,505,000","202,715,000","280,814,000","242,068,000","239,590,000","234,055,000","279,886,000","220,850,000","225,220,000","228,260,000","259,693,000","225,187,000","222,522,000","207,695,000","239,272,000","220,338,000","228,520,000","207,510,000","233,997,000","205,172,000","199,354,000","197,107,000","226,604,000","200,545,000","185,221,000","172,031,000","201,289,000","201,300,000","203,940,000","195,314,000","226,055,000","151,385,000","149,123,000","143,127,000","157,524,000","137,975,000","133,085,000","132,810,000","144,662,000","126,413,000","130,659,000","132,765,000","139,533,000","116,036,000","110,885,000","115,866,000","117,350,000","110,281,000","107,103,000","103,256,000","106,155,000","95,852,000","92,386,000","88,842,000","99,482,000","79,918,000","85,612,000","81,016,000","74,482,000","73,386,000","76,155,000","76,032,000","86,300,000","46,100,000","45,000,000","50,300,000","50,300,000","40,300,000","43,900,000","47,000,000","47,600,000","40,600,000","42,200,000","39,500,000","47,000,000","36,400,000","37,800,000","42,800,000","44,300,000","36,000,000","37,300,000","37,600,000","39,200,000","32,100,000","32,600,000","35,100,000","38,000,000","32,700,000","32,800,000","30,800,000","34,800,000","29,700,000","29,200,000","30,500,000","33,200,000","29,100,000","30,800,000","29,000,000","32,600,000","28,300,000","25,900,000","26,500,000","27,000,000","21,900,000","24,600,000",,,,,,,,,,,,,,,
ReconciledDepreciation,"133,800,000","33,700,000","33,700,000","33,700,000","32,700,000","36,200,000","33,600,000","34,700,000","33,600,000","3,300,000","45,000,000","43,000,000","42,900,000","34,500,000","34,900,000","34,400,000","34,300,000","42,649,000","35,363,000","37,026,000","33,662,000","32,744,000","38,488,000","37,578,000","34,090,000","33,830,000","33,561,000","32,126,000","32,283,000","39,771,000","37,122,000","36,336,000","36,671,000","42,019,000","36,970,000","34,921,000","33,290,000","35,515,000","32,136,000","31,653,000","31,096,000","32,873,000","30,384,000","29,628,000","28,115,000","28,936,000","26,331,000","26,085,000","27,548,000",,"26,238,000","25,438,000","22,327,000","22,778,000","24,999,000","25,583,000","23,740,000","23,894,000","14,566,000","14,465,000","14,375,000","15,100,000","13,864,000","13,465,000","12,971,000","16,419,000","14,490,000","14,920,000","15,171,000","19,469,000","13,850,000","12,381,000","10,500,000","10,844,000","10,661,000","10,599,000","9,896,000","10,566,000","10,094,000","8,523,000","8,817,000","10,612,000","10,442,000","9,944,000","10,302,000","10,879,000","10,704,000","11,038,000","10,688,000","10,900,000","5,800,000","5,600,000","5,200,000","5,700,000","5,100,000","5,100,000","5,100,000","6,400,000","4,100,000","4,800,000","4,200,000","5,700,000","4,300,000","3,900,000","4,000,000","4,400,000","4,000,000","4,100,000","4,200,000","4,400,000","4,100,000","4,000,000","4,300,000","4,300,000","4,400,000","4,400,000","3,500,000","3,800,000","3,800,000","3,100,000","3,200,000","3,800,000","3,000,000","2,700,000","2,600,000","2,800,000","2,600,000","2,600,000","2,300,000","2,100,000","2,100,000","1,900,000",,,,,,,,,,,,,,,
NetIncomeFromContinuingOperationNetMinorityInterest,"4,245,902,000","-1,573,659,000","3,928,033,000","914,114,000","977,414,000","839,102,000","1,314,824,000","966,429,000","685,912,000","553,486,000","-258,816,000","598,810,000","865,195,000","-828,529,000","269,326,000","268,043,000","656,774,000","77,408,000","27,393,000","5,035,000","12,413,000","-20,570,000","18,405,000","18,014,000","12,276,000","49,482,000","17,370,000","28,423,000","17,818,000","39,037,000","11,509,000","31,631,000","6,668,000","30,136,000","-7,099,000","34,674,000","19,499,000","42,046,000","42,384,000","48,343,000","31,005,000","59,239,000","45,897,000","40,048,000","33,039,000","67,908,000","44,764,000","37,957,000","34,861,000","37,862,000","38,524,000","37,969,000","30,265,000","-8,216,000","27,833,000","43,398,000","26,495,000","12,355,000","27,971,000","25,671,000","26,997,000","16,649,000","23,150,000","32,266,000","31,198,000","13,452,000","16,219,000","18,388,000","29,520,000","17,111,000","6,290,000","20,271,000","21,978,000","19,191,000","9,660,000","20,956,000","26,364,000","16,241,000","16,617,000","16,232,000","18,773,000","17,002,000","7,047,000","11,561,000","8,569,000","9,862,000","13,919,000","5,074,000","2,955,000","-11,200,000","4,300,000","7,900,000","10,800,000","6,400,000","1,900,000","7,200,000","8,800,000","1,400,000","2,600,000","4,900,000","7,500,000","3,700,000","6,700,000","7,500,000","9,500,000","6,200,000","4,400,000","6,500,000","8,100,000","4,200,000","3,900,000","2,800,000","4,700,000","-800,000","100,000","200,000","3,200,000","1,400,000","2,200,000","8,500,000","3,500,000","1,500,000","1,700,000","1,400,000","3,600,000","3,400,000","1,600,000","2,100,000","3,600,000","2,800,000","1,400,000","2,700,000",,,,,,,,,,,,,,,
TotalUnusualItemsExcludingGoodwill,"4,930,695,000","-2,146,816,000","4,866,427,000","1,032,452,000","1,179,332,000","913,123,000","1,579,574,000","1,190,014,000","827,143,000","644,254,000","-391,318,000","715,156,000","1,056,350,000","-1,102,372,000","317,235,000","286,313,000","823,780,000","-20,166,000","-3,163,000","-2,716,000","-1,489,000","-63,671,000","-1,110,000","-637,000","-1,129,000","-639,000","-2,166,000","-2,938,000","-3,506,000","-3,987,000","-3,667,000","286,000","-2,737,000","-3,743,000","-3,830,000","-865,000","-1,328,000","-4,724,000","1,063,000","5,112,000","5,009,000","-34,000","-5,808,000","1,674,000","-2,091,000","-35,000","-2,493,000","1,503,000","1,016,000","-3,641,000","-1,664,000","3,756,000","-385,000","-39,015,000","432,000","4,239,000","-2,400,000","-10,181,000","5,430,000","7,893,000","6,458,000","1,988,000","10,807,000","6,512,000","4,531,000","-4,614,000","3,603,000","5,611,000","6,115,000","7,015,000","-11,937,000","321,000","-418,000","-241,000","-988,000","326,000","-165,000","1,390,000","-2,382,000","-1,570,000","-2,280,000","-7,126,000","-3,301,000","-2,410,000","-10,132,000","3,983,000","13,555,000","-2,985,000","-5,265,000","-18,700,000","-300,000","-700,000","-600,000","900,000","1,300,000","4,400,000",,"-2,800,000","-100,000","200,000","100,000","-3,200,000","900,000","800,000","-500,000","-600,000","-1,100,000","700,000","-700,000","-1,400,000","-800,000","-2,800,000","-1,600,000","-100,000","500,000","-200,000","2,600,000","0","3,200,000","20,500,000","-1,300,000","1,300,000","-700,000","-900,000","-600,000","-400,000",,"200,000","200,000","1,300,000","-100,000","-100,000",,,,,,,,,,,,,,,
TotalUnusualItems,"4,930,695,000","-2,146,816,000","4,866,427,000","1,032,452,000","1,179,332,000","913,123,000","1,579,574,000","1,190,014,000","827,143,000","644,254,000","-391,318,000","715,156,000","1,056,350,000","-1,102,372,000","317,235,000","286,313,000","823,780,000","-20,166,000","-3,163,000","-2,716,000","-1,489,000","-63,671,000","-1,110,000","-637,000","-1,129,000","-639,000","-2,166,000","-2,938,000","-3,506,000","-3,987,000","-3,667,000","286,000","-2,737,000","-3,743,000","-3,830,000","-865,000","-1,328,000","-4,724,000","1,063,000","5,112,000","5,009,000","-34,000","-5,808,000","1,674,000","-2,091,000","-35,000","-2,493,000","1,503,000","1,016,000","-3,641,000","-1,664,000","3,756,000","-385,000","-39,015,000","432,000","4,239,000","-2,400,000","-10,181,000","5,430,000","7,893,000","6,458,000","1,988,000","10,807,000","6,512,000","4,531,000","-4,614,000","3,603,000","5,611,000","6,115,000","7,015,000","-11,937,000","321,000","-418,000","-241,000","-988,000","326,000","-165,000","1,390,000","-2,382,000","-1,570,000","-2,280,000","-7,126,000","-3,301,000","-2,410,000","-10,132,000","3,983,000","13,555,000","-2,985,000","-5,265,000","-18,700,000","-300,000","-700,000","-600,000","900,000","1,300,000","4,400,000",,"-2,800,000","-100,000","200,000","100,000","-3,200,000","900,000","800,000","-500,000","-600,000","-1,100,000","700,000","-700,000","-1,400,000","-800,000","-2,800,000","-1,600,000","-100,000","500,000","-200,000","2,600,000","0","3,200,000","20,500,000","-1,300,000","1,300,000","-700,000","-900,000","-600,000","-400,000",,"200,000","200,000","1,300,000","-100,000","-100,000",,,,,,,,,,,,,,,
NormalizedEBITDA,"642,805,000","142,825,000","190,225,000","158,386,000","150,969,000","206,313,000","144,215,000","96,371,000","110,846,000","64,540,000","106,627,000","103,286,000","119,802,000","101,764,000","73,860,000","94,150,000","79,991,000","106,004,000","82,978,000","46,632,000","60,339,000","73,324,000","67,920,000","70,711,000","60,994,000","94,701,000","66,964,000","79,438,000","67,485,000","94,504,000","70,975,000","90,411,000","57,803,000","97,291,000","67,195,000","95,111,000","68,044,000","111,192,000","96,368,000","104,961,000","85,462,000","118,803,000","104,306,000","97,814,000","95,233,000","106,720,000","101,133,000","94,261,000","90,795,000","60,097,000","93,609,000","81,323,000","73,764,000","76,108,000","75,761,000","81,052,000","75,879,000","64,863,000","46,661,000","42,258,000","46,767,000","42,880,000","32,908,000","50,178,000","55,807,000","42,923,000","36,288,000","37,231,000","49,141,000","38,079,000","51,836,000","45,977,000","47,081,000","44,741,000","44,942,000","44,920,000","54,227,000","42,583,000","48,099,000","43,075,000","46,539,000","52,183,000","34,301,000","39,054,000","61,059,000","21,801,000","12,385,000","32,272,000","34,330,000","41,900,000","13,100,000","18,800,000","22,500,000","13,600,000","6,200,000","7,500,000","18,200,000","14,300,000","8,100,000","11,700,000","14,800,000","17,900,000","12,300,000","13,100,000","18,600,000","14,700,000","13,200,000","12,500,000","17,600,000","14,900,000","12,200,000","15,800,000","17,200,000","5,200,000","5,700,000","7,300,000","5,900,000","8,400,000","3,800,000","-20,500,000","14,400,000","6,200,000","8,900,000","8,500,000","11,500,000","11,300,000","6,800,000","7,400,000","9,200,000","5,400,000","5,900,000","7,900,000","56,300,000","-125,800,000","46,200,000","49,000,000","50,500,000","-99,000,000","39,000,000","38,900,000","37,500,000","-80,700,000","31,100,000","31,400,000","30,000,000","-66,400,000","25,400,000"
TaxRateForCalcs,"0.219","0.228","0.218","0.21","0.247","0.222","0.219","0.224","0.237","0.209","0.23","0.22","0.23","0.204","0.23","0.21","0.24","0.4","0.29","0.4","0.38","0.27","0.19","0.33","0.39","0.087","0.32","0.28","0.33","0.147","0.35","0.35","0.35","0.323","0.35","0.27","0.13","0.268","0.206","0.264","0.33","0.199","0.178","0.308","0.318","0.35","0.221","0.304","0.29","0.085","0.233","0.202","0.259","0.35","0.289","0.19","0.275","0.35","0.203","0.281","0.279","0.302","0.287","0.229","0.289","0.4","0.22","0.279","0.225","0.375","0.31","0.309","0.284","0.33","0.33","0.33","0.33","0.35","0.37","0.362","0.32","0.221","0.37","0.37","0.37","0.191","0.351","0.32","0.32","0.287","0.283","0.288","0.285","0.289","0.296","0.287","0.29","0.3","0.278","0.279","0.279","0.245","0.247","0.25","0.252","0.253","0.254","0.253","0.25","0.354","0.22","0.4","0.397","0.385","0.4","0.4","0.4","0.4","0.4","0.4","0.4","0.4","0.37","0.391","0.379","0.382","0.385","0.4","0.368","0.333","0.364","0.372",,,,,,,,,,,,,,,
TaxEffectOfUnusualItems,"1,079,822,205","-489,178,536.956","1,060,881,086","216,814,920","291,295,004","202,710,490.094","345,926,706","266,563,136","196,032,891","134,430,901.986","-90,003,140","157,334,320","242,960,500","-225,205,323.133","72,964,050","60,125,730","197,707,200","-8,066,400","-917,270","-1,086,400","-565,820","-17,205,875.297","-210,900","-210,210","-440,310","-55,602.126","-693,120","-822,640","-1,156,980","-584,723.976","-1,283,450","100,100","-957,950","-1,208,759.425","-1,340,500","-233,550","-172,640","-1,266,456.129","219,452.541","1,351,502.567","1,652,528.53","-6,766.05","-1,032,095.96","515,266.227","-663,898.241","-12,250","-552,077.086","457,058.189","294,221.723","-308,887.725","-387,248.731","760,286.236","-99,728.755","-13,655,250","124,858.997","805,437.272","-659,570.362","-3,563,350","1,103,848.411","2,219,243.196","1,801,181.549","599,943.3","3,096,279.11","1,492,142.103","1,309,455.799","-1,845,600","792,715.447","1,563,172.78","1,374,963.763","2,631,809.75","-3,701,425.798","99,062.315","-118,706.825","-79,528.401","-326,044.112","107,575.727","-54,452.097","486,530.596","-881,556.71","-567,867.086","-729,636.337","-1,576,265.586","-1,221,423.118","-891,634.332","-3,749,033.672","760,393.88","4,757,459.899","-955,264.004","-1,685,139.208","-5,359,872.611","-85,000","-201,801.802","-170,860.927","260,000","385,185.185","1,263,366.337","0","-840,000","-27,777.778","55,882.353","27,884.615","-783,673.469","222,471.91","200,000","-125,984.252","-151,807.229","-279,661.017","177,011.494","-175,000","-495,384.615","-176,000","-1,120,000","-635,897.436","-38,461.538","200,000","-80,000","1,040,000","0","1,280,000","8,200,000","-520,000","520,000","-259,259.259","-352,173.913","-227,586.207","-152,727.273","0","80,000","73,684.211","433,333.333","-36,363.636","-37,209.302",,,,,,,,,,,,,,,