name,ttm,12/31/2021,09/30/2021,06/30/2021,03/31/2021,12/31/2020,09/30/2020,06/30/2020,03/31/2020,12/31/2019,09/30/2019,06/30/2019,03/31/2019,12/31/2018,09/30/2018,06/30/2018,03/31/2018,12/31/2017,09/30/2017,06/30/2017,03/31/2017,12/31/2016,09/30/2016,06/30/2016,03/31/2016,12/31/2015,09/30/2015,06/30/2015,03/31/2015,12/31/2014,09/30/2014,06/30/2014,03/31/2014,12/31/2013,09/30/2013,06/30/2013,03/31/2013,12/31/2012,09/30/2012,06/30/2012,03/31/2012,12/31/2011,09/30/2011,06/30/2011,03/31/2011,12/31/2010,09/30/2010,06/30/2010,03/31/2010,12/31/2009,09/30/2009,06/30/2009,03/31/2009,12/31/2008,09/30/2008,06/30/2008,03/31/2008,12/31/2007,09/30/2007,06/30/2007,03/31/2007,12/31/2006,09/30/2006,06/30/2006,03/31/2006,12/31/2005,09/30/2005,06/30/2005,03/31/2005,12/31/2004,09/30/2004,06/30/2004,03/31/2004,12/31/2003,09/30/2003,06/30/2003,03/31/2003,12/31/2002,09/30/2002,06/30/2002,03/31/2002,12/31/2001,09/30/2001,06/30/2001,03/31/2001,12/31/2000,09/30/2000,06/30/2000,03/31/2000,12/31/1999,09/30/1999,06/30/1999,03/31/1999,12/31/1998,09/30/1998,06/30/1998,03/31/1998,12/31/1997,09/30/1997,06/30/1997,03/31/1997,12/31/1996,09/30/1996,06/30/1996,03/31/1996,12/31/1995,09/30/1995,06/30/1995,03/31/1995,12/31/1994,09/30/1994,06/30/1994,03/31/1994,12/31/1993,09/30/1993,06/30/1993,03/31/1993,12/31/1992,09/30/1992,06/30/1992,03/31/1992,12/31/1991,09/30/1991,06/30/1991,03/31/1991,12/31/1990,09/30/1990,06/30/1990,03/31/1990,12/31/1989,09/30/1989,06/30/1989,03/31/1989,12/31/1988,09/30/1988,06/30/1988,03/31/1988,12/31/1987,09/30/1987,06/30/1987,03/31/1987,12/31/1986,09/30/1986,06/30/1986,03/31/1986,12/31/1985,09/30/1985
TotalRevenue,"15,633,000,000","3,940,000,000","3,959,000,000","3,887,000,000","3,847,000,000","3,768,000,000","3,762,000,000","3,925,000,000","4,017,000,000","4,686,000,000","3,764,000,000","3,830,000,000","3,808,000,000","3,912,000,000","3,970,000,000","4,032,000,000","4,072,000,000","3,622,000,000","3,907,000,000","3,852,000,000","3,743,000,000","3,692,000,000","3,836,000,000","3,674,000,000","3,630,000,000","3,634,000,000","3,695,000,000","3,790,000,000","3,753,000,000","3,587,000,000","3,668,000,000","3,633,000,000","3,540,000,000","3,501,000,000","3,659,000,000","3,898,000,000","3,507,000,000","3,509,000,000","3,675,000,000","3,617,000,000","3,646,000,000","2,988,000,000","3,694,000,000","3,752,000,000","3,646,000,000","3,374,000,000","3,423,000,000","3,358,000,000","3,624,000,000","2,862,000,000","-1,500,000,000","2,904,000,000","2,930,000,000","2,335,000,000","3,626,000,000","3,397,000,000","3,745,000,000","3,471,000,000","3,600,000,000","2,032,000,000","1,902,000,000","-272,000,000","1,610,000,000","1,724,000,000","1,820,000,000","1,766,000,000","1,740,000,000","1,726,000,000","1,633,000,000","1,713,000,000","1,538,000,000","1,587,000,000","1,498,000,000","1,521,000,000","1,470,000,000","1,394,000,000","1,230,000,000","1,246,000,000","1,054,000,000","1,278,000,000","1,222,000,000","1,363,000,000","1,234,000,000","1,312,000,000","1,313,000,000","1,288,000,000","1,264,000,000","1,243,000,000","1,184,000,000","1,127,000,000","1,948,000,000","1,067,000,000","1,052,000,000","1,031,000,000","987,000,000","969,000,000","948,000,000","1,089,000,000","990,000,000","970,000,000","943,000,000","931,000,000","899,000,000","1,334,000,000","929,000,000","944,000,000","917,000,000","854,000,000","810,000,000","775,000,000","769,000,000","730,000,000","733,000,000","688,000,000","711,000,000","655,000,000","641,000,000","605,000,000","604,000,000","564,000,000","585,000,000","575,800,000","567,700,000","531,300,000","559,100,000","566,600,000","551,700,000","570,800,000","565,500,000",,,,,,,,,,,,,,,,,,
	OperatingRevenue,"15,633,000,000","3,940,000,000","3,959,000,000","3,887,000,000","3,847,000,000","3,768,000,000","3,762,000,000","3,925,000,000","4,017,000,000","4,686,000,000","3,764,000,000","3,830,000,000","3,808,000,000","3,912,000,000","3,970,000,000","4,032,000,000","4,072,000,000","3,622,000,000","3,907,000,000","3,852,000,000","3,743,000,000","3,692,000,000","3,836,000,000","3,674,000,000","3,630,000,000","3,634,000,000","3,695,000,000","3,790,000,000","3,753,000,000","3,587,000,000","3,668,000,000","3,633,000,000","3,540,000,000","3,501,000,000","3,659,000,000","3,898,000,000","3,507,000,000","3,509,000,000","3,675,000,000","3,617,000,000","3,646,000,000","2,988,000,000","3,694,000,000","3,752,000,000","3,646,000,000","3,374,000,000","3,423,000,000","3,358,000,000","3,624,000,000","2,862,000,000","-1,500,000,000","2,904,000,000","2,930,000,000","2,335,000,000","3,626,000,000","3,397,000,000","3,745,000,000","3,471,000,000","3,600,000,000","2,032,000,000","1,902,000,000","-272,000,000","1,610,000,000","1,724,000,000","1,820,000,000","1,766,000,000","1,740,000,000","1,726,000,000","1,633,000,000","1,713,000,000","1,538,000,000","1,587,000,000","1,498,000,000","1,521,000,000","1,470,000,000","1,394,000,000","1,230,000,000","1,246,000,000","1,054,000,000","1,278,000,000","1,222,000,000","1,363,000,000","1,234,000,000","1,312,000,000","1,313,000,000","1,288,000,000","1,264,000,000","1,243,000,000","1,184,000,000","1,127,000,000","1,948,000,000","1,067,000,000","1,052,000,000","1,031,000,000","987,000,000","969,000,000","948,000,000","1,089,000,000","990,000,000","970,000,000","943,000,000","931,000,000","899,000,000","1,334,000,000","929,000,000","944,000,000","917,000,000","854,000,000","810,000,000","775,000,000","769,000,000","730,000,000","733,000,000","688,000,000","711,000,000","655,000,000","641,000,000","605,000,000","604,000,000","564,000,000","585,000,000","575,800,000","567,700,000","531,300,000","559,100,000","566,600,000","551,700,000","570,800,000","565,500,000",,,,,,,,,,,,,,,,,,
PretaxIncome,"4,648,000,000","1,065,000,000","1,162,000,000","1,268,000,000","1,153,000,000","903,000,000","1,157,000,000","1,181,000,000","1,227,000,000","1,822,000,000","1,287,000,000","1,285,000,000","1,193,000,000","1,020,000,000","1,334,000,000","1,394,000,000","1,444,000,000","728,000,000","1,368,000,000","1,308,000,000","1,206,000,000","1,152,000,000","1,317,000,000","1,165,000,000","1,091,000,000","871,000,000","1,109,000,000","1,165,000,000","1,149,000,000","164,000,000","1,662,000,000","811,000,000","926,000,000","728,000,000","986,000,000","1,206,000,000","809,000,000","853,000,000","975,000,000","589,000,000","885,000,000","689,000,000","945,000,000","1,034,000,000","949,000,000","970,000,000","834,000,000","1,006,000,000","884,000,000","672,000,000","-3,965,000,000","513,000,000","508,000,000","-49,000,000","264,000,000","614,000,000","1,110,000,000","1,028,000,000","894,000,000","658,000,000","645,000,000","622,000,000","422,000,000","591,000,000","637,000,000","608,000,000","595,000,000","598,000,000","566,000,000","623,000,000","539,000,000","565,000,000","473,000,000","469,000,000","391,000,000","451,000,000","451,000,000","156,000,000","123,000,000","547,000,000","546,000,000","500,000,000","356,000,000","601,000,000","602,000,000","580,000,000","576,000,000","562,000,000","534,000,000","514,000,000","1,315,000,000","511,000,000","500,000,000","493,000,000","476,000,000","467,000,000","456,000,000","479,000,000","438,000,000","431,000,000","425,000,000","404,000,000","404,000,000","452,000,000","395,000,000","391,000,000","380,000,000","367,000,000","344,000,000","322,000,000","310,000,000","281,000,000","285,000,000","230,000,000","251,000,000","211,000,000","199,000,000","159,000,000","148,000,000","132,000,000","121,000,000","107,600,000","93,600,000","95,300,000","-119,500,000","62,800,000","96,200,000","106,800,000","166,400,000",,,,,,,,,,,,,,,,,,
TaxProvision,"877,000,000","196,000,000","219,000,000","241,000,000","221,000,000","148,000,000","213,000,000","216,000,000","265,000,000","373,000,000","246,000,000","264,000,000","237,000,000","150,000,000","220,000,000","286,000,000","282,000,000","-453,000,000","348,000,000","332,000,000","269,000,000","280,000,000","324,000,000","290,000,000","283,000,000","175,000,000","282,000,000","276,000,000","280,000,000","-93,000,000","556,000,000","217,000,000","232,000,000","172,000,000","-2,000,000","321,000,000","1,046,000,000","207,000,000","225,000,000","93,000,000","254,000,000","211,000,000","281,000,000","277,000,000","279,000,000","265,000,000","220,000,000","304,000,000","258,000,000","-41,000,000","-1,527,000,000","12,000,000","138,000,000","-135,000,000","-41,000,000","312,000,000","361,000,000","328,000,000","252,000,000","210,000,000","208,000,000","195,000,000","124,000,000","200,000,000","215,000,000","203,000,000","206,000,000","200,000,000","187,000,000","272,000,000","185,000,000","194,000,000","109,000,000","162,000,000","131,000,000","156,000,000","156,000,000","56,000,000","44,000,000","186,000,000","184,000,000","169,000,000","113,000,000","216,000,000","218,000,000","208,000,000","213,000,000","206,000,000","196,000,000","186,000,000","542,000,000","188,000,000","184,000,000","180,000,000","175,000,000","172,000,000","172,000,000","181,000,000","165,000,000","162,000,000","160,000,000","154,000,000","155,000,000","174,000,000","152,000,000","150,000,000","146,000,000","141,000,000","131,000,000","121,000,000","116,000,000","105,000,000","107,000,000","73,000,000","100,000,000","81,000,000","74,000,000","54,000,000","50,000,000","45,000,000","41,000,000","41,700,000","34,800,000","34,700,000","-56,200,000","-2,200,000","25,600,000","36,400,000","64,100,000",,,,,,,,,,,,,,,,,,
NetIncomeCommonStockholders,"3,550,000,000","822,000,000","881,000,000","990,000,000","857,000,000","701,000,000","875,000,000","900,000,000","941,000,000","1,385,000,000","999,000,000","965,000,000","905,000,000","827,000,000","1,068,000,000","1,048,000,000","1,127,000,000","1,118,000,000","975,000,000","913,000,000","866,000,000","809,000,000","959,000,000","812,000,000","793,000,000","628,000,000","777,000,000","786,000,000","754,000,000","205,000,000","1,050,000,000","544,000,000","648,000,000","503,000,000","949,000,000","818,000,000","-269,000,000","613,000,000","720,000,000","466,000,000","619,000,000","500,000,000","640,000,000","735,000,000","625,000,000","679,000,000","617,000,000","658,000,000","559,000,000","593,000,000","-2,458,000,000","176,000,000","322,000,000","28,000,000","303,000,000","309,000,000","746,000,000","520,000,000","640,000,000","445,000,000","434,000,000","1,789,000,000","352,000,000","448,000,000","422,000,000","405,000,000","389,000,000","398,000,000","379,000,000","351,000,000","354,000,000","371,000,000","364,000,000","307,000,000","260,000,000","295,000,000","295,000,000","100,000,000","79,000,000","361,000,000","362,000,000","331,000,000","243,000,000","385,000,000","384,000,000","372,000,000","363,000,000","356,000,000","338,000,000","328,000,000","773,000,000","323,000,000","316,000,000","313,000,000","301,000,000","295,000,000","284,000,000","296,000,000","270,000,000","266,000,000","263,000,000","248,000,000","246,000,000","275,000,000","241,000,000","238,000,000","232,000,000","223,000,000","210,000,000","198,000,000","191,000,000","173,000,000","173,000,000","151,000,000","145,000,000","123,000,000","117,000,000","97,000,000","98,000,000","87,000,000","72,000,000","65,900,000","58,800,000","60,600,000","-63,300,000","65,000,000","70,600,000","70,400,000","102,300,000",,,,,,,,,,,,,,,,,,
	NetIncome,"3,759,000,000","863,000,000","947,000,000","1,022,000,000","927,000,000","750,000,000","937,000,000","950,000,000","980,000,000","1,440,000,000","1,038,000,000","1,017,000,000","946,000,000","881,000,000","1,111,000,000","1,103,000,000","1,171,000,000","1,175,000,000","1,018,000,000","975,000,000","922,000,000","870,000,000","987,000,000","873,000,000","817,000,000","693,000,000","833,000,000","853,000,000","779,000,000","233,000,000","1,083,000,000","577,000,000","674,000,000","539,000,000","980,000,000","845,000,000","-253,000,000","635,000,000","725,000,000","466,000,000","619,000,000","505,000,000","651,000,000","735,000,000","625,000,000","679,000,000","622,000,000","658,000,000","559,000,000","593,000,000","-2,458,000,000","412,000,000","369,000,000","61,000,000","303,000,000","309,000,000","746,000,000","520,000,000","640,000,000","445,000,000","434,000,000","1,789,000,000","352,000,000","448,000,000","422,000,000","405,000,000","389,000,000","398,000,000","379,000,000","351,000,000","354,000,000","371,000,000","364,000,000","307,000,000","260,000,000","295,000,000","295,000,000","100,000,000","79,000,000","361,000,000","362,000,000","331,000,000","243,000,000","385,000,000","384,000,000","372,000,000","363,000,000","356,000,000","338,000,000","328,000,000","773,000,000","323,000,000","316,000,000","313,000,000","301,000,000","295,000,000","284,000,000","298,000,000","273,000,000","269,000,000","265,000,000","250,000,000","249,000,000","278,000,000","243,000,000","241,000,000","234,000,000","226,000,000","213,000,000","201,000,000","194,000,000","176,000,000","178,000,000","157,000,000","151,000,000","130,000,000","125,000,000","105,000,000","98,000,000","87,000,000","80,000,000","65,900,000","58,800,000","60,600,000","-63,300,000","65,000,000","70,600,000","70,400,000","102,300,000",,,,,,,,,,,,,,,,,,
		NetIncomeIncludingNoncontrollingInterests,"3,771,000,000","869,000,000","943,000,000","1,027,000,000","932,000,000","755,000,000","944,000,000","965,000,000","962,000,000","1,449,000,000","1,041,000,000","1,021,000,000","956,000,000","870,000,000","1,114,000,000","1,108,000,000","1,162,000,000","1,181,000,000","1,020,000,000","976,000,000","937,000,000","872,000,000","993,000,000","875,000,000","808,000,000","696,000,000","827,000,000","889,000,000","869,000,000","257,000,000","1,106,000,000","594,000,000","694,000,000","556,000,000","988,000,000","885,000,000","-237,000,000","646,000,000","750,000,000","496,000,000","631,000,000","478,000,000","664,000,000","757,000,000","670,000,000","694,000,000","611,000,000","692,000,000","584,000,000","594,000,000","-2,457,000,000","410,000,000","370,000,000","61,000,000","303,000,000","309,000,000","746,000,000","520,000,000","640,000,000","445,000,000","434,000,000","1,789,000,000","352,000,000","448,000,000","422,000,000","405,000,000","389,000,000","398,000,000","379,000,000","351,000,000","354,000,000","371,000,000","364,000,000","307,000,000","260,000,000","295,000,000","295,000,000","100,000,000","79,000,000","361,000,000","362,000,000","252,000,000","267,000,000","411,000,000","412,000,000","400,000,000","391,000,000","384,000,000","366,000,000","356,000,000","801,000,000","351,000,000","344,000,000","338,000,000","326,000,000","320,000,000","304,000,000","318,000,000","292,000,000","283,000,000","277,000,000","252,000,000","249,000,000","278,000,000","243,000,000","241,000,000","234,000,000","226,000,000","213,000,000","201,000,000","194,000,000","176,000,000","178,000,000","157,000,000","151,000,000","130,000,000","125,000,000","105,000,000","98,000,000","87,000,000","80,000,000","65,900,000","58,800,000","60,600,000","-63,300,000","65,000,000","70,600,000","70,400,000","102,300,000","106,600,000","-271,300,000","114,300,000","101,100,000","54,700,000","54,200,000","49,700,000","54,400,000","45,800,000","45,200,000","-34,900,000","47,300,000","38,400,000","37,900,000","37,800,000","41,100,000","33,600,000","32,700,000"
			NetIncomeContinuousOperations,"3,771,000,000","869,000,000","943,000,000","1,027,000,000","932,000,000","755,000,000","944,000,000","965,000,000","962,000,000","1,449,000,000","1,041,000,000","1,021,000,000","956,000,000","870,000,000","1,114,000,000","1,108,000,000","1,162,000,000","1,181,000,000","1,020,000,000","976,000,000","937,000,000","872,000,000","993,000,000","875,000,000","808,000,000","696,000,000","827,000,000","889,000,000","869,000,000","257,000,000","1,106,000,000","594,000,000","694,000,000","556,000,000","988,000,000","885,000,000","-237,000,000","646,000,000","750,000,000","496,000,000","631,000,000","478,000,000","664,000,000","757,000,000","670,000,000","705,000,000","614,000,000","702,000,000","626,000,000","713,000,000","-2,438,000,000","501,000,000","370,000,000","86,000,000","305,000,000","302,000,000","749,000,000","700,000,000","642,000,000","448,000,000","437,000,000","427,000,000","298,000,000","391,000,000","422,000,000","405,000,000","389,000,000","398,000,000","379,000,000","351,000,000","354,000,000","371,000,000","364,000,000","307,000,000","260,000,000","295,000,000","295,000,000","100,000,000","79,000,000","361,000,000","362,000,000","331,000,000","243,000,000","385,000,000","384,000,000","372,000,000","363,000,000","356,000,000","338,000,000","328,000,000","773,000,000","323,000,000","316,000,000","313,000,000","301,000,000","295,000,000","284,000,000","298,000,000","273,000,000","269,000,000","265,000,000","250,000,000","249,000,000","278,000,000","243,000,000","241,000,000","234,000,000","226,000,000","213,000,000","201,000,000","194,000,000","176,000,000","178,000,000","157,000,000","151,000,000","130,000,000","125,000,000","105,000,000","98,000,000","87,000,000","80,000,000","65,900,000","58,800,000","60,600,000","-63,300,000","65,000,000","70,600,000","70,400,000","102,300,000","106,600,000","-271,300,000","114,300,000","101,100,000","54,700,000","54,200,000","49,700,000","54,400,000","45,800,000","45,200,000","-34,900,000","47,300,000","38,400,000","37,900,000","37,800,000","41,100,000","33,600,000","32,700,000"
			NetIncomeDiscontinuousOperations,,,,,,,,,,,,,,,,,,,,,,,,,,,,,,,,,,,,,,"0",,,,"0","0","0","0","-11,000,000","-3,000,000","-10,000,000","-42,000,000","-119,000,000","-19,000,000","-91,000,000","0","1,000,000","-2,000,000","7,000,000","-3,000,000","0","-2,000,000","-3,000,000","-3,000,000","1,362,000,000","54,000,000","57,000,000",,,,,,,,,,,,,,,,,,,,,,,,,,,,,,,,,,,,,,,,,,,,,,,,,,,,,,,,,,,,,,,,,,,,,,,,,,,,,,,,,,,
			NetIncomeExtraordinary,,,,,,,,,,,,,,,,,,,,,,,,,,,,,,,,,,,,,,,,,,,,,,,,,,,,,,"-26,000,000",,,"0",,,,,,,,,,,,,,,,,,,,,,,,,,,,,,,,,,,,,,,,,,,,,,,,,,,,,,,,,,,,,,,,,,,,,,,,,,,,,,,,,,,,,,,,,,
		MinorityInterests,"-12,000,000","-6,000,000","4,000,000","-5,000,000","-5,000,000","-5,000,000","-7,000,000","-15,000,000","18,000,000","-9,000,000","-3,000,000","-4,000,000","-10,000,000","11,000,000","-3,000,000","-5,000,000","9,000,000","-6,000,000","-2,000,000","-1,000,000","-15,000,000","-2,000,000","-6,000,000","-2,000,000","9,000,000","-3,000,000","6,000,000","-36,000,000","-90,000,000","-24,000,000","-23,000,000","-17,000,000","-20,000,000","-17,000,000","-8,000,000","-40,000,000","-16,000,000","-11,000,000","-25,000,000","-30,000,000","-12,000,000","27,000,000","-13,000,000","-22,000,000","-45,000,000","-15,000,000","11,000,000","-34,000,000","-25,000,000","-1,000,000","-1,000,000","2,000,000","-1,000,000",,,,,,,,,,,,,,,,,,,,,,,,,,,,,,"-24,000,000","-26,000,000","-28,000,000","-28,000,000","-28,000,000","-28,000,000","-28,000,000","-28,000,000","-28,000,000","-28,000,000","-28,000,000","-25,000,000","-25,000,000","-25,000,000","-20,000,000","-20,000,000","-19,000,000","-14,000,000","-12,000,000",,,,,,,,,,,,,,,,,,,,,,,,,,,,,,,,,,,,,,,,,,,,,,
	PreferredStockDividends,"207,000,000","41,000,000","66,000,000","31,000,000","69,000,000","48,000,000","61,000,000","49,000,000","36,000,000","49,000,000","36,000,000","48,000,000","36,000,000","49,000,000","36,000,000","48,000,000","36,000,000","49,000,000","35,000,000","49,000,000","42,000,000","48,000,000","13,000,000","48,000,000","13,000,000","56,000,000","13,000,000","23,000,000","13,000,000","24,000,000","13,000,000","23,000,000","13,000,000","26,000,000","13,000,000","12,000,000","13,000,000","13,000,000","5,000,000",,,,"11,000,000",,,,"5,000,000",,,"0",,"236,000,000","47,000,000","33,000,000",,,,,,,,,,,,,,,,,,,,,,,,,,,,,,,,,,,,,,,,,,,,"2,000,000","3,000,000","3,000,000","2,000,000","2,000,000","3,000,000","3,000,000","2,000,000","3,000,000","2,000,000","3,000,000","3,000,000","3,000,000","3,000,000","3,000,000","5,000,000","6,000,000","6,000,000","7,000,000","8,000,000","8,000,000",,,"8,000,000",,,,,,,,,,,,,,,,,,,,,,,,,,
	OtherunderPreferredStockDividend,"2,000,000","0",,"1,000,000","1,000,000","1,000,000","1,000,000","1,000,000","3,000,000","6,000,000","3,000,000","4,000,000","5,000,000","5,000,000","7,000,000","7,000,000","8,000,000","8,000,000","8,000,000","13,000,000","14,000,000","13,000,000","15,000,000","13,000,000","11,000,000","9,000,000","43,000,000","44,000,000","12,000,000","4,000,000","20,000,000","10,000,000","13,000,000","10,000,000","18,000,000","15,000,000","3,000,000","9,000,000","11,000,000","8,000,000","2,000,000","5,000,000",,,,,,,,,,,,,,,,,,,,,,,,,,,,,,,,,,,,,,,,,,,,,,,,,,,,,,,,,,,,,,,,,,,,,,,,,,,,,,,,,,,,,,,,,,,,,,,,,,,,,,,,,
DilutedNIAvailtoComStockholders,"3,550,000,000","822,000,000","881,000,000","990,000,000","857,000,000","701,000,000","875,000,000","900,000,000","941,000,000","1,385,000,000","999,000,000","965,000,000","905,000,000","827,000,000","1,068,000,000","1,048,000,000","1,127,000,000","1,118,000,000","975,000,000","913,000,000","866,000,000","809,000,000","959,000,000","812,000,000","793,000,000","628,000,000","777,000,000","786,000,000","754,000,000","205,000,000","1,050,000,000","544,000,000","648,000,000","503,000,000","949,000,000","818,000,000","-269,000,000","613,000,000","720,000,000","466,000,000","619,000,000","500,000,000","640,000,000","735,000,000","625,000,000","679,000,000","617,000,000","658,000,000","559,000,000","593,000,000","-2,458,000,000","176,000,000","322,000,000","28,000,000","303,000,000","309,000,000","746,000,000","520,000,000","640,000,000","445,000,000","434,000,000","1,789,000,000","352,000,000","448,000,000","422,000,000","405,000,000","389,000,000","398,000,000","379,000,000","351,000,000","354,000,000","371,000,000","364,000,000","307,000,000","260,000,000","295,000,000","295,000,000","100,000,000","79,000,000","361,000,000","362,000,000","331,000,000","243,000,000","385,000,000","384,000,000","372,000,000","363,000,000","356,000,000","338,000,000","328,000,000","773,000,000","323,000,000","316,000,000","313,000,000","301,000,000","295,000,000","284,000,000","296,000,000","270,000,000","266,000,000","263,000,000","248,000,000","246,000,000","275,000,000","241,000,000","238,000,000","232,000,000","223,000,000","210,000,000","198,000,000","191,000,000","173,000,000","173,000,000","151,000,000","145,000,000","123,000,000","117,000,000","97,000,000","98,000,000","87,000,000","72,000,000","65,900,000","58,800,000","60,600,000","-63,300,000","65,000,000","70,600,000","70,400,000","102,300,000",,,,,,,,,,,,,,,,,,
BasicEPS,,"1.01","1.04","1.14","0.97","0.79","0.98","1.01","1.05","1.52","1.07","1.01","0.94","1.09","1.07","1.04","1.11","1.09","0.94","0.88","0.83","0.77","0.9","0.76","0.73","0.58","0.74","0.74","0.67","0.71","0.93","0.48","0.57","0.44","0.83","0.71","-0.23","0.535","0.61","0.39","0.52","0.42","0.53","0.59","0.5","0.55","0.51","0.54","0.46",,"-2.05","0.15","0.28","0.02","0.27","0.27","0.66",,"0.57","0.63","0.58",,"0.47","0.59","0.55",,"0.51","0.52","0.49",,"0.46","0.48","0.47",,"0.34","0.39","0.41",,"0.11","0.5","0.5",,"0.33","0.53","0.53",,"0.5","0.49","0.46",,"1.04","0.42","0.41",,"0.4","0.4","0.39",,"0.36","0.35","0.34",,"0.32","0.36","0.31",,"0.29","0.29","0.28",,"0.26","0.23","0.24",,"0.2","0.19","0.19",,"0.14","0.14","0.13",,"0.09","0.1","-0.13",,"0.12","0.12","0.18",,,,"0.19",,,,"0.2",,,,"0.18",,,,"0.17",,
DilutedEPS,,"1.01","1.04","1.13","0.97","0.79","0.98","1.01","1.05","1.52","1.07","1.01","0.94","1.08","1.06","1.03","1.1","1.08","0.94","0.88","0.83","0.77","0.9","0.75","0.73","0.57","0.74","0.73","0.67","0.7","0.93","0.48","0.57","0.44","0.82","0.71","-0.23","0.535","0.61","0.39","0.52","0.42","0.53","0.59","0.5","0.54","0.51","0.54","0.46",,"-2.05","0.15","0.28","0.02","0.26","0.27","0.65",,"0.56","0.62","0.57",,"0.46","0.59","0.55",,"0.51","0.52","0.49",,"0.46","0.48","0.47",,"0.34","0.39","0.41",,"0.11","0.5","0.5",,"0.33","0.52","0.52",,"0.49","0.48","0.46",,"1.02","0.42","0.41",,"0.39","0.38","0.37",,"0.34","0.33","0.32",,"0.3","0.33","0.28",,"0.28","0.28","0.27",,"0.24","0.22","0.22",,"0.19","0.18","0.18",,"0.14","0.14","0.13",,"0.09","0.1","-0.13",,"0.12","0.12","0.18",,,,"0.18",,,,"0.19",,,,"0.17",,,,"0.15",,
BasicAverageShares,,"813,861,386","847,115,385","869,298,246","884,536,082","889,928,000","893,877,551","892,079,208","894,122,000","911,324,000","933,264,000","951,281,000","962,397,000","1,024,828,000","999,808,000","1,010,179,000","1,016,797,000","1,024,828,000","1,035,337,000","1,035,829,000","1,041,158,000","1,050,888,000","1,062,248,000","1,072,583,000","1,079,641,000","1,088,880,000","1,098,003,000","1,113,790,000","1,118,602,000","1,120,672,000","1,126,946,000","1,133,556,000","1,138,645,000","1,142,861,000","1,148,724,000","1,152,545,000","1,158,819,000","1,163,490,341","1,169,674,000","1,181,350,000","1,193,931,000","1,204,994,000","1,214,126,000","1,230,406,000","1,234,076,000","1,232,568,000","1,219,607,843","1,204,557,000","1,215,217,391",,"1,197,414,000","1,171,081,000","1,146,070,000","1,144,839,000","1,143,445,000","1,135,153,000","1,134,280,000",,"1,125,165,000","709,783,000","750,737,000",,"757,000,000","756,000,000","764,000,000",,"761,000,000","765,000,000","771,000,000",,"772,000,000","772,000,000","771,000,000",,"766,000,000","751,000,000","722,000,000",,"721,000,000","722,000,000","722,000,000",,"731,000,000","731,000,000","732,000,000",,"734,000,000","733,000,000","732,000,000",,"743,269,231","761,000,000","766,000,000",,"751,000,000","748,000,000","738,000,000",,"750,000,000","760,000,000","773,529,412",,"768,750,000","763,888,889","777,419,355",,"800,000,000","768,965,517","750,000,000",,"734,615,385","752,173,913","720,833,333",,"725,000,000","647,368,421","615,789,474",,"700,000,000","621,428,571","553,846,154",,"653,333,333","606,000,000","486,923,077",,"588,333,333","586,666,667","568,333,333",,,,"516,480,000",,,,"264,888,000",,,,"262,352,000",,,,"239,952,000",,
DilutedAverageShares,,"817,345,000","849,028,000","873,475,000","884,536,082","891,846,000","893,877,551","892,079,208","896,689,000","914,739,000","935,677,000","953,928,000","965,960,000","1,030,404,000","1,003,665,000","1,014,357,000","1,021,731,000","1,030,404,000","1,041,138,000","1,041,879,000","1,047,746,000","1,056,818,000","1,067,682,000","1,078,271,000","1,085,284,000","1,096,385,000","1,105,645,000","1,122,135,000","1,126,306,000","1,129,040,000","1,134,871,000","1,139,800,000","1,144,510,000","1,147,961,000","1,152,679,000","1,155,981,000","1,158,819,000","1,163,490,341","1,171,534,000","1,182,985,000","1,195,558,000","1,205,586,000","1,215,527,000","1,233,710,000","1,238,284,000","1,235,670,000","1,219,607,843","1,208,830,000","1,215,217,391",,"1,197,414,000","1,174,466,000","1,146,943,000","1,150,753,000","1,151,469,000","1,146,886,000","1,147,906,000",,"1,140,797,000","722,661,000","763,083,000",,"767,000,000","765,000,000","774,000,000",,"769,000,000","772,000,000","779,000,000",,"778,000,000","779,000,000","778,000,000",,"774,000,000","757,000,000","726,000,000",,"727,000,000","729,000,000","730,000,000",,"741,000,000","742,000,000","743,000,000",,"747,000,000","745,000,000","741,000,000",,"757,843,137","773,000,000","779,000,000",,"779,000,000","784,000,000","780,000,000",,"794,117,647","806,060,606","821,875,000",,"820,000,000","833,333,333","860,714,286",,"828,571,429","796,428,571","777,777,778",,"795,833,333","786,363,636","786,363,636",,"763,157,895","683,333,333","650,000,000",,"700,000,000","621,428,571","553,846,154",,"653,333,333","606,000,000","486,923,077",,"588,333,333","586,666,667","568,333,333",,,,"516,480,000",,,,"264,888,000",,,,"262,352,000",,,,"239,952,000",,
RentExpenseSupplemental,,,,,,,,,,,,,,,,,,,,,,"6,000,000",,,,"8,000,000",,,"1,000,000",,,,,,,,,,,,,,,,,,,,,,,,,,,,,,,,,,,,,,,,,,,,,,,,,,,,,,,,,,,,,,,,,,,,,,,,,,,,,,,,,,,,,,,,,,,,,,,,,,,,,,,,,,,,,,,,,,,,,,
NetIncomeFromContinuingAndDiscontinuedOperation,"3,759,000,000","863,000,000","947,000,000","1,022,000,000","927,000,000","750,000,000","937,000,000","950,000,000","980,000,000","1,440,000,000","1,038,000,000","1,017,000,000","946,000,000","881,000,000","1,111,000,000","1,103,000,000","1,171,000,000","1,175,000,000","1,018,000,000","975,000,000","922,000,000","870,000,000","987,000,000","873,000,000","817,000,000","693,000,000","833,000,000","853,000,000","779,000,000","233,000,000","1,083,000,000","577,000,000","674,000,000","539,000,000","980,000,000","845,000,000","-253,000,000","635,000,000","725,000,000","466,000,000","619,000,000","505,000,000","651,000,000","735,000,000","625,000,000","679,000,000","622,000,000","658,000,000","559,000,000","593,000,000","-2,458,000,000","412,000,000","369,000,000","87,000,000","303,000,000","309,000,000","746,000,000","700,000,000","640,000,000","445,000,000","434,000,000","1,789,000,000","352,000,000","448,000,000","422,000,000","405,000,000","389,000,000","398,000,000","379,000,000","351,000,000","354,000,000","371,000,000","364,000,000","307,000,000","260,000,000","295,000,000","295,000,000","100,000,000","79,000,000","361,000,000","362,000,000","331,000,000","243,000,000","385,000,000","384,000,000","372,000,000","363,000,000","356,000,000","338,000,000","328,000,000","773,000,000","323,000,000","316,000,000","313,000,000","301,000,000","295,000,000","284,000,000","298,000,000","273,000,000","269,000,000","265,000,000","250,000,000","249,000,000","278,000,000","243,000,000","241,000,000","234,000,000","226,000,000","213,000,000","201,000,000","194,000,000","176,000,000","178,000,000","157,000,000","151,000,000","130,000,000","125,000,000","105,000,000","98,000,000","87,000,000","80,000,000","65,900,000","58,800,000","60,600,000","-63,300,000","65,000,000","70,600,000","70,400,000","102,300,000",,,,,,,,,,,,,,,,,,
NormalizedIncome,"3,759,000,000","863,000,000","947,000,000","1,022,000,000","927,000,000","750,000,000","937,000,000","950,000,000","980,000,000","1,440,000,000","1,038,000,000","1,017,000,000","946,000,000","881,000,000","1,111,000,000","1,103,000,000","1,171,000,000","1,175,000,000","1,022,476,000","983,952,000","928,216,000","875,299,000","1,000,572,000","878,257,000","829,597,000","707,382,000","841,206,000","898,017,000","776,732,000","753,000,000","673,360,000","666,426,000","665,012,000","540,528,000","991,792,000","854,542,000","-227,650,000","669,837,045.721","745,000,000","784,315,789.474","625,416,949.153","395,386,066.763","662,944,973.545","748,177,949.71","632,766,069.547","855,711,340.206","677,270,983.213","667,302,186.879","624,368,778.281","786,750,000","-2,408,870,870.113","566,479,532.164","425,811,023.622","210,800,000","377,150,000","398,850,000","994,618,018.018","778,307,392.996","798,550,335.57","480,000,000","447,162,790.698","-998,163,987.138","360,848,341.232","391,000,000","422,000,000","405,000,000","389,000,000","398,000,000","379,000,000","351,000,000","354,000,000","371,000,000","364,000,000","307,000,000","260,000,000","311,352,549.889","295,000,000","100,000,000","79,000,000","361,000,000","362,000,000","331,000,000","243,000,000","385,000,000","384,000,000","372,000,000","363,000,000","356,000,000","338,000,000","328,000,000","773,000,000","323,000,000","316,000,000","313,000,000","301,000,000","295,000,000","284,000,000","298,000,000","273,000,000","269,000,000","265,000,000","250,000,000","249,000,000","278,000,000","243,000,000","241,000,000","234,000,000","226,000,000","213,000,000","201,000,000","194,000,000","176,000,000","178,000,000","157,000,000","151,000,000","130,000,000","125,000,000","105,000,000","98,000,000","87,000,000","80,000,000","65,900,000","58,800,000","60,600,000","-63,300,000","65,000,000","70,600,000","70,400,000","102,300,000",,,,,,,,,,,,,,,,,,
InterestIncome,"2,845,000,000","729,000,000","693,000,000","685,000,000","738,000,000","776,000,000","820,000,000","943,000,000","1,570,000,000","1,721,000,000","1,942,000,000","1,965,000,000","1,920,000,000","1,864,000,000","1,634,000,000","1,553,000,000","1,381,000,000","1,219,000,000","1,151,000,000","1,052,000,000","960,000,000","928,000,000","874,000,000","890,000,000","883,000,000","834,000,000","838,000,000","847,000,000","807,000,000","802,000,000","809,000,000","811,000,000","812,000,000","846,000,000","855,000,000","836,000,000","815,000,000","843,000,000","877,000,000","875,000,000","912,000,000","925,000,000","928,000,000","926,000,000","867,000,000","913,000,000","859,000,000","862,000,000","883,000,000","854,000,000","829,000,000","845,000,000","998,000,000","1,551,000,000","1,339,000,000","1,092,000,000","1,656,000,000","1,790,000,000","1,778,000,000","1,162,000,000","1,021,000,000","1,057,000,000","960,000,000","910,000,000","998,000,000","956,000,000","870,000,000","814,000,000","732,000,000","781,000,000","629,000,000","601,000,000","441,000,000","585,000,000","575,000,000","595,000,000","576,000,000","627,000,000","649,000,000","675,000,000","662,000,000","741,000,000","922,000,000","925,000,000","1,033,000,000","1,130,000,000","1,107,000,000","1,107,000,000","1,033,000,000","943,000,000","834,000,000","839,000,000","857,000,000","900,000,000","906,000,000","870,000,000","834,000,000","839,000,000","921,000,000","912,000,000","887,000,000","882,000,000","856,000,000","910,000,000","928,000,000","966,000,000","947,000,000","981,000,000","936,000,000","855,000,000","783,000,000","698,000,000","626,000,000","626,000,000","628,000,000","561,000,000","561,000,000","596,000,000","603,000,000","612,000,000","640,000,000","692,100,000","761,800,000","793,600,000","940,600,000","1,062,000,000","1,125,800,000","1,119,400,000","1,090,300,000",,,,,,,,,,,,,,,,,,
InterestExpense,"227,000,000","52,000,000","52,000,000","40,000,000","83,000,000","96,000,000","117,000,000","163,000,000","756,000,000","906,000,000","1,212,000,000","1,163,000,000","1,079,000,000","979,000,000","743,000,000","637,000,000","462,000,000","368,000,000","312,000,000","226,000,000","168,000,000","97,000,000","100,000,000","123,000,000","117,000,000","74,000,000","79,000,000","68,000,000","79,000,000","90,000,000","88,000,000","92,000,000","84,000,000","85,000,000","83,000,000","79,000,000","96,000,000","118,000,000","128,000,000","141,000,000","147,000,000","145,000,000","153,000,000","195,000,000","169,000,000","193,000,000","141,000,000","140,000,000","118,000,000","130,000,000","113,000,000","145,000,000","206,000,000","481,000,000","636,000,000","681,000,000","889,000,000","1,038,000,000","1,109,000,000","710,000,000","594,000,000","606,000,000","609,000,000","552,000,000","510,000,000","464,000,000","378,000,000","344,000,000","277,000,000","254,000,000","201,000,000","180,000,000","173,000,000","166,000,000","168,000,000","197,000,000","190,000,000","215,000,000","231,000,000","252,000,000","250,000,000","382,000,000","511,000,000","469,000,000","578,000,000","649,000,000","628,000,000","644,000,000","586,000,000","502,000,000","417,000,000","423,000,000","430,000,000","467,000,000","491,000,000","462,000,000","439,000,000","439,000,000","435,000,000","431,000,000","399,000,000","392,000,000","389,000,000","422,000,000","419,000,000","445,000,000","435,000,000","477,000,000","445,000,000","378,000,000","335,000,000","289,000,000","243,000,000","246,000,000","252,000,000","232,000,000","240,000,000","269,000,000","296,000,000","320,000,000","341,000,000","411,400,000","464,500,000","504,600,000","609,600,000","734,700,000","794,900,000","791,500,000","757,400,000",,,,,,,,,,,,,,,,,,
NetInterestIncome,"2,618,000,000","677,000,000","641,000,000","645,000,000","655,000,000","680,000,000","703,000,000","780,000,000","814,000,000","815,000,000","730,000,000","802,000,000","841,000,000","885,000,000","891,000,000","916,000,000","919,000,000","851,000,000","839,000,000","826,000,000","792,000,000","831,000,000","774,000,000","767,000,000","766,000,000","760,000,000","759,000,000","779,000,000","728,000,000","712,000,000","721,000,000","719,000,000","728,000,000","761,000,000","772,000,000","757,000,000","719,000,000","725,000,000","749,000,000","734,000,000","765,000,000","780,000,000","775,000,000","731,000,000","698,000,000","720,000,000","718,000,000","722,000,000","765,000,000","724,000,000","716,000,000","700,000,000","792,000,000","1,070,000,000","703,000,000","411,000,000","767,000,000","752,000,000","669,000,000","452,000,000","427,000,000","451,000,000","351,000,000","358,000,000","488,000,000","492,000,000","492,000,000","470,000,000","455,000,000","527,000,000","428,000,000","421,000,000","268,000,000","419,000,000","407,000,000","398,000,000","386,000,000","412,000,000","418,000,000","423,000,000","412,000,000","359,000,000","411,000,000","456,000,000","455,000,000","481,000,000","479,000,000","463,000,000","447,000,000","441,000,000","417,000,000","416,000,000","427,000,000","433,000,000","415,000,000","408,000,000","395,000,000","400,000,000","486,000,000","481,000,000","488,000,000","490,000,000","467,000,000","488,000,000","509,000,000","521,000,000","512,000,000","504,000,000","491,000,000","477,000,000","448,000,000","409,000,000","383,000,000","380,000,000","376,000,000","329,000,000","321,000,000","327,000,000","307,000,000","292,000,000","299,000,000","280,700,000","297,300,000","289,000,000","331,000,000","327,300,000","330,900,000","327,900,000","332,900,000",,,,,,,,,,,,,,,,,,
ReconciledDepreciation,"1,867,000,000","461,000,000","468,000,000","472,000,000","466,000,000","455,000,000","431,000,000","390,000,000","354,000,000","344,000,000","336,000,000","333,000,000","302,000,000","328,000,000","334,000,000","342,000,000","335,000,000","430,000,000","351,000,000","346,000,000","347,000,000","384,000,000","370,000,000","384,000,000","364,000,000","373,000,000","376,000,000","368,000,000","340,000,000","316,000,000","330,000,000","313,000,000","333,000,000","338,000,000","345,000,000","373,000,000","333,000,000","335,000,000","313,000,000","299,000,000","299,000,000","219,000,000","191,000,000","183,000,000","183,000,000","216,000,000","156,000,000","144,000,000","113,000,000","191,000,000","193,000,000","175,000,000","152,000,000","190,000,000","223,000,000","243,000,000","231,000,000","376,000,000","224,000,000","99,000,000","127,000,000","144,000,000","131,000,000","102,000,000","117,000,000","123,000,000","122,000,000","103,000,000","178,000,000","113,000,000","133,000,000","115,000,000","119,000,000","123,000,000","113,000,000","105,000,000","89,000,000","85,000,000","56,000,000","39,000,000","52,000,000","82,000,000","75,000,000","63,000,000","64,000,000","63,000,000","62,000,000","61,000,000","61,000,000","59,000,000","50,000,000","57,000,000","49,000,000","49,000,000","48,000,000","46,000,000","44,000,000","46,000,000","52,000,000","50,000,000","52,000,000","59,000,000","62,000,000","59,000,000","57,000,000","53,000,000","47,000,000","50,000,000","48,000,000","54,000,000","48,000,000","50,000,000","48,000,000","49,000,000","57,000,000","39,000,000","42,000,000","46,000,000","42,000,000","41,000,000","36,000,000","40,300,000","39,900,000","37,800,000","37,000,000","37,300,000","38,600,000","38,300,000","34,400,000",,,,,,,,,,,,,,,,,,
NetIncomeFromContinuingOperationNetMinorityInterest,"3,759,000,000","863,000,000","947,000,000","1,022,000,000","927,000,000","750,000,000","937,000,000","950,000,000","980,000,000","1,440,000,000","1,038,000,000","1,017,000,000","946,000,000","881,000,000","1,111,000,000","1,103,000,000","1,171,000,000","1,175,000,000","1,018,000,000","975,000,000","922,000,000","870,000,000","987,000,000","873,000,000","817,000,000","693,000,000","833,000,000","853,000,000","779,000,000","233,000,000","1,083,000,000","577,000,000","674,000,000","539,000,000","980,000,000","845,000,000","-253,000,000","635,000,000","725,000,000","466,000,000","619,000,000","505,000,000","651,000,000","735,000,000","625,000,000","690,000,000","625,000,000","668,000,000","601,000,000","712,000,000","-2,439,000,000","503,000,000","369,000,000","86,000,000","305,000,000","302,000,000","749,000,000","700,000,000","642,000,000","448,000,000","437,000,000","427,000,000","298,000,000","391,000,000","422,000,000","405,000,000","389,000,000","398,000,000","379,000,000","351,000,000","354,000,000","371,000,000","364,000,000","307,000,000","260,000,000","295,000,000","295,000,000","100,000,000","79,000,000","361,000,000","362,000,000","331,000,000","243,000,000","385,000,000","384,000,000","372,000,000","363,000,000","356,000,000","338,000,000","328,000,000","773,000,000","323,000,000","316,000,000","313,000,000","301,000,000","295,000,000","284,000,000","298,000,000","273,000,000","269,000,000","265,000,000","250,000,000","249,000,000","278,000,000","243,000,000","241,000,000","234,000,000","226,000,000","213,000,000","201,000,000","194,000,000","176,000,000","178,000,000","157,000,000","151,000,000","130,000,000","125,000,000","105,000,000","98,000,000","87,000,000","80,000,000","65,900,000","58,800,000","60,600,000","-63,300,000","65,000,000","70,600,000","70,400,000","102,300,000",,,,,,,,,,,,,,,,,,
TotalUnusualItemsExcludingGoodwill,,,,,,"-49,000,000","4,000,000","3,000,000","4,000,000","815,000,000","2,000,000",,,,"7,000,000","15,000,000","46,000,000","0","-6,000,000","-12,000,000","-8,000,000","-7,000,000","-18,000,000","-7,000,000","-17,000,000","-18,000,000","-11,000,000","-59,000,000","3,000,000","-800,000,000","616,000,000","-122,000,000","12,000,000","-2,000,000","-16,000,000","-13,000,000","-39,000,000","-46,000,000","-26,000,000","-378,000,000","-9,000,000","158,000,000","-17,000,000","-18,000,000","-11,000,000","-228,000,000","-71,000,000","1,000,000","-33,000,000","-115,000,000","-49,000,000","-65,000,000","-78,000,000","-192,000,000","-111,000,000","-149,000,000","-364,000,000","-115,000,000","-218,000,000","-47,000,000","-15,000,000","2,076,000,000","-89,000,000",,,,,,,,,,,,,"-25,000,000",,,,,,,,,,,,,,,,,,,,,,,,,,,,,,,,,,,,,,,,,,,,,,,,,,,,,,,,,,,,,,,,,,,,,,,
TotalUnusualItems,,,,,,"-49,000,000","4,000,000","3,000,000","4,000,000","815,000,000","2,000,000",,,,"7,000,000","15,000,000","46,000,000","0","-6,000,000","-12,000,000","-8,000,000","-7,000,000","-18,000,000","-7,000,000","-17,000,000","-18,000,000","-11,000,000","-59,000,000","3,000,000","-800,000,000","616,000,000","-122,000,000","12,000,000","-2,000,000","-16,000,000","-13,000,000","-39,000,000","-46,000,000","-26,000,000","-378,000,000","-9,000,000","158,000,000","-17,000,000","-18,000,000","-11,000,000","-228,000,000","-71,000,000","1,000,000","-33,000,000","-115,000,000","-49,000,000","-65,000,000","-78,000,000","-192,000,000","-111,000,000","-149,000,000","-364,000,000","-115,000,000","-218,000,000","-47,000,000","-15,000,000","2,076,000,000","-89,000,000",,,,,,,,,,,,,"-25,000,000",,,,,,,,,,,,,,,,,,,,,,,,,,,,,,,,,,,,,,,,,,,,,,,,,,,,,,,,,,,,,,,,,,,,,,,
TaxRateForCalcs,"0.189","0.184","0.188","0.19","0.192","0.164","0.184","0.183","0.216","0.205","0.191","0.205","0.199","0.147","0.165","0.205","0.195","0.4","0.254","0.254","0.223","0.243","0.246","0.249","0.259","0.201","0.254","0.237","0.244","0.35","0.335","0.267","0.251","0.236","0.263","0.266","0.35","0.243","0.231","0.158","0.287","0.306","0.297","0.268","0.294","0.273","0.264","0.302","0.292","0.35","0.385","0.023","0.272","0.35","0.35","0.35","0.325","0.319","0.282","0.319","0.322","0.314","0.294","0.338","0.338","0.334","0.346","0.334","0.33","0.4","0.343","0.343","0.23","0.345","0.335","0.346","0.346","0.359","0.358","0.34","0.337","0.338","0.317","0.359","0.362","0.359","0.37","0.367","0.367","0.362","0.4","0.368","0.368","0.365","0.368","0.368","0.377","0.378","0.377","0.376","0.376","0.381","0.384","0.385","0.385","0.384","0.384","0.384","0.381","0.376","0.374","0.374","0.375","0.317","0.398","0.384","0.372","0.34","0.338","0.341","0.339","0.388","0.372","0.364","0.4","0.4","0.266","0.341","0.385",,,,,,,,,,,,,,,,,,
TaxEffectOfUnusualItems,"0","0","0","0","0","0","0","0","0","0","0","0","0","0","0","0","0","0","-1,524,000","-3,048,000","-1,784,000","-1,701,000","-4,428,000","-1,743,000","-4,403,000","-3,618,000","-2,794,000","-13,983,000","732,000","-280,000,000","206,360,000","-32,574,000","3,012,000","-472,000","-4,208,000","-3,458,000","-13,650,000","-11,162,954.279","-6,000,000","-59,684,210.526","-2,583,050.847","48,386,066.763","-5,055,026.455","-4,822,050.29","-3,233,930.453","-62,288,659.794","-18,729,016.787","302,186.879","-9,631,221.719","-40,250,000","-18,870,870.113","-1,520,467.836","-21,188,976.378","-67,200,000","-38,850,000","-52,150,000","-118,381,981.982","-36,692,607.004","-61,449,664.43","-15,000,000","-4,837,209.302","650,836,012.862","-26,151,658.768","0","0","0","0","0","0","0","0","0","0","0","0","-8,647,450.111","0","0","0","0","0","0","0","0","0","0","0","0","0","0","0","0","0","0","0","0","0","0","0","0","0","0","0","0","0","0","0","0","0","0","0","0","0","0","0","0","0","0","0","0","0","0","0","0","0","0","0","0","0",,,,,,,,,,,,,,,,,,