name,ttm,12/31/2021,09/30/2021,06/30/2021,03/31/2021,12/31/2020,09/30/2020,06/30/2020,03/31/2020,12/31/2019,09/30/2019,06/30/2019,03/31/2019,12/31/2018,09/30/2018,06/30/2018,03/31/2018,12/31/2017,09/30/2017,06/30/2017,03/31/2017,12/31/2016,09/30/2016,06/30/2016,03/31/2016,12/31/2015,09/30/2015,06/30/2015,03/31/2015,12/31/2014,09/30/2014,06/30/2014,03/31/2014,12/31/2013,09/30/2013,06/30/2013,03/31/2013,12/31/2012,09/30/2012,06/30/2012,03/31/2012,12/31/2011,09/30/2011,06/30/2011,03/31/2011,12/31/2010,09/30/2010,06/30/2010,03/31/2010,12/31/2009,09/30/2009,06/30/2009,03/31/2009,12/31/2008,09/30/2008,06/30/2008,03/31/2008,12/31/2007,09/30/2007,06/30/2007,03/31/2007,12/31/2006,09/30/2006,06/30/2006,03/31/2006,12/31/2005,09/30/2005,06/30/2005,03/31/2005,12/31/2004,09/30/2004,06/30/2004,03/31/2004,12/31/2003,09/30/2003,06/30/2003,03/31/2003,12/31/2002,09/30/2002,06/30/2002,03/31/2002,12/31/2001,09/30/2001,06/30/2001,03/31/2001,12/31/2000,09/30/2000,06/30/2000,03/31/2000,12/31/1999,09/30/1999,06/30/1999,03/31/1999
TotalRevenue,"19,374,000,000","5,106,000,000","5,050,000,000","4,820,000,000","4,398,000,000","4,478,000,000","4,369,000,000","3,648,000,000","3,710,000,000","3,977,000,000","3,692,000,000","3,524,000,000","3,346,000,000","3,434,000,000","3,576,000,000","3,605,000,000","3,583,000,000","3,469,000,000","3,233,000,000","2,965,000,000","2,824,000,000","2,890,000,000","2,837,000,000","2,804,000,000","2,624,000,000","2,863,000,000","2,910,000,000","2,905,000,000","2,723,000,000","2,784,000,000","2,849,000,000","2,778,000,000","2,670,000,000","2,777,000,000","2,472,000,000","2,482,000,000","2,449,000,000","2,539,000,000","2,320,000,000","2,229,000,000","2,249,000,000","2,227,000,000","2,225,000,000","2,347,000,000","2,282,000,000","2,493,000,000","2,092,000,000","2,032,000,000","1,995,000,000","1,544,000,000","1,140,000,000","1,029,000,000","987,000,000","1,063,690,000","1,313,220,000","1,386,951,000","1,300,138,000","1,444,179,000","1,298,079,000","1,097,023,000","1,005,374,000","1,018,525,000","323,058,000","360,733,000","395,660,000","369,108,000","300,807,000","271,389,000","250,083,000","188,677,000","170,999,000","183,812,000","181,823,000","85,962,000","213,831,000","143,906,000","142,751,000","137,037,000","137,132,000","156,695,000","146,113,000","129,391,000","134,782,000","135,262,000","133,709,000","128,540,000","127,701,000","112,571,000","108,060,000","98,581,000","101,000,000","90,700,000","90,700,000"
	OperatingRevenue,"19,374,000,000","5,106,000,000","5,050,000,000","4,820,000,000","4,398,000,000","4,478,000,000","4,369,000,000","3,609,000,000","3,646,000,000","3,872,000,000","3,630,000,000","3,471,000,000","3,297,000,000","3,353,000,000","3,513,000,000","3,527,000,000","3,512,000,000","3,368,000,000","3,163,000,000","2,892,000,000","2,765,000,000","2,821,000,000","2,788,000,000","2,746,000,000","2,575,000,000","2,811,000,000","2,845,000,000","2,844,000,000","2,662,000,000","2,726,000,000","2,783,000,000","2,713,000,000","2,622,000,000","2,724,000,000","2,424,000,000","2,422,000,000","2,380,000,000","2,326,000,000","2,320,000,000","2,229,000,000","2,249,000,000","2,227,000,000","2,225,000,000","2,347,000,000","2,282,000,000","2,493,000,000","2,092,000,000","2,032,000,000","1,995,000,000","1,544,000,000","1,140,000,000","1,029,000,000","987,000,000","1,063,690,000","1,313,220,000","134,832,000","1,298,988,000","1,444,179,000","1,298,079,000","1,097,023,000","1,005,374,000","1,059,034,000","326,989,000","367,578,000","410,724,000","374,994,000","300,807,000","277,416,000","259,869,000","224,152,000","176,681,000","162,013,000","188,720,000","109,308,000","213,831,000","128,013,000","146,280,000","139,086,000","137,540,000","160,709,000","149,133,000","133,583,000","137,672,000","137,894,000","135,571,000","131,610,000","129,898,000","113,988,000","109,110,000","102,026,000","101,000,000","90,700,000","90,700,000"
CostOfRevenue,"9,556,000,000","2,465,000,000","2,466,000,000","2,391,000,000","2,234,000,000","2,129,000,000","2,124,000,000","1,827,000,000","1,859,000,000","1,895,000,000","1,777,000,000","1,751,000,000","1,710,000,000","1,664,000,000","1,754,000,000","1,761,000,000","1,814,000,000","1,520,000,000","1,449,000,000","1,348,000,000","1,351,000,000","1,286,000,000","1,291,000,000","1,290,000,000","1,242,000,000","1,292,000,000","1,335,000,000","1,320,000,000","1,282,000,000","1,218,000,000","1,276,000,000","1,238,000,000","1,265,000,000","1,193,000,000","1,132,000,000","1,128,000,000","1,169,000,000","4,015,000,000","94,000,000","93,000,000","95,000,000","87,000,000","90,000,000","100,000,000","939,000,000","106,000,000","105,000,000","806,000,000","873,000,000","-1,079,000,000","563,000,000","515,000,000","480,000,000","-1,351,612,000","618,353,000","705,572,000",,,,,,,,,,,,,,,,,,,,,,,,,,,,,,,,,,,,,
GrossProfit,"9,818,000,000","2,641,000,000","2,584,000,000","2,429,000,000","2,164,000,000","2,349,000,000","2,245,000,000","1,821,000,000","1,851,000,000","2,082,000,000","1,915,000,000","1,773,000,000","1,636,000,000","1,770,000,000","1,822,000,000","1,844,000,000","1,769,000,000","1,949,000,000","1,784,000,000","1,617,000,000","1,473,000,000","1,604,000,000","1,546,000,000","1,514,000,000","1,382,000,000","1,571,000,000","1,575,000,000","1,585,000,000","1,441,000,000","1,566,000,000","1,573,000,000","1,540,000,000","1,405,000,000","1,584,000,000","1,340,000,000","1,354,000,000","1,280,000,000","-1,476,000,000","2,226,000,000","2,136,000,000","2,154,000,000","2,140,000,000","2,135,000,000","2,247,000,000","1,343,000,000","2,387,000,000","1,987,000,000","1,226,000,000","1,122,000,000","2,623,000,000","577,000,000","514,000,000","507,000,000","2,415,302,000","694,867,000","681,379,000",,,,,,,,,,,,,,,,,,,,,,,,,,,,,,,,,,,,,
OperatingExpense,"2,330,000,000","600,000,000","619,000,000","499,000,000","612,000,000","502,000,000","487,000,000","416,000,000","548,000,000","496,000,000","416,000,000","470,000,000","389,000,000","429,000,000","390,000,000","401,000,000","387,000,000","460,000,000","390,000,000","375,000,000","326,000,000","379,000,000","337,000,000","341,000,000","343,000,000","434,000,000","353,000,000","347,000,000","374,000,000","372,000,000","416,000,000","418,000,000","354,000,000","451,000,000","374,000,000","505,000,000","371,000,000","-2,481,000,000","1,351,000,000","1,307,000,000","1,339,000,000","1,300,000,000","1,358,000,000","1,381,000,000","545,000,000","1,447,000,000","1,280,000,000","529,000,000","468,000,000","2,234,000,000","220,000,000","253,000,000","214,000,000","2,038,518,000","241,331,000","276,389,000","904,448,000","428,843,000","1,026,361,000","815,022,000","733,143,000","772,442,000","294,050,000","264,050,000","295,633,000","256,712,000","221,138,000","189,494,000","183,501,000","132,851,000","193,375,000","121,231,000","105,959,000","96,959,000","95,198,000","89,104,000","88,685,000","82,034,000","81,636,000","101,990,000","96,178,000","86,375,000","92,250,000","92,554,000","91,789,000","88,868,000","90,775,000","78,249,000","75,942,000","337,338,000","-26,100,000",,
	SellingGeneralAndAdministration,"2,183,000,000","562,000,000","581,000,000","462,000,000","578,000,000","475,000,000","460,000,000","389,000,000","523,000,000","467,000,000","388,000,000","445,000,000","374,000,000","414,000,000","377,000,000","390,000,000","376,000,000","418,000,000","363,000,000","350,000,000","301,000,000","334,000,000","312,000,000","316,000,000","318,000,000","386,000,000","319,000,000","312,000,000","339,000,000","301,000,000","376,000,000","377,000,000","313,000,000","410,000,000","334,000,000","465,000,000","331,000,000","-2,478,000,000","1,299,000,000","1,254,000,000","1,284,000,000","1,243,000,000","1,299,000,000","1,322,000,000","483,000,000","1,384,000,000","1,214,000,000","462,000,000","402,000,000","2,171,000,000","161,000,000","191,000,000","151,000,000","1,969,703,000","170,917,000","206,395,000","212,983,000","2,163,254,000","194,442,000","210,780,000","223,036,000","229,004,000","82,905,000","74,367,000","56,984,000","60,761,000","51,524,000","46,397,000","46,167,000","36,817,000","29,259,000","31,363,000","31,299,000","28,591,000","28,167,000","25,476,000","25,109,000","22,172,000","23,448,000","22,043,000","22,412,000","20,139,000","20,689,000","18,684,000","17,055,000","15,029,000","15,577,000","14,605,000","13,100,000","-83,030,000","43,300,000",,
		GeneralAndAdministrativeExpense,"1,945,000,000","466,000,000","527,000,000","409,000,000","543,000,000","402,000,000","412,000,000","350,000,000","454,000,000","358,000,000","309,000,000","364,000,000","293,000,000","306,000,000","300,000,000","299,000,000","291,000,000","316,000,000","287,000,000","264,000,000","232,000,000","241,000,000","240,000,000","241,000,000","232,000,000","272,000,000","243,000,000","232,000,000","339,000,000","-112,000,000","376,000,000","377,000,000","313,000,000","410,000,000","334,000,000","465,000,000","331,000,000","-2,478,000,000","1,299,000,000","1,254,000,000","1,284,000,000","1,243,000,000","1,299,000,000","1,322,000,000",,"1,384,000,000","1,214,000,000","1,049,000,000","1,062,000,000",,,,,,"170,917,000",,"212,983,000","2,163,254,000","194,442,000","210,780,000","223,036,000","229,004,000","82,905,000","74,367,000","56,984,000","60,761,000","51,524,000","46,397,000","46,167,000","36,817,000","29,259,000","31,363,000","31,299,000","28,591,000","28,167,000","25,476,000","25,109,000","22,172,000","23,448,000","22,043,000","22,412,000","20,139,000","20,689,000","18,684,000","17,055,000","15,029,000","15,577,000","14,605,000","13,100,000","-83,030,000","43,300,000",,
			SalariesAndWages,,,,,,,,,,,,,,,,,,,,,,,,,,,,,,,,,,,,,,,"828,000,000","786,000,000","825,000,000","774,000,000","771,000,000","824,000,000",,"841,000,000","774,000,000","709,000,000","773,000,000",,,,,,"468,094,000",,"468,949,000","496,180,000","505,107,000","413,377,000","575,434,000","378,594,000","198,099,000","177,098,000","191,796,000","182,582,000","155,077,000","131,015,000","126,944,000","178,501,000","64,950,000","81,618,000","66,069,000","58,744,000","58,956,000","55,819,000","63,344,000","142,338,000","50,156,000","67,830,000","73,565,000","-6,206,000","74,621,000","55,534,000","72,485,000","68,091,000","68,849,000","42,680,000","53,770,000","54,995,000","43,300,000",,
			RentAndLandingFees,"364,000,000","114,000,000","91,000,000","80,000,000","79,000,000","80,000,000","81,000,000","80,000,000","78,000,000","83,000,000","75,000,000","75,000,000","74,000,000","73,000,000","73,000,000","73,000,000","74,000,000","73,000,000","68,000,000","69,000,000","65,000,000","64,000,000","65,000,000","72,000,000","72,000,000","75,000,000","69,000,000","69,000,000",,,,,,,,,,,,,,,,,,,,,,,,,,,,,,,,,,,,,,,,,,,,,,,,,,,,,,,,,,,,,,,,,
			OtherGandA,"1,581,000,000","352,000,000","436,000,000","329,000,000","464,000,000","322,000,000","331,000,000","270,000,000","376,000,000","275,000,000","234,000,000","289,000,000","219,000,000","233,000,000","227,000,000","226,000,000","217,000,000","243,000,000","219,000,000","195,000,000","167,000,000","177,000,000","175,000,000","169,000,000","160,000,000","197,000,000","174,000,000","163,000,000","339,000,000","-379,000,000","376,000,000","377,000,000","313,000,000","410,000,000","334,000,000","465,000,000","331,000,000","-39,000,000","471,000,000","468,000,000","459,000,000","469,000,000","528,000,000","498,000,000",,"543,000,000","440,000,000","340,000,000","289,000,000",,,,,,"-297,177,000",,"-255,966,000","1,667,074,000","-310,665,000","-202,597,000","-352,398,000","-149,590,000","-115,194,000","-102,731,000","-134,812,000","-121,821,000","-103,553,000","-84,618,000","-80,777,000","-141,684,000","-35,691,000","-50,255,000","-34,770,000","-30,153,000","-30,789,000","-30,343,000","-38,235,000","-120,166,000","-26,708,000","-45,787,000","-51,153,000","26,345,000","-53,932,000","-36,850,000","-55,430,000","-53,062,000","-53,272,000","-28,075,000","-40,670,000",,,,
		SellingAndMarketingExpense,"238,000,000","96,000,000","54,000,000","53,000,000","35,000,000","73,000,000","48,000,000","39,000,000","69,000,000","109,000,000","79,000,000","81,000,000","81,000,000","108,000,000","77,000,000","91,000,000","85,000,000","102,000,000","76,000,000","86,000,000","69,000,000","93,000,000","72,000,000","75,000,000","86,000,000","114,000,000","76,000,000","80,000,000",,,,,,,,,,,,,,,,,,,,"97,000,000","100,000,000",,,,,,,,,,,,,,,,,,,,,,,,,,,,,,,,,,,,,,,,,,,,
	DepreciationAmortizationDepletionIncomeStatement,"147,000,000","38,000,000","38,000,000","37,000,000","34,000,000","27,000,000","27,000,000","27,000,000","25,000,000","29,000,000","28,000,000","25,000,000","15,000,000","15,000,000","13,000,000","11,000,000","11,000,000","12,000,000","27,000,000","25,000,000","25,000,000","24,000,000","25,000,000","25,000,000","25,000,000","24,000,000","34,000,000","35,000,000","35,000,000","35,000,000","40,000,000","41,000,000","41,000,000","41,000,000","40,000,000","40,000,000","40,000,000","40,000,000","39,000,000","39,000,000","39,000,000","39,000,000","39,000,000","38,000,000","40,000,000","40,000,000","40,000,000","40,000,000","40,000,000","39,000,000","36,000,000","36,000,000","36,000,000","-61,185,000","70,414,000","69,994,000","66,777,000","-42,491,000","59,848,000","31,075,000","31,032,000","31,063,000","2,393,000","2,029,000","2,029,000","2,028,000","2,540,000","1,656,000","1,281,000","201,000","283,000","232,000","231,000","231,000","231,000","231,000","232,000","221,000","201,000","201,000","201,000","2,613,000","2,613,000","2,614,000","2,614,000","2,613,000","2,613,000","2,514,000","2,413,000",,,,
		DepreciationAndAmortizationInIncomeStatement,"147,000,000","38,000,000","38,000,000","37,000,000","34,000,000","27,000,000","27,000,000","27,000,000","25,000,000","29,000,000","28,000,000","25,000,000","15,000,000","15,000,000","13,000,000","11,000,000","11,000,000","12,000,000","27,000,000","25,000,000","25,000,000","24,000,000","25,000,000","25,000,000","25,000,000","24,000,000","34,000,000","35,000,000","35,000,000","35,000,000","40,000,000","41,000,000","41,000,000","41,000,000","40,000,000","40,000,000","40,000,000","40,000,000","39,000,000","39,000,000","39,000,000","39,000,000","39,000,000","38,000,000","40,000,000","40,000,000","40,000,000","40,000,000","40,000,000","39,000,000","36,000,000","36,000,000","36,000,000","-61,185,000","70,414,000","69,994,000","66,777,000","-42,491,000","59,848,000","31,075,000","31,032,000","31,063,000","2,393,000","2,029,000","2,029,000","2,028,000","2,540,000","1,656,000","1,281,000","201,000","283,000","232,000","231,000","231,000","231,000","231,000","232,000","221,000","201,000","201,000","201,000","2,613,000","2,613,000","2,614,000","2,614,000","2,613,000","2,613,000","2,514,000","2,413,000",,,,
			Amortization,"147,000,000","38,000,000","38,000,000","37,000,000","34,000,000","27,000,000","27,000,000","27,000,000","25,000,000","29,000,000","28,000,000","25,000,000","15,000,000","15,000,000","13,000,000","11,000,000","11,000,000","12,000,000","27,000,000","25,000,000","25,000,000","24,000,000","25,000,000","25,000,000","25,000,000","24,000,000","34,000,000","35,000,000","35,000,000","35,000,000","40,000,000","41,000,000","41,000,000","41,000,000","40,000,000","40,000,000","40,000,000","40,000,000","39,000,000","39,000,000","39,000,000","39,000,000","39,000,000","38,000,000","40,000,000","40,000,000","40,000,000","40,000,000","40,000,000","39,000,000","36,000,000","36,000,000","36,000,000","-61,185,000","70,414,000","69,994,000","66,777,000","-42,491,000","59,848,000","31,075,000","31,032,000","31,063,000","2,393,000","2,029,000","2,029,000","2,028,000","2,540,000","1,656,000","1,281,000","201,000","283,000","232,000","231,000","231,000","231,000","231,000","232,000","221,000","201,000","201,000","201,000","2,613,000","2,613,000","2,614,000","2,614,000","2,613,000","2,613,000","2,514,000","2,413,000",,,,
				AmortizationOfIntangiblesIncomeStatement,"147,000,000","38,000,000","38,000,000","37,000,000","34,000,000","27,000,000","27,000,000","27,000,000","25,000,000","29,000,000","28,000,000","25,000,000","15,000,000","15,000,000","13,000,000","11,000,000","11,000,000","12,000,000","27,000,000","25,000,000","25,000,000","24,000,000","25,000,000","25,000,000","25,000,000","24,000,000","34,000,000","35,000,000","35,000,000","35,000,000","40,000,000","41,000,000","41,000,000","41,000,000","40,000,000","40,000,000","40,000,000","40,000,000","39,000,000","39,000,000","39,000,000","39,000,000","39,000,000","38,000,000","40,000,000","40,000,000","40,000,000","40,000,000","40,000,000","39,000,000","36,000,000","36,000,000","36,000,000","-61,185,000","70,414,000","69,994,000","66,777,000","-42,491,000","59,848,000","31,075,000","31,032,000","31,063,000","2,393,000","2,029,000","2,029,000","2,028,000","2,540,000","1,656,000","1,281,000","201,000","283,000","232,000","231,000","231,000","231,000","231,000","232,000","221,000","201,000","201,000","201,000","2,613,000","2,613,000","2,614,000","2,614,000","2,613,000","2,613,000","2,514,000","2,413,000",,,,
	OtherTaxes,,,,,,,,,,,,,,,,,,,,,,,,,,,,,,,,,,,,,,,,,,,,,,,,,,,,,,,,,"-904,448,000",,,,,"-772,442,000","-294,050,000","-264,050,000","-295,633,000","-256,712,000",,"-189,494,000","-183,501,000",,"-193,375,000",,"-105,959,000","-96,959,000","-95,198,000",,"-88,685,000","-82,034,000","-81,636,000","-101,990,000","-96,178,000","-86,375,000","-92,250,000","-92,554,000","-91,789,000","-88,868,000","-90,775,000","-78,249,000","-75,942,000","-71,138,000","-69,400,000",,
	OtherOperatingExpenses,,,,,,,,,,,,,,,,,,,,,,,,,,,,,,,,,,,,,,,"13,000,000","14,000,000","16,000,000","18,000,000","20,000,000","21,000,000","22,000,000","23,000,000","26,000,000","27,000,000","26,000,000","24,000,000","23,000,000","26,000,000","27,000,000",,"618,353,000",,"1,529,136,000","-1,691,920,000","772,071,000","573,167,000","479,075,000","1,284,817,000","502,802,000","451,704,000","532,253,000","450,635,000","167,074,000","330,935,000","319,554,000","655,346,000","357,208,000","89,636,000","180,388,000","165,096,000","161,998,000","63,397,000","152,029,000","141,675,000","139,623,000","181,736,000","169,743,000","149,998,000","161,198,000","163,810,000","163,909,000","160,094,000","163,360,000","139,379,000","136,371,000",,,,
OperatingIncome,"7,488,000,000","2,041,000,000","1,965,000,000","1,930,000,000","1,552,000,000","1,847,000,000","1,758,000,000","1,405,000,000","1,303,000,000","1,586,000,000","1,499,000,000","1,303,000,000","1,247,000,000","1,341,000,000","1,432,000,000","1,443,000,000","1,382,000,000","1,489,000,000","1,394,000,000","1,242,000,000","1,147,000,000","1,225,000,000","1,209,000,000","1,173,000,000","1,039,000,000","1,137,000,000","1,222,000,000","1,238,000,000","1,067,000,000","1,194,000,000","1,157,000,000","1,122,000,000","1,051,000,000","1,133,000,000","966,000,000","849,000,000","909,000,000","1,005,000,000","875,000,000","829,000,000","815,000,000","840,000,000","777,000,000","866,000,000","798,000,000","940,000,000","707,000,000","697,000,000","654,000,000","389,000,000","357,000,000","261,000,000","293,000,000","376,784,000","453,536,000","404,990,000","395,690,000","467,716,000","271,718,000","282,001,000","272,231,000","246,083,000","29,008,000","96,683,000","100,027,000","112,396,000","79,669,000","81,895,000","66,582,000","55,826,000","-22,376,000","62,581,000","75,864,000","-10,997,000","118,633,000","54,802,000","54,066,000","55,003,000","55,496,000","54,705,000","49,935,000","43,016,000","42,532,000","42,708,000","41,920,000","39,672,000","36,926,000","34,322,000","32,118,000","-238,757,000","127,100,000","90,700,000","90,700,000"
NetNonOperatingInterestIncomeExpense,"-118,000,000","-4,000,000","-34,000,000","-44,000,000","-36,000,000","-26,000,000","-45,000,000","-41,000,000","-31,000,000","-22,000,000","-35,000,000","-32,000,000","-17,000,000","-5,000,000","-17,000,000","-27,000,000","-31,000,000","-32,000,000","-31,000,000","-35,000,000","-58,000,000","-44,000,000","-30,000,000","-45,000,000","-46,000,000","-46,000,000","-38,000,000","-47,000,000","-47,000,000","-52,000,000","-51,000,000","-57,000,000","-43,000,000","-48,000,000","-44,000,000","-49,000,000","-48,000,000","-48,000,000","-47,000,000","-44,000,000","-40,000,000","-39,000,000","-37,000,000","-37,000,000","-29,000,000","-25,000,000","-27,000,000","-33,000,000","-36,000,000","-19,000,000","-11,000,000","-11,000,000","-7,000,000","-2,033,000","2,868,000","-2,796,000",,,,,,,,,,,,,,,,,,,,,,,,,,,,,,,,,,,,,
	InterestIncomeNonOperating,"87,000,000","46,000,000","14,000,000","8,000,000","19,000,000","28,000,000","9,000,000","10,000,000","15,000,000","29,000,000","19,000,000","20,000,000","29,000,000","41,000,000","29,000,000","19,000,000","15,000,000","14,000,000","15,000,000","13,000,000","7,000,000","7,000,000","22,000,000","6,000,000","5,000,000","5,000,000","12,000,000","5,000,000","4,000,000","6,000,000","10,000,000","3,000,000","10,000,000","4,000,000","8,000,000","4,000,000","6,000,000","9,000,000","10,000,000","8,000,000","9,000,000","9,000,000","12,000,000","4,000,000","9,000,000","10,000,000","10,000,000","5,000,000","4,000,000","4,000,000","4,000,000","4,000,000","8,000,000","13,132,000","19,605,000","13,924,000",,,,,,,,,,,,,,,,,,,,,,,,,,,,,,,,,,,,,
	InterestExpenseNonOperating,"205,000,000","50,000,000","48,000,000","52,000,000","55,000,000","54,000,000","54,000,000","51,000,000","46,000,000","51,000,000","54,000,000","52,000,000","46,000,000","46,000,000","46,000,000","46,000,000","46,000,000","46,000,000","46,000,000","48,000,000","65,000,000","51,000,000","52,000,000","51,000,000","51,000,000","51,000,000","50,000,000","52,000,000","51,000,000","58,000,000","61,000,000","60,000,000","53,000,000","52,000,000","52,000,000","53,000,000","54,000,000","57,000,000","57,000,000","52,000,000","49,000,000","48,000,000","49,000,000","41,000,000","38,000,000","35,000,000","37,000,000","38,000,000","40,000,000","23,000,000","15,000,000","15,000,000","15,000,000","15,165,000","16,737,000","16,720,000",,,,,,,,,,,,,,,,,,,,,,,,,,,,,,,,,,,,,
OtherIncomeExpense,"803,000,000","73,000,000","340,000,000","315,000,000","75,000,000","346,000,000","268,000,000","399,000,000","-659,000,000","70,000,000","-4,000,000","64,000,000","128,000,000","-162,000,000","14,000,000",,"8,000,000","33,000,000","41,000,000","36,000,000","51,000,000","6,000,000","31,000,000","20,000,000","-78,000,000","57,000,000","-10,000,000","6,000,000","98,000,000","-58,000,000","-1,000,000","73,000,000","60,000,000","72,000,000","26,000,000","118,000,000","89,000,000","-19,000,000","77,000,000","4,000,000","63,000,000","14,000,000","-75,000,000","13,000,000","44,000,000","43,000,000","105,000,000","-42,000,000","38,000,000","37,000,000","89,000,000","88,000,000","-194,000,000","-448,492,000","-142,552,000","-467,000","-19,489,000","25,543,000","117,895,000","210,203,000","150,360,000","40,509,000","3,931,000","6,845,000","15,064,000","5,886,000","21,439,000","6,027,000","9,786,000","7,823,000","6,647,000","16,038,000","800,000",,,"8,233,000","3,529,000","2,049,000","408,000","4,014,000","3,020,000","4,192,000","2,890,000","2,632,000","1,862,000",,,,,,,,
	GainOnSaleOfSecurity,"837,000,000","74,000,000","369,000,000","316,000,000","78,000,000","346,000,000","268,000,000","397,000,000","-45,000,000","105,000,000","-5,000,000","77,000,000","134,000,000","-71,000,000","43,000,000","-1,000,000","14,000,000","33,000,000","41,000,000","36,000,000","51,000,000","6,000,000","31,000,000","20,000,000","-2,000,000","1,000,000","4,000,000","-6,000,000","63,000,000","-2,000,000","46,000,000","45,000,000","76,000,000","70,000,000","32,000,000","141,000,000","62,000,000","20,000,000","75,000,000","-7,000,000","75,000,000","10,000,000","-59,000,000","18,000,000","59,000,000","27,000,000","93,000,000","-13,000,000","38,000,000","37,000,000","89,000,000","88,000,000","-172,000,000",,,,,,,,,,,,,,,,,,,,,,,,,,,,,,,,,,,,,,,,
	EarningsFromEquityInterest,,,,,,,,,,,,,,,,,,,,,,,,,,"56,000,000","-14,000,000","12,000,000","35,000,000","-6,000,000","-47,000,000","28,000,000","-16,000,000","2,000,000","-6,000,000","-23,000,000","27,000,000","-39,000,000",,,,,,,,,,,,,,,,,,,,,,,,,,,,,,,,,,,,,,,,,,,,,,,,,,,,,,,
	SpecialIncomeCharges,"-34,000,000","-1,000,000","-29,000,000","-1,000,000","-3,000,000","0","0","2,000,000","-614,000,000","-35,000,000","1,000,000","-13,000,000","-6,000,000","-91,000,000","-29,000,000","1,000,000","-6,000,000","0","0","0","0","0",,"0","-76,000,000",,,,,,,,,,,,,"-1,000,000","2,000,000","11,000,000","-12,000,000","4,000,000","-16,000,000","-5,000,000","-15,000,000","16,000,000","12,000,000","-29,000,000","0","0","0","0","-22,000,000","124,508,000","-142,552,000","-467,000","-19,489,000","-478,458,000","117,895,000","210,203,000","150,360,000","40,509,000","3,931,000","6,845,000","15,064,000","5,886,000","21,439,000","6,027,000","9,786,000","7,823,000","6,647,000","16,038,000","800,000","23,346,000","0","8,233,000","3,529,000","2,049,000","408,000","4,014,000","3,020,000","4,192,000","2,890,000","2,632,000","1,862,000","0","0","0","0",,,,
		RestructuringAndMergernAcquisition,"34,000,000","1,000,000","29,000,000","1,000,000","3,000,000","0","0","-2,000,000","25,000,000","35,000,000","-1,000,000","13,000,000","6,000,000","91,000,000","29,000,000","-1,000,000","6,000,000","0","0","0","0","0",,"0","76,000,000",,,,,,,,,,,,,"0",,,"0",,,,,"0","0","0","0","0","0","0","22,000,000",,,,,,,,,,,,,"0","0","0","0","0","0","0","6,097,000",,,,,,,,,,,,,,,,,,,,
		OtherSpecialCharges,,,,,,"0",,,"589,000,000",,,,,,,,,,,,,,,,,,,,,,,,,,,,,,,,"12,000,000",,,,,,"-12,000,000","29,000,000",,,"-89,000,000","-88",,,,,,,,,,,,,,"-5,886,000","-21,439,000","-6,027,000","-9,786,000","-7,823,000","-6,647,000","-16,038,000","-6,897,000",,,,,,,,,,,,,,,,,,,,
	OtherNonOperatingIncomeExpenses,,,,,,,,,,,,,,,,,,"1,000,000",,,,,,,,,,,,,,,,,,,,,,,,,,,,,,,,,,,,,,,,,,,,,,,,,,,,,,,,,,,,,,,,,,,,,,,,,,,
PretaxIncome,"8,173,000,000","2,110,000,000","2,271,000,000","2,201,000,000","1,591,000,000","2,167,000,000","1,981,000,000","1,763,000,000","613,000,000","1,634,000,000","1,460,000,000","1,335,000,000","1,358,000,000","1,174,000,000","1,429,000,000","1,416,000,000","1,359,000,000","1,490,000,000","1,404,000,000","1,243,000,000","1,140,000,000","1,187,000,000","1,210,000,000","1,148,000,000","915,000,000","1,148,000,000","1,174,000,000","1,197,000,000","1,118,000,000","1,084,000,000","1,105,000,000","1,138,000,000","1,068,000,000","1,157,000,000","948,000,000","918,000,000","950,000,000","938,000,000","905,000,000","789,000,000","838,000,000","815,000,000","665,000,000","842,000,000","813,000,000","958,000,000","785,000,000","622,000,000","656,000,000","407,000,000","435,000,000","338,000,000","92,000,000","-73,741,000","313,852,000","401,727,000","377,162,000","497,132,000","399,907,000","495,719,000","429,962,000","282,697,000","30,917,000","101,498,000","113,122,000","116,442,000","99,100,000","85,859,000","74,354,000","63,483,000","-16,694,000","78,069,000","75,580,000","36,109,000","94,468,000","62,884,000","57,431,000","56,888,000","55,740,000","58,548,000","52,772,000","47,021,000","45,250,000","45,139,000","43,581,000","42,541,000","38,908,000","35,653,000","32,815,000","30,150,000","28,400,000",,
TaxProvision,"1,968,000,000","478,000,000","518,000,000","654,000,000","318,000,000","427,000,000","464,000,000","361,000,000","-14,000,000","300,000,000","341,000,000","322,000,000","298,000,000","247,000,000","226,000,000","338,000,000","265,000,000","-820,000,000","445,000,000","376,000,000","269,000,000","336,000,000","333,000,000","353,000,000","268,000,000","279,000,000","342,000,000","371,000,000","258,000,000","278,000,000","232,000,000","297,000,000","324,000,000","307,000,000","219,000,000","212,000,000","284,000,000","288,000,000","250,000,000","229,000,000","263,000,000","232,000,000","95,000,000","220,000,000","249,000,000","309,000,000","201,000,000","233,000,000","228,000,000","150,000,000","101,000,000","94,000,000","30,000,000","-6,937,000","117,237,000","147,569,000","130,131,000","165,746,000","63,168,000","125,012,000","109,906,000","99,500,000","11,108,000","37,237,000","41,618,000","42,826,000","37,077,000","31,324,000","27,331,000","12,919,000","-7,265,000","26,521,000","20,089,000","25,347,000","23,579,000","24,210,000","22,111,000","23,040,000","22,575,000","23,712,000","21,373,000","18,689,000","17,874,000","18,909,000","18,085,000","17,995,000","16,147,000","14,796,000","13,618,000","12,933,000","12,200,000",,
NetIncomeCommonStockholders,"5,901,000,000","1,643,000,000","1,681,000,000","1,378,000,000","1,199,000,000","1,548,000,000","1,364,000,000","1,214,000,000","806,000,000","1,301,000,000","1,119,000,000","1,003,000,000","1,053,000,000","927,000,000","1,216,000,000","1,073,000,000","1,089,000,000","2,304,000,000","947,000,000","857,000,000","862,000,000","851,000,000","875,000,000","789,000,000","657,000,000","861,000,000","843,000,000","819,000,000","822,000,000","813,000,000","917,000,000","808,000,000","756,000,000","841,000,000","730,000,000","729,000,000","632,000,000","-370,000,000","642,000,000","554,000,000","572,000,000","555,000,000","595,000,000","619,000,000","568,000,000","657,000,000","551,000,000","432,000,000","423,000,000","256,000,000","317,000,000","218,000,000","84,000,000","52,545,000","217,726,000","274,058,000","241,671,000","322,440,000","255,200,000","222,244,000","195,388,000","169,423,000","18,914,000","63,404,000","70,862,000","72,918,000","61,119,000","53,335,000","46,536,000","49,752,000","-9,814,000","47,996,000","55,207,000","41,310,000","40,098,000","38,674,000","35,320,000","33,848,000","33,165,000","34,836,000","31,399,000","28,332,000","27,376,000","26,230,000","25,496,000","24,546,000","22,761,000","20,857,000","19,197,000","17,217,000","16,200,000","13,000,000","13,000,000"
	NetIncome,"5,901,000,000","1,643,000,000","1,681,000,000","1,378,000,000","1,199,000,000","1,548,000,000","1,364,000,000","1,214,000,000","806,000,000","1,301,000,000","1,119,000,000","1,003,000,000","1,053,000,000","927,000,000","1,216,000,000","1,073,000,000","1,089,000,000","2,304,000,000","947,000,000","857,000,000","862,000,000","851,000,000","875,000,000","789,000,000","657,000,000","861,000,000","843,000,000","819,000,000","822,000,000","813,000,000","917,000,000","808,000,000","756,000,000","841,000,000","730,000,000","729,000,000","632,000,000","690,000,000","642,000,000","554,000,000","572,000,000","555,000,000","595,000,000","619,000,000","568,000,000","657,000,000","551,000,000","432,000,000","423,000,000","256,000,000","317,000,000","218,000,000","84,000,000","52,545,000","217,726,000","274,058,000","241,671,000","322,440,000","255,200,000","222,244,000","195,388,000","169,423,000","18,914,000","63,404,000","70,862,000","72,918,000","61,119,000","53,335,000","46,536,000","49,752,000","-9,814,000","47,996,000","55,207,000","41,310,000","40,098,000","38,674,000","35,320,000","33,848,000","33,165,000","34,836,000","31,399,000","28,332,000","27,376,000","26,230,000","25,496,000","24,546,000","22,761,000","20,857,000","19,197,000","17,217,000","16,200,000","13,000,000","13,000,000"
		NetIncomeIncludingNoncontrollingInterests,"6,205,000,000","1,632,000,000","1,753,000,000","1,547,000,000","1,273,000,000","1,740,000,000","1,517,000,000","1,402,000,000","627,000,000","1,334,000,000","1,119,000,000","1,013,000,000","1,060,000,000","927,000,000","1,203,000,000","1,078,000,000","1,094,000,000","2,310,000,000","959,000,000","867,000,000","871,000,000","851,000,000","877,000,000","795,000,000","647,000,000","869,000,000","832,000,000","826,000,000","860,000,000","806,000,000","873,000,000","841,000,000","744,000,000","850,000,000","729,000,000","706,000,000","666,000,000","650,000,000","655,000,000","560,000,000","575,000,000","583,000,000","570,000,000","622,000,000","564,000,000","649,000,000","584,000,000","389,000,000","428,000,000","257,000,000","334,000,000","244,000,000","62,000,000","-66,804,000","196,615,000","254,158,000","247,031,000","686,055,000","255,200,000","222,244,000","195,388,000","183,197,000","19,809,000","64,261,000","71,504,000","78,798,000","60,215,000","54,535,000","47,023,000","59,006,000","-10,199,000","51,548,000","55,491,000","10,623,000","71,028,000","38,674,000","35,320,000","33,848,000","33,165,000","34,836,000","31,399,000","28,332,000","27,376,000","26,230,000","25,496,000","24,546,000","22,761,000","20,857,000","19,197,000","17,217,000","16,200,000","13,000,000","13,000,000"
			NetIncomeContinuousOperations,"6,205,000,000","1,632,000,000","1,753,000,000","1,547,000,000","1,273,000,000","1,740,000,000","1,517,000,000","1,402,000,000","627,000,000","1,334,000,000","1,119,000,000","1,013,000,000","1,060,000,000","927,000,000","1,203,000,000","1,078,000,000","1,094,000,000","2,310,000,000","959,000,000","867,000,000","871,000,000","851,000,000","877,000,000","795,000,000","647,000,000","869,000,000","832,000,000","826,000,000","860,000,000","806,000,000","873,000,000","841,000,000","744,000,000","850,000,000","729,000,000","706,000,000","666,000,000","650,000,000","655,000,000","560,000,000","575,000,000","583,000,000","570,000,000","622,000,000","564,000,000","649,000,000","584,000,000","389,000,000","428,000,000","257,000,000","334,000,000","244,000,000","62,000,000","-66,804,000","196,615,000","254,158,000","241,671,000","686,055,000","255,200,000","222,244,000","195,388,000","169,423,000","18,914,000","63,404,000","70,862,000","72,918,000","61,119,000","53,335,000","46,536,000","49,752,000","-9,814,000","47,996,000","55,207,000","41,449,000","39,959,000","38,674,000","35,320,000","33,848,000","33,165,000","34,836,000","31,399,000","28,332,000","27,376,000","26,230,000","25,496,000","24,546,000","22,761,000","20,857,000","19,197,000","17,217,000","16,200,000","13,000,000","13,000,000"
			NetIncomeExtraordinary,,,,,,,,,,,,,,,,,,,,,,,,,,,,,,,,,,,,,,,,,,,,,,,,,,,,,,,,,,,,,,,,,,,,,,,,,,,"139,000",,,,,,,,,,,,,,,,,,
		MinorityInterests,"-304,000,000","11,000,000","-72,000,000","-169,000,000","-74,000,000","-192,000,000","-153,000,000","-188,000,000","179,000,000","-33,000,000","0","-10,000,000","-7,000,000","0","13,000,000","-5,000,000","-5,000,000","-6,000,000","-12,000,000","-10,000,000","-9,000,000","0","-2,000,000","-6,000,000","10,000,000","-8,000,000","11,000,000","-7,000,000","-38,000,000","7,000,000","44,000,000","-33,000,000","12,000,000","-9,000,000","1,000,000","23,000,000","-34,000,000","40,000,000","-13,000,000","-6,000,000","-3,000,000","-28,000,000","25,000,000","-3,000,000","4,000,000","8,000,000","-33,000,000","43,000,000","-5,000,000","-43,000,000","17,000,000","26,000,000","22,000,000","119,349,000","21,111,000","19,900,000","-5,360,000",,,,,"-13,774,000","-895,000","-857,000","-642,000","-5,880,000","904,000","-1,200,000","-487,000","-9,254,000","385,000","-3,552,000","-284,000","30,687,000","-30,930,000",,,,,,,,,,,,,,,,,,
	OtherunderPreferredStockDividend,,,,,,,,,,,,,,,,,,,,,,,,,,,,,,,,,,,,,,,,,,,,,,,,,,,,"26",,,,,,,,,,,,,,,,,,,,,,,,,,,,,,,,,,,,,,,,,
DilutedNIAvailtoComStockholders,"5,901,000,000","1,643,000,000","1,681,000,000","1,378,000,000","1,199,000,000","1,548,000,000","1,364,000,000","1,214,000,000","806,000,000","1,301,000,000","1,119,000,000","1,003,000,000","1,053,000,000","927,000,000","1,216,000,000","1,073,000,000","1,089,000,000","2,304,000,000","947,000,000","857,000,000","862,000,000","851,000,000","875,000,000","789,000,000","657,000,000","861,000,000","843,000,000","819,000,000","822,000,000","813,000,000","917,000,000","808,000,000","756,000,000","841,000,000","730,000,000","729,000,000","632,000,000","-370,000,000","642,000,000","554,000,000","572,000,000","555,000,000","595,000,000","619,000,000","568,000,000","657,000,000","551,000,000","432,000,000","423,000,000","256,000,000","317,000,000","218,000,000","84,000,000","52,545,000","217,726,000","274,058,000","241,671,000","322,440,000","255,200,000","222,244,000","195,388,000","169,423,000","18,914,000","63,404,000","70,862,000","72,918,000","61,119,000","53,335,000","46,536,000","49,752,000","-9,814,000","47,996,000","55,207,000","41,310,000","40,098,000","38,674,000","35,320,000","33,848,000","33,165,000","34,836,000","31,399,000","28,332,000","27,376,000","26,230,000","25,496,000","24,546,000","22,761,000","20,857,000","19,197,000","17,217,000","16,200,000","13,000,000","13,000,000"
BasicEPS,,"10.82","11.05","9.04","7.86","10.15","8.94","7.9","5.19","8.38","7.21","6.46","6.65","5.84","7.59","6.67","6.75","14.23","5.85","5.27","5.29","5.21","5.33","4.79","3.97","5.19","5.08","4.92","4.92","4.86","5.46","4.79","4.47","4.98","4.3","4.27","3.69","4.02","3.72","3.13","3.19",,"3.28","3.26","2.92",,"2.85","2.23","2.2",,"2.31","1.62","0.63",,"1.68","2.12","1.87",,"1.99","1.73","1.52",,"0.29","0.99","1.11",,"0.95","0.83","0.72",,"-0.15","0.75","0.87",,"0.62","0.59","0.54",,"0.51","0.54","0.49",,"0.43","0.41","0.4",,"0.36","0.33","0.3",,"0.3","0.24","0.24"
DilutedEPS,,"10.63","10.89","8.92","7.77","10.02","8.87","7.85","5.15","8.29","7.15","6.41","6.61","5.78","7.54","6.62","6.68","14.01","5.78","5.22","5.23","5.13","5.26","4.73","3.92","5.11","5","4.84","4.84","4.77","5.37","4.72","4.4","4.86","4.21","4.19","3.62","3.93","3.65","3.08","3.14",,"3.23","3.21","2.89",,"2.83","2.21","2.17",,"2.27","1.59","0.62",,"1.62","2.05","1.82",,"1.94","1.69","1.48",,"0.28","0.95","1.06",,"0.92","0.8","0.7",,"-0.15","0.73","0.84",,"0.61","0.58","0.54",,"0.51","0.53","0.48",,"0.42","0.4","0.39",,"0.35","0.32","0.3",,"0.3","0.24","0.24"
BasicAverageShares,,"151,822,226","152,120,927","152,443,039","152,567,453","152,515,168","152,488,073","153,732,878","155,243,279","155,195,733","155,280,877","155,354,552","158,268,034","158,859,998","160,141,506","160,980,960","161,250,018","161,278,988","161,872,716","162,502,465","163,016,599","163,441,552","164,129,214","164,758,612","165,388,130","165,826,808","166,045,291","166,616,558","167,089,037","167,197,844","167,933,040","168,712,221","169,081,421","169,010,606","169,811,633","170,648,731","171,301,800","171,518,278","172,359,141","177,010,239","179,022,840",,"179,034,837","187,870,001","191,797,365",,"190,494,905","190,975,161","189,676,023",,"133,266,379","130,928,926","130,216,218",,"129,793,939","129,569,325","128,904,253",,"128,161,027","128,544,894","128,809,726",,"64,761,447","64,136,378","64,074,888",,"64,087,871","64,354,069","64,290,510",,"63,676,776","63,647,316","63,775,783",,"64,497,117","65,028,337","65,056,537",,"64,798,908","64,726,856","64,648,511",,"64,284,768","64,248,630","64,159,248",,"63,884,410","63,865,770","63,864,382",,"54,000,000","54,166,667","54,166,667"
DilutedAverageShares,,"154,564,198","154,343,277","154,417,581","154,301,812","154,512,860","153,742,264","154,712,032","156,416,726","156,894,201","156,447,387","156,360,741","159,348,431","160,450,266","161,378,217","162,161,937","162,918,961","163,800,000","163,773,546","164,149,861","164,856,183","165,854,167","166,256,598","166,639,290","167,398,938","168,632,558","168,665,303","169,114,759","169,723,167","170,367,445","170,778,766","171,150,153","171,933,803","172,999,529","173,371,508","173,873,583","174,561,132","175,176,037","175,450,532","179,590,702","181,917,864",,"181,825,329","190,579,963","194,296,504",,"192,326,841","192,569,539","192,152,251",,"135,902,241","133,364,611","131,797,189",,"134,012,819","133,526,713","132,876,553",,"131,316,455","131,383,470","131,895,570",,"67,477,536","66,653,479","66,731,560",,"66,714,797","66,796,087","66,880,713",,"63,676,776","65,766,979","65,807,605",,"65,692,272","66,164,326","65,867,032",,"65,338,340","65,333,228","65,219,988",,"64,947,840","64,877,389","64,897,486",,"64,651,300","64,492,447","64,342,592",,"54,000,000","54,166,667","54,166,667"
TotalOperatingIncomeAsReported,"7,450,000,000","2,039,000,000","1,935,000,000","1,931,000,000","1,545,000,000","1,848,000,000","1,757,000,000","1,406,000,000","684,000,000","1,538,000,000","1,502,000,000","1,278,000,000","1,233,000,000","1,246,000,000","1,396,000,000","1,440,000,000","1,375,000,000","1,489,000,000","1,394,000,000","1,242,000,000","1,147,000,000","1,225,000,000","1,209,000,000","1,173,000,000","963,000,000","1,137,000,000","1,222,000,000","1,238,000,000","1,067,000,000","1,144,000,000","1,157,000,000","1,122,000,000","1,051,000,000","1,133,000,000","966,000,000","849,000,000","909,000,000","1,005,000,000","875,000,000","829,000,000","815,000,000","808,000,000","777,000,000","866,000,000","798,000,000","940,000,000","707,000,000","697,000,000","654,000,000","389,000,000","357,000,000","261,000,000","271,000,000","338,784,000","453,536,000","404,990,000","395,690,000","467,716,000","271,718,000","282,001,000","272,231,000","246,083,000","29,008,000","96,683,000","100,027,000","112,396,000","79,669,000","81,895,000","66,582,000","55,826,000","-22,376,000","62,581,000","69,767,000","-10,997,000","118,633,000","54,802,000","54,066,000","55,003,000","55,496,000","54,705,000","49,935,000","43,016,000","42,532,000","42,708,000","41,920,000","39,672,000","36,926,000","34,322,000","32,118,000",,,,
RentExpenseSupplemental,"364,000,000","114,000,000","91,000,000","80,000,000","79,000,000","80,000,000","81,000,000","80,000,000","78,000,000","83,000,000","75,000,000","75,000,000","74,000,000","73,000,000","73,000,000","73,000,000","74,000,000","73,000,000","68,000,000","69,000,000","65,000,000","64,000,000","65,000,000","72,000,000","72,000,000","75,000,000","69,000,000","69,000,000",,,,,,,,,,,,,,,,,,,,,,,,,,,,,,,,,,,,,,,,,,,,,,,,,,,,,,,,,,,,,,,,,
TotalExpenses,"11,886,000,000","3,065,000,000","3,085,000,000","2,890,000,000","2,846,000,000","2,631,000,000","2,611,000,000","2,243,000,000","2,407,000,000","2,391,000,000","2,193,000,000","2,221,000,000","2,099,000,000","2,093,000,000","2,144,000,000","2,162,000,000","2,201,000,000","1,980,000,000","1,839,000,000","1,723,000,000","1,677,000,000","1,665,000,000","1,628,000,000","1,631,000,000","1,585,000,000","1,726,000,000","1,688,000,000","1,667,000,000","1,656,000,000","1,590,000,000","1,692,000,000","1,656,000,000","1,619,000,000","1,644,000,000","1,506,000,000","1,633,000,000","1,540,000,000","1,534,000,000","1,445,000,000","1,400,000,000","1,434,000,000","1,387,000,000","1,448,000,000","1,481,000,000","1,484,000,000","1,553,000,000","1,385,000,000","1,335,000,000","1,341,000,000","1,155,000,000","783,000,000","768,000,000","694,000,000","686,906,000","859,684,000","981,961,000","904,448,000","976,463,000","1,026,361,000","815,022,000","733,143,000","772,442,000","294,050,000","264,050,000","295,633,000","256,712,000","221,138,000","189,494,000","183,501,000","132,851,000","193,375,000","121,231,000","105,959,000","96,959,000","95,198,000","89,104,000","88,685,000","82,034,000","81,636,000","101,990,000","96,178,000","86,375,000","92,250,000","92,554,000","91,789,000","88,868,000","90,775,000","78,249,000","75,942,000","337,338,000","-26,100,000",,
NetIncomeFromContinuingAndDiscontinuedOperation,"5,901,000,000","1,643,000,000","1,681,000,000","1,378,000,000","1,199,000,000","1,548,000,000","1,364,000,000","1,214,000,000","806,000,000","1,301,000,000","1,119,000,000","1,003,000,000","1,053,000,000","927,000,000","1,216,000,000","1,073,000,000","1,089,000,000","2,304,000,000","947,000,000","857,000,000","862,000,000","851,000,000","875,000,000","789,000,000","657,000,000","861,000,000","843,000,000","819,000,000","822,000,000","813,000,000","917,000,000","808,000,000","756,000,000","841,000,000","730,000,000","729,000,000","632,000,000","690,000,000","642,000,000","554,000,000","572,000,000","555,000,000","595,000,000","619,000,000","568,000,000","657,000,000","551,000,000","432,000,000","423,000,000","256,000,000","317,000,000","218,000,000","84,000,000","52,545,000","217,726,000","274,058,000","241,671,000","322,440,000","255,200,000","222,244,000","195,388,000","169,423,000","18,914,000","63,404,000","70,862,000","72,918,000","61,119,000","53,335,000","46,536,000","49,752,000","-9,814,000","47,996,000","55,207,000","41,449,000","39,959,000","38,674,000","35,320,000","33,848,000","33,165,000","34,836,000","31,399,000","28,332,000","27,376,000","26,230,000","25,496,000","24,546,000","22,761,000","20,857,000","19,197,000","17,217,000","16,200,000","13,000,000","13,000,000"
NormalizedIncome,"5,298,750,000","1,586,537,440.758","1,421,240,000","1,164,430,000","1,139,675,000","1,270,178,126.442","1,164,072,000","906,371,000","1,287,070,000","1,243,851,897.185","1,122,068,000","954,552,000","953,288,000","1,054,916,524.702","1,204,198,000","1,073,000,000","1,082,568,000","2,284,200,000","919,120,000","831,980,000","823,138,000","846,698,399.326","852,556,000","775,180,000","712,380,000","860,243,031.359","840,152,000","823,128,000","774,057,000","851,664,206.642","880,292,000","775,060,000","702,800,000","789,573,898.012","705,392,000","619,725,000","589,220,000","676,833,688.699","586,270,718.232","551,160,963.245","528,772,076.372","544,985,276.074","659,285,714.286","609,396,674.584","537,476,014.76","627,869,519.833","472,885,350.318","458,266,881.029","398,207,317.073","232,636,363.636","248,664,367.816","154,473,372.781","214,739,130.435","458,846,237.683","307,028,797.115","274,353,453.843","254,435,772.588","305,413,148.785","155,927,308.087","65,050,663.612","83,462,713.207","143,171,829.054","16,395,347.511","59,070,254.064","61,340,101.024","69,196,801.67","47,701,128.184","49,506,834.694","40,347,132.178","43,521,006.317","-13,802,200","37,406,305.96","54,619,638.264","27,441,400","39,959,000","33,610,660.486","33,149,668.994","32,618,600","32,920,200","32,427,600","29,587,000","25,806,155.292","25,627,565.967","24,650,800","24,378,800","24,546,000","22,761,000","20,857,000","19,197,000","17,217,000","16,200,000","13,000,000","13,000,000"
InterestIncome,"87,000,000","46,000,000","14,000,000","8,000,000","19,000,000","28,000,000","9,000,000","10,000,000","15,000,000","29,000,000","19,000,000","20,000,000","29,000,000","41,000,000","29,000,000","19,000,000","15,000,000","14,000,000","15,000,000","13,000,000","7,000,000","7,000,000","22,000,000","6,000,000","5,000,000","5,000,000","12,000,000","5,000,000","4,000,000","6,000,000","10,000,000","3,000,000","10,000,000","4,000,000","8,000,000","4,000,000","6,000,000","9,000,000","10,000,000","8,000,000","9,000,000","9,000,000","12,000,000","4,000,000","9,000,000","10,000,000","10,000,000","5,000,000","4,000,000","4,000,000","4,000,000","4,000,000","8,000,000","13,132,000","19,605,000","13,924,000",,,,,,,,,,,,,,,,,,,,,,,,,,,,,,,,,,,,,
InterestExpense,"205,000,000","50,000,000","48,000,000","52,000,000","55,000,000","54,000,000","54,000,000","51,000,000","46,000,000","51,000,000","54,000,000","52,000,000","46,000,000","46,000,000","46,000,000","46,000,000","46,000,000","46,000,000","46,000,000","48,000,000","65,000,000","51,000,000","52,000,000","51,000,000","51,000,000","51,000,000","50,000,000","52,000,000","51,000,000","58,000,000","61,000,000","60,000,000","53,000,000","52,000,000","52,000,000","53,000,000","54,000,000","57,000,000","57,000,000","52,000,000","49,000,000","48,000,000","49,000,000","41,000,000","38,000,000","35,000,000","37,000,000","38,000,000","40,000,000","23,000,000","15,000,000","15,000,000","15,000,000","15,165,000","16,737,000","16,720,000",,,,,,,,,,,,,,,,,,,,,,,,,,,,,,,,,,,,,
NetInterestIncome,"-118,000,000","-4,000,000","-34,000,000","-44,000,000","-36,000,000","-26,000,000","-45,000,000","-41,000,000","-31,000,000","-22,000,000","-35,000,000","-32,000,000","-17,000,000","-5,000,000","-17,000,000","-27,000,000","-31,000,000","-32,000,000","-31,000,000","-35,000,000","-58,000,000","-44,000,000","-30,000,000","-45,000,000","-46,000,000","-46,000,000","-38,000,000","-47,000,000","-47,000,000","-52,000,000","-51,000,000","-57,000,000","-43,000,000","-48,000,000","-44,000,000","-49,000,000","-48,000,000","-48,000,000","-47,000,000","-44,000,000","-40,000,000","-39,000,000","-37,000,000","-37,000,000","-29,000,000","-25,000,000","-27,000,000","-33,000,000","-36,000,000","-19,000,000","-11,000,000","-11,000,000","-7,000,000","-2,033,000","2,868,000","-2,796,000",,,,,,,,,,,,,,,,,,,,,,,,,,,,,,,,,,,,,
EBIT,"8,378,000,000","2,160,000,000","2,319,000,000","2,253,000,000","1,646,000,000","2,221,000,000","2,035,000,000","1,814,000,000","659,000,000","1,685,000,000","1,514,000,000","1,387,000,000","1,404,000,000","1,220,000,000","1,475,000,000","1,462,000,000","1,405,000,000","1,536,000,000","1,450,000,000","1,291,000,000","1,205,000,000","1,238,000,000","1,262,000,000","1,199,000,000","966,000,000","1,199,000,000","1,224,000,000","1,249,000,000","1,169,000,000","1,142,000,000","1,166,000,000","1,198,000,000","1,121,000,000","1,209,000,000","1,000,000,000","971,000,000","1,004,000,000","995,000,000","962,000,000","841,000,000","887,000,000","863,000,000","714,000,000","883,000,000","851,000,000","993,000,000","822,000,000","660,000,000","696,000,000","430,000,000","450,000,000","353,000,000","107,000,000","-58,576,000","330,589,000","418,447,000","395,690,000","1,046,183,000","271,718,000","282,001,000","272,231,000","246,083,000","29,008,000","96,683,000","100,027,000","112,396,000","79,669,000","81,895,000","66,582,000","55,826,000","-22,376,000","62,581,000","75,864,000","-10,997,000","118,633,000","54,802,000","54,066,000","55,003,000","55,496,000","54,705,000","49,935,000","43,016,000","42,532,000","42,708,000","41,920,000","39,672,000","36,926,000","34,322,000","32,118,000","-238,757,000","127,100,000","90,700,000","90,700,000"
EBITDA,"8,793,000,000"
ReconciledCostOfRevenue,"9,288,000,000","2,393,000,000","2,397,000,000","2,327,000,000","2,171,000,000","2,140,000,000","2,034,000,000","1,740,000,000","1,773,000,000","1,813,000,000","1,700,000,000","1,676,000,000","1,636,000,000","1,623,000,000","1,710,000,000","1,718,000,000","1,772,000,000","1,482,000,000","1,411,000,000","1,306,000,000","1,318,000,000","1,252,000,000","1,259,000,000","1,257,000,000","1,211,000,000","1,265,000,000","1,301,000,000","1,290,000,000","1,254,000,000","1,190,000,000","1,246,000,000","1,207,000,000","1,233,000,000","1,158,000,000","1,101,000,000","1,096,000,000","1,137,000,000","3,979,000,000","59,000,000","60,000,000","61,000,000","49,000,000","53,000,000","65,000,000","906,000,000","67,000,000","71,000,000","767,000,000","835,000,000","-1,079,000,000","539,000,000","493,000,000","459,000,000","-1,351,612,000","628,628,000","747,919,000",,,,,,,,,,,,,,,,,,,,,,,,,,,,,,,,,,,,,
ReconciledDepreciation,"415,000,000","110,000,000","107,000,000","101,000,000","97,000,000","16,000,000","117,000,000","114,000,000","111,000,000","111,000,000","105,000,000","100,000,000","89,000,000","56,000,000","57,000,000","54,000,000","53,000,000","50,000,000","65,000,000","67,000,000","58,000,000","58,000,000","57,000,000","58,000,000","56,000,000","51,000,000","68,000,000","65,000,000","63,000,000","63,000,000","70,000,000","72,000,000","73,000,000","76,000,000","71,000,000","72,000,000","72,000,000","76,000,000","74,000,000","72,000,000","73,000,000","77,000,000","76,000,000","73,000,000","73,000,000","79,000,000","74,000,000","79,000,000","78,000,000","64,000,000","60,000,000","58,000,000","57,000,000","56,515,000","60,139,000","27,647,000","87,699,000","55,437,000","49,305,000","48,020,000","46,062,000","43,508,000","10,180,000","9,710,000","9,411,000","7,788,000","8,646,000","7,462,000","7,006,000","5,224,000","5,357,000","5,156,000","4,949,000","5,480,000","5,422,000","5,169,000","5,295,000","4,287,000","5,985,000","4,965,000","5,001,000","7,122,000","6,768,000","6,382,000","5,749,000","5,003,000","5,457,000","4,902,000","4,633,000","4,453,000",,,
NetIncomeFromContinuingOperationNetMinorityInterest,"5,901,000,000","1,643,000,000","1,681,000,000","1,378,000,000","1,199,000,000","1,548,000,000","1,364,000,000","1,214,000,000","806,000,000","1,301,000,000","1,119,000,000","1,003,000,000","1,053,000,000","927,000,000","1,216,000,000","1,073,000,000","1,089,000,000","2,304,000,000","947,000,000","857,000,000","862,000,000","851,000,000","875,000,000","789,000,000","657,000,000","861,000,000","843,000,000","819,000,000","822,000,000","813,000,000","917,000,000","808,000,000","756,000,000","841,000,000","730,000,000","729,000,000","632,000,000","690,000,000","642,000,000","554,000,000","572,000,000","555,000,000","595,000,000","619,000,000","568,000,000","657,000,000","551,000,000","432,000,000","423,000,000","256,000,000","317,000,000","218,000,000","84,000,000","52,545,000","217,726,000","274,058,000","241,671,000","322,440,000","255,200,000","222,244,000","195,388,000","169,423,000","18,914,000","63,404,000","70,862,000","72,918,000","61,119,000","53,335,000","46,536,000","49,752,000","-9,814,000","47,996,000","55,207,000","41,449,000","39,959,000","38,674,000","35,320,000","33,848,000","33,165,000","34,836,000","31,399,000","28,332,000","27,376,000","26,230,000","25,496,000","24,546,000","22,761,000","20,857,000","19,197,000","17,217,000","16,200,000","13,000,000","13,000,000"
TotalUnusualItemsExcludingGoodwill,"803,000,000","73,000,000","340,000,000","315,000,000","75,000,000","346,000,000","268,000,000","399,000,000","-659,000,000","70,000,000","-4,000,000","64,000,000","128,000,000","-162,000,000","14,000,000","0","8,000,000","33,000,000","41,000,000","36,000,000","51,000,000","6,000,000","31,000,000","20,000,000","-78,000,000","1,000,000","4,000,000","-6,000,000","63,000,000","-52,000,000","46,000,000","45,000,000","76,000,000","70,000,000","32,000,000","141,000,000","62,000,000","19,000,000","77,000,000","4,000,000","63,000,000","14,000,000","-75,000,000","13,000,000","44,000,000","43,000,000","105,000,000","-42,000,000","38,000,000","37,000,000","89,000,000","88,000,000","-194,000,000","-448,492,000","-142,552,000","-467,000","-19,489,000","25,543,000","117,895,000","210,203,000","150,360,000","40,509,000","3,931,000","6,845,000","15,064,000","5,886,000","21,439,000","6,027,000","9,786,000","7,823,000","6,647,000","16,038,000","800,000","23,346,000","0","8,233,000","3,529,000","2,049,000","408,000","4,014,000","3,020,000","4,192,000","2,890,000","2,632,000","1,862,000","0","0","0","0",,,,
TotalUnusualItems,"803,000,000","73,000,000","340,000,000","315,000,000","75,000,000","346,000,000","268,000,000","399,000,000","-659,000,000","70,000,000","-4,000,000","64,000,000","128,000,000","-162,000,000","14,000,000","0","8,000,000","33,000,000","41,000,000","36,000,000","51,000,000","6,000,000","31,000,000","20,000,000","-78,000,000","1,000,000","4,000,000","-6,000,000","63,000,000","-52,000,000","46,000,000","45,000,000","76,000,000","70,000,000","32,000,000","141,000,000","62,000,000","19,000,000","77,000,000","4,000,000","63,000,000","14,000,000","-75,000,000","13,000,000","44,000,000","43,000,000","105,000,000","-42,000,000","38,000,000","37,000,000","89,000,000","88,000,000","-194,000,000","-448,492,000","-142,552,000","-467,000","-19,489,000","25,543,000","117,895,000","210,203,000","150,360,000","40,509,000","3,931,000","6,845,000","15,064,000","5,886,000","21,439,000","6,027,000","9,786,000","7,823,000","6,647,000","16,038,000","800,000","23,346,000","0","8,233,000","3,529,000","2,049,000","408,000","4,014,000","3,020,000","4,192,000","2,890,000","2,632,000","1,862,000","0","0","0","0",,,,
NormalizedEBITDA,"7,990,000,000","2,197,000,000","2,086,000,000","2,039,000,000","1,668,000,000","1,902,000,000","1,884,000,000","1,529,000,000","1,429,000,000","1,726,000,000","1,623,000,000","1,423,000,000","1,365,000,000","1,438,000,000","1,518,000,000","1,516,000,000","1,450,000,000","1,553,000,000","1,474,000,000","1,322,000,000","1,212,000,000","1,290,000,000","1,288,000,000","1,237,000,000","1,100,000,000","1,249,000,000","1,288,000,000","1,320,000,000","1,169,000,000","1,257,000,000","1,190,000,000","1,225,000,000","1,118,000,000","1,215,000,000","1,039,000,000","902,000,000","1,014,000,000","1,052,000,000","959,000,000","909,000,000","897,000,000","926,000,000","865,000,000","943,000,000","880,000,000","1,029,000,000","791,000,000","781,000,000","736,000,000","457,000,000","421,000,000","323,000,000","358,000,000","446,431,000","543,555,000","488,908,000","502,878,000","1,076,077,000","213,671,000","119,818,000","167,933,000","249,082,000","35,257,000","99,548,000","94,374,000","114,298,000","66,876,000","83,330,000","63,802,000","53,227,000","-23,666,000","51,699,000","80,013,000","-28,863,000","124,055,000","51,738,000","55,832,000","57,241,000","61,073,000","55,656,000","51,916,000","45,946,000","46,410,000","46,458,000","45,807,000","44,675,000","42,383,000","39,224,000","36,751,000","-234,304,000","127,100,000","90,700,000","90,700,000"
TaxRateForCalcs,"0.25","0.227","0.236","0.322","0.209","0.197","0.254","0.229","0.27","0.184","0.233","0.243","0.221","0.21","0.157","0.24","0.196","0.4","0.32","0.305","0.238","0.283","0.276","0.309","0.29","0.243","0.288","0.312","0.239","0.256","0.202","0.268","0.3","0.265","0.231","0.225","0.31","0.307","0.276","0.29","0.314","0.285","0.143","0.261","0.306","0.323","0.256","0.375","0.348","0.369","0.232","0.278","0.326","0.094","0.374","0.367","0.345","0.333","0.158","0.252","0.256","0.352","0.359","0.367","0.368","0.368","0.374","0.365","0.368","0.204","0.4","0.34","0.266","0.4","0.25","0.385","0.385","0.4","0.4","0.4","0.4","0.397","0.395","0.4","0.4","0.4","0.4","0.4","0.4","0.4","0.4","0.4","0.4"
TaxEffectOfUnusualItems,"200,750,000","16,537,440.758","80,240,000","101,430,000","15,675,000","68,178,126.442","68,072,000","91,371,000","-177,930,000","12,851,897.185","-932,000","15,552,000","28,288,000","-34,083,475.298","2,198,000","0","1,568,000","13,200,000","13,120,000","10,980,000","12,138,000","1,698,399.326","8,556,000","6,180,000","-22,620,000","243,031.359","1,152,000","-1,872,000","15,057,000","-13,335,793.358","9,292,000","12,060,000","22,800,000","18,573,898.012","7,392,000","31,725,000","19,220,000","5,833,688.699","21,270,718.232","1,160,963.245","19,772,076.372","3,985,276.074","-10,714,285.714","3,396,674.584","13,476,014.76","13,869,519.833","26,885,350.318","-15,733,118.971","13,207,317.073","13,636,363.636","20,664,367.816","24,473,372.781","-63,260,869.565","-42,190,762.317","-53,249,202.885","-171,546.157","-6,724,227.412","8,516,148.785","18,622,308.087","53,009,663.612","38,434,713.207","14,257,829.054","1,412,347.511","2,511,254.064","5,542,101.024","2,164,801.67","8,021,128.184","2,198,834.694","3,597,132.178","1,592,006.317","2,658,800","5,448,305.96","212,638.264","9,338,400","0","3,169,660.486","1,358,668.994","819,600","163,200","1,605,600","1,208,000","1,666,155.292","1,141,565.967","1,052,800","744,800","0","0","0","0","0","0","0","0"