name,ttm,12/31/2021,09/30/2021,06/30/2021,03/31/2021,12/31/2020,09/30/2020,06/30/2020,03/31/2020,12/31/2019,09/30/2019,06/30/2019,03/31/2019,12/31/2018,09/30/2018,06/30/2018,03/31/2018,12/31/2017,09/30/2017,06/30/2017,03/31/2017,12/31/2016,09/30/2016,06/30/2016,03/31/2016,12/31/2015,09/30/2015,06/30/2015,03/31/2015,12/31/2014,09/30/2014,06/30/2014,03/31/2014,12/31/2013,09/30/2013,06/30/2013,03/31/2013,12/31/2012,09/30/2012,06/30/2012,03/31/2012,12/31/2011,09/30/2011,06/30/2011,03/31/2011,12/31/2010,09/30/2010,06/30/2010,03/31/2010,12/31/2009,09/30/2009,06/30/2009,03/31/2009,12/31/2008,09/30/2008,06/30/2008,03/31/2008,12/31/2007,09/30/2007,06/30/2007,03/31/2007,12/31/2006,09/30/2006,06/30/2006,03/31/2006,12/31/2005,09/30/2005,06/30/2005,03/31/2005,12/31/2004,09/30/2004,06/30/2004,03/31/2004,12/31/2003,09/30/2003,06/30/2003,03/31/2003,12/31/2002,09/30/2002,06/30/2002,03/31/2002,12/31/2001,09/30/2001,06/30/2001,03/31/2001,12/31/2000,09/30/2000,06/30/2000,03/31/2000,12/31/1999,09/30/1999,06/30/1999,03/31/1999,12/31/1998,09/30/1998,06/30/1998,03/31/1998,12/31/1997,09/30/1997,06/30/1997,03/31/1997,12/31/1996,09/30/1996,06/30/1996,03/31/1996,12/31/1995,09/30/1995,06/30/1995,03/31/1995,12/31/1994,09/30/1994,06/30/1994,03/31/1994,12/31/1993,09/30/1993,06/30/1993,03/31/1993,12/31/1992,09/30/1992,06/30/1992,03/31/1992,12/31/1991,09/30/1991,06/30/1991,03/31/1991,12/31/1990,09/30/1990,06/30/1990,03/31/1990,12/31/1989,09/30/1989,06/30/1989,03/31/1989,12/31/1988,09/30/1988,06/30/1988,03/31/1988
TotalRevenue,"354,636,000,000","112,325,000,000","75,504,000,000","96,508,000,000","70,299,000,000","103,735,000,000","94,606,000,000","96,925,000,000","-9,010,000,000","96,679,000,000","75,898,000,000","73,646,000,000","81,000,000,000","28,206,000,000","78,156,000,000","68,562,000,000","50,458,000,000","58,907,000,000","60,525,000,000","57,518,000,000","65,187,000,000","57,673,000,000","59,068,000,000","54,460,000,000","52,403,000,000","51,820,000,000","58,989,000,000","51,368,000,000","48,644,000,000","48,259,000,000","51,199,000,000","49,762,000,000","45,453,000,000","47,049,000,000","46,541,000,000","44,693,000,000","43,867,000,000","44,720,000,000","41,050,000,000","38,546,000,000","38,147,000,000","37,955,000,000","33,739,000,000","38,274,000,000","33,720,000,000","36,165,000,000","36,274,000,000","31,709,000,000","32,037,000,000","30,198,000,000","29,904,000,000","29,607,000,000","22,784,000,000","24,592,000,000","27,926,000,000","30,093,000,000","25,175,000,000","28,043,000,000","29,937,000,000","27,347,000,000","32,918,000,000","26,231,000,000","25,360,000,000","24,185,000,000","22,763,000,000","25,368,000,000","20,533,000,000","18,128,000,000","17,634,000,000","20,030,000,000","19,172,000,000","17,996,000,000","17,184,000,000","19,855,000,000","18,232,000,000","14,396,000,000","11,423,000,000","12,144,000,000","10,637,000,000","9,886,000,000","9,255,000,000","9,395,000,000","9,310,000,000","10,656,000,000","8,135,000,000","12,523,000,000","8,426,000,000","6,553,000,000","6,474,000,000","6,070,000,000","7,051,000,000","5,461,000,000","5,446,000,000","3,662,000,000","2,909,000,000","3,936,000,000","3,325,000,000","3,644,300,000","2,372,700,000","2,338,200,000","2,074,800,000","2,430,500,000","2,015,300,000","1,914,800,000","4,139,700,000","1,180,000,000","895,900,000","808,600,000","828,800,000","1,200,200,000","820,800,000","890,500,000","935,900,000","445,500,000","744,100,000","703,700,000","725,800,000","923,500,000","809,400,000","656,800,000","639,600,000","98,000,000","776,500,000","776,500,000","776,500,000","453,500,000","354,400,000","380,100,000","392,000,000","620,800,000","597,100,000","564,200,000","701,700,000","662,900,000","583,900,000","576,400,000","641,700,000"
	OperatingRevenue,"354,636,000,000","112,325,000,000","75,504,000,000","96,508,000,000","70,299,000,000","103,735,000,000","94,606,000,000","96,925,000,000","-9,010,000,000","96,679,000,000","75,898,000,000","73,646,000,000","81,000,000,000","28,206,000,000","78,156,000,000","68,562,000,000","50,458,000,000","58,907,000,000","60,525,000,000","57,518,000,000","65,187,000,000","57,673,000,000","59,068,000,000","54,460,000,000","52,403,000,000","51,820,000,000","58,989,000,000","51,368,000,000","48,644,000,000","48,259,000,000","51,199,000,000","49,762,000,000","45,453,000,000","47,049,000,000","46,541,000,000","44,693,000,000","43,867,000,000","44,720,000,000","41,050,000,000","38,546,000,000","38,147,000,000","37,955,000,000","33,739,000,000","38,274,000,000","33,720,000,000","36,165,000,000","36,274,000,000","31,709,000,000","32,037,000,000","30,198,000,000","29,904,000,000","29,607,000,000","22,784,000,000","24,592,000,000","27,926,000,000","30,093,000,000","25,175,000,000","28,043,000,000","29,937,000,000","27,347,000,000","32,918,000,000","26,231,000,000","25,360,000,000","24,185,000,000","22,763,000,000","25,368,000,000","20,533,000,000","18,128,000,000","17,634,000,000","20,030,000,000","19,172,000,000","17,996,000,000","17,184,000,000","19,855,000,000","18,232,000,000","14,396,000,000","11,423,000,000","12,144,000,000","10,637,000,000","9,886,000,000","9,255,000,000","9,395,000,000","9,310,000,000","10,656,000,000","8,135,000,000","12,523,000,000","8,426,000,000","6,553,000,000","6,474,000,000","6,070,000,000","7,051,000,000","5,461,000,000","5,446,000,000","3,662,000,000","2,909,000,000","3,936,000,000","3,325,000,000","3,644,300,000","2,372,700,000","2,338,200,000","2,074,800,000","2,430,500,000","2,015,300,000","1,914,800,000","4,139,700,000","1,180,000,000","895,900,000","808,600,000","828,800,000","1,200,200,000","820,800,000","890,500,000","935,900,000","445,500,000","744,100,000","703,700,000","725,800,000","923,500,000","809,400,000","656,800,000","639,600,000","98,000,000","776,500,000","776,500,000","776,500,000","453,500,000","354,400,000","380,100,000","392,000,000","620,800,000","597,100,000","564,200,000","701,700,000","662,900,000","583,900,000","576,400,000","641,700,000"
NetNonOperatingInterestIncomeExpense,"-4,172,000,000","-990,000,000","-1,056,000,000","-1,076,000,000","-1,050,000,000","-1,057,000,000","-1,000,000,000","-1,002,000,000","-1,024,000,000","-993,000,000","-985,000,000","-992,000,000","-991,000,000","-1,244,000,000","-896,000,000","-521,000,000","-1,192,000,000","-1,594,000,000","-1,233,000,000","-1,500,000,000","-1,067,000,000","-554,000,000","-1,043,000,000","-727,000,000","-1,173,000,000","-808,000,000","-865,000,000","-967,000,000","-875,000,000","-830,000,000","-817,000,000","-824,000,000","-782,000,000","-718,000,000","-706,000,000","-691,000,000","-686,000,000","-665,000,000","-692,000,000","-696,000,000","-691,000,000","-675,000,000","-669,000,000","-662,000,000","-658,000,000","-660,000,000","-668,000,000","-637,000,000","-593,000,000","-500,000,000","-494,000,000","-510,000,000","-488,000,000","-480,000,000","-514,000,000","-493,000,000","-476,000,000","-497,000,000","-481,000,000","-469,000,000","-463,000,000","-453,000,000","-463,000,000","-446,000,000","-362,000,000","-169,000,000","-193,000,000","-195,000,000","-166,000,000","-131,000,000","-112,000,000","-245,000,000","-233,000,000","-118,000,000","-98,000,000","-124,000,000","-132,000,000","-180,000,000","-176,000,000","-49,000,000","-46,000,000","-49,000,000","-43,000,000","-57,000,000","-60,000,000","-39,000,000","-38,000,000","-34,000,000","-33,000,000","-34,000,000","-35,000,000","-32,000,000","-33,000,000","-27,000,000","-28,000,000","-27,000,000","-27,000,000","-27,900,000","-28,600,000","-27,300,000","-28,100,000","-20,000,000","-26,500,000","-26,900,000","-26,300,000","-18,700,000","-13,900,000","-13,400,000","-13,200,000","9,400,000","-22,100,000","-23,500,000","-24,000,000","-23,200,000","-21,000,000","-18,500,000",,"-32,500,000","-30,000,000",,"-37,400,000",,,,,"-30,600,000","-28,100,000","-28,200,000","-25,900,000",,,,,,,,
	InterestExpenseNonOperating,"4,172,000,000","990,000,000","1,056,000,000","1,076,000,000","1,050,000,000","1,057,000,000","1,000,000,000","1,002,000,000","1,024,000,000","993,000,000","985,000,000","992,000,000","991,000,000","1,244,000,000","896,000,000","521,000,000","1,192,000,000","1,594,000,000","1,233,000,000","1,500,000,000","1,067,000,000","554,000,000","1,043,000,000","727,000,000","1,173,000,000","808,000,000","865,000,000","967,000,000","875,000,000","830,000,000","817,000,000","824,000,000","782,000,000","718,000,000","706,000,000","691,000,000","686,000,000","665,000,000","692,000,000","696,000,000","691,000,000","675,000,000","669,000,000","662,000,000","658,000,000","660,000,000","668,000,000","637,000,000","593,000,000","500,000,000","494,000,000","510,000,000","488,000,000","480,000,000","514,000,000","493,000,000","476,000,000","497,000,000","481,000,000","469,000,000","463,000,000","453,000,000","463,000,000","446,000,000","362,000,000","169,000,000","193,000,000","195,000,000","166,000,000","131,000,000","112,000,000","245,000,000","233,000,000","118,000,000","98,000,000","124,000,000","132,000,000","180,000,000","176,000,000","49,000,000","46,000,000","49,000,000","43,000,000","57,000,000","60,000,000","39,000,000","38,000,000","34,000,000","33,000,000","34,000,000","35,000,000","32,000,000","33,000,000","27,000,000","28,000,000","27,000,000","27,000,000","27,900,000","28,600,000","27,300,000","28,100,000","20,000,000","26,500,000","26,900,000","26,300,000","18,700,000","13,900,000","13,400,000","13,200,000","-9,400,000","22,100,000","23,500,000","24,000,000","23,200,000","21,000,000","18,500,000",,"32,500,000","30,000,000",,"37,400,000",,,,,"30,600,000","28,100,000","28,200,000","25,900,000",,,,,,,,
OtherIncomeExpense,"193,099,000,000","50,308,000,000","49,273,000,000","48,270,000,000","45,248,000,000","44,701,000,000","43,618,000,000","37,856,000,000","42,368,000,000","45,340,000,000","45,784,000,000","45,036,000,000","43,395,000,000","41,641,000,000","47,124,000,000","46,143,000,000","43,418,000,000","43,912,000,000","44,531,000,000","43,240,000,000","41,147,000,000","41,299,000,000","42,454,000,000","40,970,000,000","38,516,000,000","37,828,000,000","39,512,000,000","39,041,000,000","36,054,000,000","36,601,000,000","37,097,000,000","36,006,000,000","33,177,000,000","34,315,000,000","33,670,000,000","32,973,000,000","31,427,000,000","31,334,000,000","30,040,000,000","29,269,000,000","27,744,000,000","-44,914,000,000","27,010,000,000","26,435,000,000","24,699,000,000","25,009,000,000","25,274,000,000","24,723,000,000","21,186,000,000","20,213,000,000","19,711,000,000","18,889,000,000","17,848,000,000","27,278,000,000","19,007,000,000","20,636,000,000","16,045,000,000","22,757,000,000","17,871,000,000","17,472,000,000","16,157,000,000","20,630,000,000","16,100,000,000","15,240,000,000","14,332,000,000","15,811,000,000","11,845,000,000","11,081,000,000","10,480,000,000","10,605,000,000","11,374,000,000","11,094,000,000","9,894,000,000","14,242,000,000","10,772,000,000","5,636,000,000","3,361,000,000","7,065,000,000","3,970,000,000","4,078,000,000","3,279,000,000","5,479,000,000","3,351,000,000","3,216,000,000","2,764,000,000","1,522,000,000","1,350,000,000","1,130,000,000","1,250,000,000","3,582,000,000","12,000,000","76,000,000","59,000,000","3,802,000,000","13,000,000","11,000,000","12,000,000","8,100,000","8,700,000","8,200,000","6,800,000","8,400,000","5,900,000","5,200,000","5,800,000","2,096,600,000","601,400,000","519,800,000","495,300,000",,,,,,,,,,"809,400,000","656,800,000","639,600,000",,,,,"453,500,000","354,400,000","380,100,000","392,000,000",,,,,,,,
	SpecialIncomeCharges,"0","0","0","0",,"-12,000,000","-25,000,000","-10,634,000,000",,,,,,,,,,,,,,,,,,,,,,,,,,,,,,,,,,,,,,,,,,,,,,,,,,,,,,,,,"-1,246,000,000",,"-1,132,000,000",,,,,,,,,,,,,,,,,,,,,,,,,,,,,,,,,,,,,,,,,,,,,,,,,,,,,,,,,,,,,,,,,,,,,,
		ImpairmentOfCapitalAssets,"0","0","0","0",,"12,000,000","25,000,000","10,634,000,000",,,,,,,,,,,,,,,,,,,,,,,,,,,,,,,,,,,,,,,,,,,,,,,,,,,,,,,,,,,,,,,,,,,,,,,,,,,,,,,,,,,,,,,,,,,,,,,,,,,,,,,,,,,,,,,,,,,,,,,,,,,,,,,,,
PretaxIncome,"111,686,000,000","48,953,000,000","12,484,000,000","35,721,000,000","14,528,000,000","45,403,000,000","37,930,000,000","35,409,000,000","-63,049,000,000","36,801,000,000","20,489,000,000","17,759,000,000","27,647,000,000","-32,721,000,000","23,147,000,000","15,098,000,000","-1,523,000,000","6,391,000,000","5,630,000,000","6,129,000,000","5,688,000,000","9,314,000,000","10,525,000,000","7,372,000,000","6,456,000,000","7,381,000,000","14,072,000,000","5,846,000,000","7,647,000,000","5,841,000,000","6,750,000,000","8,916,000,000","6,598,000,000","7,232,000,000","7,378,000,000","6,891,000,000","7,295,000,000","6,754,000,000","5,936,000,000","4,615,000,000","4,931,000,000","4,452,000,000","3,363,000,000","5,265,000,000","2,234,000,000","6,481,000,000","4,534,000,000","2,938,000,000","5,098,000,000","4,465,000,000","4,839,000,000","4,791,000,000","-2,543,000,000","148,000,000","1,502,000,000","4,471,000,000","1,453,000,000","4,426,000,000","6,847,000,000","4,816,000,000","4,072,000,000","5,262,000,000","4,301,000,000","3,602,000,000","3,613,000,000","7,829,000,000","835,000,000","2,154,000,000","1,973,000,000","4,928,000,000","1,794,000,000","1,914,000,000","2,300,000,000","3,553,000,000","2,582,000,000","3,335,000,000","2,578,000,000","1,826,000,000","1,672,000,000","1,547,000,000","1,390,000,000","291,000,000","-1,046,000,000","1,267,000,000","957,000,000","1,792,000,000","1,376,000,000","1,114,000,000","1,305,000,000","34,000,000","669,000,000","865,000,000","882,000,000","862,000,000","548,000,000","1,815,000,000","1,089,000,000","1,492,500,000","539,700,000","397,600,000","397,800,000","520,000,000","366,000,000","263,400,000","2,556,500,000","0","0","0","0","0","0","0","0","0","0","0",,"0","0","0","0",,,,,"0","0","0","0",,,,,,,,
TaxProvision,"20,879,000,000","9,055,000,000","1,840,000,000","7,296,000,000","2,688,000,000","9,273,000,000","7,517,000,000","9,002,000,000","-13,352,000,000","7,571,000,000","3,832,000,000","3,586,000,000","5,915,000,000","-7,330,000,000","4,440,000,000","3,021,000,000","-452,000,000","-26,265,000,000","1,427,000,000","1,774,000,000","1,549,000,000","2,959,000,000","3,192,000,000","2,290,000,000","799,000,000","1,834,000,000","4,545,000,000","1,739,000,000","2,414,000,000","1,623,000,000","2,029,000,000","2,458,000,000","1,825,000,000","2,169,000,000","2,225,000,000","2,279,000,000","2,278,000,000","2,093,000,000","1,882,000,000","1,384,000,000","1,565,000,000","7,875,000,000","953,000,000","1,725,000,000","-629,000,000","2,008,000,000","1,415,000,000","848,000,000","1,336,000,000","1,431,000,000","1,601,000,000","1,520,000,000","-1,014,000,000","-167,000,000","294,000,000","1,443,000,000","408,000,000","1,392,000,000","2,197,000,000","1,617,000,000","1,388,000,000","1,604,000,000","1,451,000,000","1,208,000,000","1,242,000,000","2,636,000,000","232,000,000","691,000,000","600,000,000","1,570,000,000","649,000,000","617,000,000","733,000,000","1,156,000,000","766,000,000","1,078,000,000","833,000,000","650,000,000","539,000,000","485,000,000","460,000,000","169,000,000","-361,000,000","473,000,000","339,000,000","680,000,000","479,000,000","395,000,000","464,000,000","-3,000,000","237,000,000","291,000,000","327,000,000","291,000,000","179,000,000","624,000,000","363,000,000","502,700,000","169,300,000","116,100,000","109,600,000","151,400,000","98,200,000","69,100,000","878,100,000","114,700,000","57,500,000","66,300,000","31,900,000","28,100,000","29,700,000","60,300,000","40,700,000","252,200,000","101,100,000","35,300,000",,"98,600,000","-600,000","26,800,000","13,300,000",,,,,"37,200,000","25,900,000","26,500,000","22,400,000",,,,,,,,
EarningsFromEquityInterestNetOfTax,,,,,,,,,,,,,,,,,,,,,,,,,,,,,,,,,,,,,,,,,,,,,,"0",,,"50,000,000","120,000,000","111,000,000","113,000,000","83,000,000",,,,,,"-97,000,000","-81,000,000","-89,000,000",,"-78,000,000","-47,000,000","-58,000,000",,"-17,000,000","-14,000,000","-10,000,000","-19,000,000","-8,000,000","-15,000,000","-17,000,000",,"-10,000,000","-28,000,000","-15,000,000",,"8,000,000","-17,000,000","-14,000,000",,"6,000,000","-21,000,000","-12,000,000","-28,000,000","-100,000,000","-79,000,000","-34,000,000",,,,,,,,,,,,,,,,,"367,600,000","230,000,000","245,900,000","152,100,000","119,500,000","135,500,000","224,900,000","173,600,000","775,800,000","123,900,000","147,300,000",,"302,100,000","37,700,000","124,800,000","80,700,000",,,,,"162,700,000","116,100,000","120,500,000","106,900,000",,,,,,,,
NetIncomeCommonStockholders,"89,795,000,000","39,646,000,000","10,344,000,000","28,094,000,000","11,711,000,000","35,835,000,000","30,137,000,000","26,295,000,000","-49,746,000,000","29,159,000,000","16,524,000,000","14,073,000,000","21,661,000,000","-25,392,000,000","18,540,000,000","12,011,000,000","-1,138,000,000","32,551,000,000","4,067,000,000","4,262,000,000","4,060,000,000","6,286,000,000","7,198,000,000","5,001,000,000","5,589,000,000","5,478,000,000","9,428,000,000","4,013,000,000","5,164,000,000","4,155,000,000","4,617,000,000","6,395,000,000","4,705,000,000","4,990,000,000","5,053,000,000","4,541,000,000","4,892,000,000","4,551,000,000","3,920,000,000","3,108,000,000","3,245,000,000","3,048,000,000","2,278,000,000","3,417,000,000","1,511,000,000","4,377,000,000","2,989,000,000","1,968,000,000","3,633,000,000","3,056,000,000","3,238,000,000","3,295,000,000","-1,534,000,000","117,000,000","1,057,000,000","2,880,000,000","940,000,000","2,947,000,000","4,553,000,000","3,118,000,000","2,595,000,000","3,583,000,000","2,772,000,000","2,347,000,000","2,313,000,000","5,130,000,000","586,000,000","1,449,000,000","1,363,000,000","3,339,000,000","1,137,000,000","1,282,000,000","1,550,000,000","2,386,000,000","1,806,000,000","2,229,000,000","1,730,000,000","1,184,000,000","1,141,000,000","1,045,000,000","916,000,000","95,000,000","-679,000,000","773,000,000","606,000,000","1,084,000,000","797,000,000","640,000,000","807,000,000","24,000,000","420,000,000","572,000,000","541,000,000","567,000,000","365,000,000","1,176,000,000","722,000,000","972,800,000","366,600,000","277,800,000","284,400,000","364,700,000","264,000,000","191,200,000","1,668,700,000","252,900,000","172,500,000","179,600,000","120,200,000","91,400,000","105,800,000","164,600,000","132,900,000","523,600,000","22,800,000","112,000,000","29,700,000","203,500,000","38,300,000","98,000,000","67,400,000","109,900,000","110,000,000","110,000,000","110,000,000","125,500,000","90,200,000","94,000,000","84,500,000","111,400,000","121,700,000","87,400,000","127,100,000","121,300,000","84,500,000","94,400,000","99,100,000"
	NetIncome,"89,795,000,000","39,646,000,000","10,344,000,000","28,094,000,000","11,711,000,000","35,835,000,000","30,137,000,000","26,295,000,000","-49,746,000,000","29,159,000,000","16,524,000,000","14,073,000,000","21,661,000,000","-25,392,000,000","18,540,000,000","12,011,000,000","-1,138,000,000","32,551,000,000","4,067,000,000","4,262,000,000","4,060,000,000","6,286,000,000","7,198,000,000","5,001,000,000","5,589,000,000","5,478,000,000","9,428,000,000","4,013,000,000","5,164,000,000","4,155,000,000","4,617,000,000","6,395,000,000","4,705,000,000","4,990,000,000","5,053,000,000","4,541,000,000","4,892,000,000","4,551,000,000","3,920,000,000","3,108,000,000","3,245,000,000","3,048,000,000","2,278,000,000","3,417,000,000","1,511,000,000","4,377,000,000","2,989,000,000","1,968,000,000","3,633,000,000","3,056,000,000","3,238,000,000","3,295,000,000","-1,534,000,000","117,000,000","1,057,000,000","2,880,000,000","940,000,000","2,947,000,000","4,553,000,000","3,118,000,000","2,595,000,000","3,583,000,000","2,772,000,000","2,347,000,000","2,313,000,000","5,130,000,000","586,000,000","1,449,000,000","1,363,000,000","3,339,000,000","1,137,000,000","1,282,000,000","1,550,000,000","2,386,000,000","1,806,000,000","2,229,000,000","1,730,000,000","1,184,000,000","1,141,000,000","1,045,000,000","916,000,000","95,000,000","-679,000,000","773,000,000","606,000,000","1,084,000,000","797,000,000","640,000,000","807,000,000","24,000,000","420,000,000","572,000,000","541,000,000","567,000,000","365,000,000","1,176,000,000","722,000,000","972,800,000","366,600,000","277,800,000","284,400,000","364,700,000","264,000,000","191,200,000","1,668,700,000","252,900,000","172,500,000","179,600,000","120,200,000","91,400,000","105,800,000","164,600,000","132,900,000","523,600,000","22,800,000","112,000,000","29,700,000","203,500,000","38,300,000","98,000,000","67,400,000","109,900,000","110,000,000","110,000,000","110,000,000","125,500,000","90,200,000","94,000,000","84,500,000","111,400,000","121,700,000","87,400,000","127,100,000","121,300,000","84,500,000","94,400,000","99,100,000"
		NetIncomeIncludingNoncontrollingInterests,"90,807,000,000","39,898,000,000","10,644,000,000","28,425,000,000","11,840,000,000","36,130,000,000","30,413,000,000","26,407,000,000","-49,697,000,000","29,230,000,000","16,657,000,000","14,173,000,000","21,732,000,000","-25,391,000,000","18,707,000,000","12,077,000,000","-1,071,000,000","32,656,000,000","4,203,000,000","4,355,000,000","4,139,000,000","6,355,000,000","7,333,000,000","5,082,000,000","5,657,000,000","5,547,000,000","9,527,000,000","4,107,000,000","5,233,000,000","4,218,000,000","4,721,000,000","6,458,000,000","4,773,000,000","5,063,000,000","5,153,000,000","4,612,000,000","5,017,000,000","4,661,000,000","4,054,000,000","3,231,000,000","3,366,000,000","3,191,000,000","2,410,000,000","3,540,000,000","1,605,000,000","4,473,000,000","3,119,000,000","2,090,000,000","3,812,000,000","3,154,000,000","3,349,000,000","3,384,000,000","-1,446,000,000","315,000,000","1,208,000,000","3,028,000,000","1,045,000,000","3,568,000,000","4,456,000,000","3,037,000,000","2,506,000,000","4,024,000,000","2,694,000,000","2,300,000,000","2,255,000,000","5,275,000,000","569,000,000","1,435,000,000","1,353,000,000","3,320,000,000","1,129,000,000","1,267,000,000","1,533,000,000","2,503,000,000","1,796,000,000","2,201,000,000","1,715,000,000","1,222,000,000","1,149,000,000","1,028,000,000","902,000,000","176,000,000","-673,000,000","752,000,000","594,000,000","1,056,000,000","697,000,000","561,000,000","773,000,000","-45,000,000","432,000,000","574,000,000","555,000,000","517,000,000","369,000,000","1,191,000,000","726,000,000","989,800,000","370,400,000","281,500,000","288,200,000","368,600,000","267,800,000","194,300,000","1,678,400,000","250,000,000","169,700,000","175,300,000","116,900,000","90,200,000","103,200,000","162,000,000","130,600,000","519,900,000","21,000,000","110,000,000","29,700,000","204,500,000","36,200,000","95,800,000","65,500,000","98,900,000","110,000,000","110,000,000","110,000,000","122,300,000","87,900,000","91,500,000","82,200,000","111,400,000","121,700,000","87,400,000","127,100,000","121,300,000","84,500,000","94,400,000","99,100,000"
			NetIncomeContinuousOperations,"90,807,000,000","39,898,000,000","10,644,000,000","28,425,000,000","11,840,000,000","36,130,000,000","30,413,000,000","26,407,000,000","-49,697,000,000","29,230,000,000","16,657,000,000","14,173,000,000","21,732,000,000","-25,391,000,000","18,707,000,000","12,077,000,000","-1,071,000,000","32,656,000,000","4,203,000,000","4,355,000,000","4,139,000,000","6,355,000,000","7,333,000,000","5,082,000,000","5,657,000,000","5,547,000,000","9,527,000,000","4,107,000,000","5,233,000,000","4,218,000,000","4,721,000,000","6,458,000,000","4,773,000,000","5,063,000,000","5,153,000,000","4,612,000,000","5,017,000,000","4,661,000,000","4,054,000,000","3,231,000,000","3,366,000,000","3,191,000,000","2,410,000,000","3,540,000,000","1,605,000,000","4,473,000,000","3,119,000,000","2,090,000,000","3,812,000,000","3,154,000,000","3,349,000,000","3,384,000,000","-1,446,000,000","315,000,000","1,208,000,000","3,028,000,000","1,045,000,000","3,301,000,000","4,553,000,000","3,118,000,000","2,595,000,000","3,841,000,000","2,772,000,000","2,347,000,000","2,313,000,000","5,234,000,000","586,000,000","1,449,000,000","1,363,000,000","3,339,000,000","1,137,000,000","1,282,000,000","1,550,000,000","2,450,000,000","1,806,000,000","2,229,000,000","1,730,000,000","1,199,000,000","1,141,000,000","1,045,000,000","916,000,000","149,000,000","-679,000,000","773,000,000","606,000,000","1,084,000,000","797,000,000","640,000,000","807,000,000","-4,000,000","432,000,000","574,000,000","555,000,000","544,000,000","369,000,000","1,191,000,000","726,000,000","989,800,000","370,400,000","281,500,000","288,200,000","368,600,000","267,800,000","194,300,000","1,678,400,000","252,900,000","172,500,000","179,600,000","120,200,000","91,400,000","105,800,000","164,600,000","132,900,000","523,600,000","22,800,000","112,000,000","84,100,000","203,500,000","38,300,000","98,000,000","67,400,000","109,900,000","110,000,000","110,000,000","110,000,000","125,500,000","90,200,000","94,000,000","84,500,000","111,400,000","121,700,000","87,400,000","127,100,000","121,300,000","84,500,000","94,400,000","99,100,000"
			NetIncomeExtraordinary,,,,,,,,,,,,,,,,,,,,,,,,,,,,,,,,,,,,,,,,,,,,,,,,,,,,,,,,,,,,,,,,,,,,,,,,,,,,,,,,,,,,,,,,,,,,,,,,,,,,,,,,,,,,,,,,,,"0",,,"-71,000,000",,,,,,,,,,,,,,,,,,,,
			NetIncomeFromTaxLossCarryforward,,,,,,,,,,,,,,,,,,,,,,,,,,,,,,,,,,,,,,,,,,,,,,,,,,,,,,,,,,,,,,,,,,,,,,,,,,,,,,,,,,,,,,,,,,,,,,,,,,,,,,,,,,,,,,,,,,,,,"16,600,000",,,,,,,,,,,,,,,,,,,,
		MinorityInterests,"-1,012,000,000","-252,000,000","-300,000,000","-331,000,000","-129,000,000","-295,000,000","-276,000,000","-112,000,000","-49,000,000","-71,000,000","-133,000,000","-100,000,000","-71,000,000","-1,000,000","-167,000,000","-66,000,000","-67,000,000","-105,000,000","-136,000,000","-93,000,000","-79,000,000","-69,000,000","-135,000,000","-81,000,000","-68,000,000","-69,000,000","-99,000,000","-94,000,000","-69,000,000","-63,000,000","-104,000,000","-63,000,000","-68,000,000","-73,000,000","-100,000,000","-71,000,000","-125,000,000","-110,000,000","-134,000,000","-123,000,000","-121,000,000","-143,000,000","-132,000,000","-123,000,000","-94,000,000","-96,000,000","-130,000,000","-122,000,000","-179,000,000","-98,000,000","-111,000,000","-89,000,000","-88,000,000","-198,000,000","-151,000,000","-148,000,000","-105,000,000","-621,000,000","97,000,000","81,000,000","89,000,000","-441,000,000","78,000,000","47,000,000","58,000,000","-145,000,000","17,000,000","14,000,000","10,000,000","19,000,000","8,000,000","15,000,000","17,000,000","-117,000,000","10,000,000","28,000,000","15,000,000","-38,000,000","-8,000,000","17,000,000","14,000,000","-81,000,000","-6,000,000","21,000,000","12,000,000","28,000,000","100,000,000","79,000,000","34,000,000","69,000,000","-12,000,000","-2,000,000","-14,000,000","50,000,000","-4,000,000","-15,000,000","-4,000,000","-17,000,000","-3,800,000","-3,700,000","-3,800,000","-3,900,000","-3,800,000","-3,100,000","-9,700,000","2,900,000","2,800,000","4,300,000","3,300,000","1,200,000","2,600,000","2,600,000","2,300,000","3,700,000","1,800,000","2,000,000",,"-1,000,000","2,100,000","2,200,000","1,900,000",,,,,"3,200,000","2,300,000","2,500,000","2,300,000",,,,,,,,
DilutedNIAvailtoComStockholders,"89,795,000,000","39,646,000,000","10,344,000,000","28,094,000,000","11,711,000,000","35,835,000,000","30,137,000,000","26,295,000,000","-49,746,000,000","29,159,000,000","16,524,000,000","14,073,000,000","21,661,000,000","-25,392,000,000","18,540,000,000","12,011,000,000","-1,138,000,000","32,551,000,000","4,067,000,000","4,262,000,000","4,060,000,000","6,286,000,000","7,198,000,000","5,001,000,000","5,589,000,000","5,478,000,000","9,428,000,000","4,013,000,000","5,164,000,000","4,155,000,000","4,617,000,000","6,395,000,000","4,705,000,000","4,990,000,000","5,053,000,000","4,541,000,000","4,892,000,000","4,551,000,000","3,920,000,000","3,108,000,000","3,245,000,000","3,048,000,000","2,278,000,000","3,417,000,000","1,511,000,000","4,377,000,000","2,989,000,000","1,968,000,000","3,633,000,000","3,056,000,000","3,238,000,000","3,295,000,000","-1,534,000,000","117,000,000","1,057,000,000","2,880,000,000","940,000,000","2,947,000,000","4,553,000,000","3,118,000,000","2,595,000,000","3,583,000,000","2,772,000,000","2,347,000,000","2,313,000,000","5,130,000,000","586,000,000","1,449,000,000","1,363,000,000","3,339,000,000","1,137,000,000","1,282,000,000","1,550,000,000","2,386,000,000","1,806,000,000","2,229,000,000","1,730,000,000","1,184,000,000","1,141,000,000","1,045,000,000","916,000,000","95,000,000","-679,000,000","773,000,000","606,000,000","1,084,000,000","797,000,000","640,000,000","807,000,000","24,000,000","420,000,000","572,000,000","541,000,000","567,000,000","365,000,000","1,176,000,000","722,000,000","972,800,000","366,600,000","277,800,000","284,400,000","364,700,000","264,000,000","191,200,000","1,668,700,000","252,900,000","172,500,000","179,600,000","120,200,000","91,400,000","105,800,000","164,600,000","132,900,000","523,600,000","22,800,000","112,000,000","29,700,000","203,500,000","38,300,000","98,000,000","67,400,000","109,900,000","110,000,000","110,000,000","110,000,000","125,500,000","90,200,000","94,000,000","84,500,000","111,400,000","121,700,000","87,400,000","127,100,000","121,300,000","84,500,000","94,400,000","99,100,000"
BasicEPS,,,"4.588","12.325","5.092",,"12.663","10.876","-20.435",,"6.746","5.739","8.806",,"7.52","4.867","-0.461",,"1.649","1.728","1.646",,"2.919","2.028","2.267",,"3.825","1.628","2.095",,"1.874","2.593","1.908",,"2.049","1.842","1.985",,"1.582","1.255","1.311",,"0.92","1.381","0.611",,"1.209","0.797","1.515",,"1.391","1.415","-0.66",,"0.455","1.239","0.405",,"1.961","1.345","1.121",,"1.198","1.015","1.001",,"0.254","0.627","0.591",,"0.493","0.556","0.672",,"0.784","0.968","0.751",,"0.496","0.454","0.399",,"-0.297","0.337","0.265",,"0.349","0.281","0.354",,"0.184","0.251","0.237",,"0.195","0.631","0.388",,"0.198","0.15","0.154",,"0.145","0.106","0.932",,"0.097","0.101","0.068",,"0.06","0.093","0.075",,"0.013","0.065","0.017",,"0.022","0.057","0.039",,"0.064","0.064","0.064",,"0.057","0.055","0.049",,"0.071","0.051","0.074",,"0.049","0.055","0.058"
DilutedEPS,,,"4.588","12.325","5.092",,"12.663","10.876","-20.435",,"6.746","5.739","8.806",,"7.52","4.867","-0.461",,"1.649","1.728","1.646",,"2.919","2.028","2.267",,"3.825","1.628","2.095",,"1.874","2.593","1.908",,"2.049","1.842","1.985",,"1.582","1.255","1.311",,"0.92","1.381","0.611",,"1.209","0.797","1.515",,"1.391","1.415","-0.66",,"0.455","1.239","0.405",,"1.961","1.345","1.121",,"1.198","1.015","1.001",,"0.254","0.627","0.591",,"0.493","0.556","0.672",,"0.784","0.968","0.751",,"0.496","0.454","0.399",,"-0.297","0.337","0.265",,"0.349","0.281","0.354",,"0.184","0.251","0.237",,"0.195","0.631","0.388",,"0.198","0.15","0.154",,"0.145","0.106","0.932",,"0.097","0.101","0.068",,"0.06","0.093","0.075",,"0.013","0.065","0.017",,"0.022","0.057","0.039",,"0.064","0.064","0.064",,"0.057","0.055","0.049",,"0.071","0.051","0.074",,"0.049","0.055","0.058"
BasicAverageShares,,,"2,254,518,373","2,279,362,860","2,299,924,850",,"2,380,045,810","2,417,638,791","2,434,332,283",,"2,449,501,775","2,452,441,774","2,459,730,270",,"2,465,332,767","2,467,584,266","2,467,435,766",,"2,466,982,767","2,466,868,767","2,466,636,267",,"2,465,868,267","2,465,616,267","2,465,229,267",,"2,464,972,768","2,464,624,768","2,464,425,268",,"2,463,835,768","2,466,553,767","2,466,087,267",,"2,465,667,267","2,465,397,267","2,464,770,268",,"2,478,274,761","2,477,265,261","2,476,414,762",,"2,476,933,762","2,473,576,763","2,472,615,264",,"2,471,388,264","2,470,761,265","2,398,749,301",,"2,327,589,336","2,327,584,836","2,324,223,338",,"2,323,837,838","2,323,471,838","2,322,591,339",,"2,321,050,839","2,317,807,841","2,314,212,343",,"2,313,258,343","2,312,460,344","2,311,401,344",,"2,309,845,845","2,309,481,345","2,308,648,846",,"2,306,854,847","2,306,442,347","2,305,612,847",,"2,303,293,848","2,302,641,349","2,302,201,849",,"2,301,093,349","2,300,590,850","2,296,440,352",,"2,291,019,354","2,290,540,855","2,289,808,855",,"2,286,253,857","2,281,584,359","2,281,018,859",,"2,279,929,860","2,279,484,360","2,278,344,361",,"1,866,411,567","1,861,799,069","1,861,064,069",,"1,851,180,574","1,848,368,076","1,848,366,576",,"1,816,142,092","1,805,621,097","1,790,267,105",,"1,784,481,866","1,772,367,535","1,767,646,175",,"1,766,276,245","1,766,093,538","1,766,816,452",,"1,729,018,347","1,729,461,767","1,726,074,302",,"1,718,001,533","1,718,895,305","1,718,802,269",,"1,718,749,141","1,718,749,141","1,718,749,141",,"1,573,255,027","1,720,560,458","1,720,042,565",,"1,720,221,530","1,718,892,546","1,720,356,476",,"1,719,109,408","1,719,071,618","1,720,883,604"
DilutedAverageShares,,,"2,254,518,373","2,279,362,860","2,299,924,850",,"2,380,045,810","2,417,638,791","2,434,332,283",,"2,449,501,775","2,452,441,774","2,459,730,270",,"2,465,332,767","2,467,584,266","2,467,435,766",,"2,466,982,767","2,466,868,767","2,466,636,267",,"2,465,868,267","2,465,616,267","2,465,229,267",,"2,464,972,768","2,464,624,768","2,464,425,268",,"2,463,835,768","2,466,553,767","2,466,087,267",,"2,465,667,267","2,465,397,267","2,464,770,268",,"2,478,274,761","2,477,265,261","2,476,414,762",,"2,476,933,762","2,473,576,763","2,472,615,264",,"2,471,388,264","2,470,761,265","2,398,749,301",,"2,327,589,336","2,327,584,836","2,324,223,338",,"2,323,837,838","2,323,471,838","2,322,591,339",,"2,321,050,839","2,317,807,841","2,314,212,343",,"2,313,258,343","2,312,460,344","2,311,401,344",,"2,309,845,845","2,309,481,345","2,308,648,846",,"2,306,854,847","2,306,442,347","2,305,612,847",,"2,303,293,848","2,302,641,349","2,302,201,849",,"2,301,093,349","2,300,590,850","2,296,440,352",,"2,291,019,354","2,290,540,855","2,289,808,855",,"2,286,253,857","2,281,584,359","2,281,018,859",,"2,279,929,860","2,279,484,360","2,278,344,361",,"1,866,411,567","1,861,799,069","1,861,064,069",,"1,851,180,574","1,848,368,076","1,848,366,576",,"1,816,142,092","1,805,621,097","1,790,267,105",,"1,784,481,866","1,772,367,535","1,767,646,175",,"1,766,276,245","1,766,093,538","1,766,816,452",,"1,729,018,347","1,729,461,767","1,726,074,302",,"1,718,001,533","1,718,895,305","1,718,802,269",,"1,718,749,141","1,718,749,141","1,718,749,141",,"1,573,255,027","1,720,560,458","1,720,042,565",,"1,720,221,530","1,718,892,546","1,720,356,476",,"1,719,109,408","1,719,071,618","1,720,883,604"
RentExpenseSupplemental,"4,201,000,000","1,221,000,000","1,116,000,000","982,000,000","882,000,000","915,000,000","854,000,000","749,000,000","1,002,000,000","973,000,000","1,010,000,000","1,000,000,000","1,020,000,000",,,,,,,,,,,,,,,,,,,,,,,,,,,,,,,,,,,,,,,,,,,,,,,,,,,,,,,,,,,,,,,,,,,,,,,,,,,,,,,,,,,,,,,,,,,,,,,,,,,,,,,,,,,,,,,,,,,,,,,,,,,,
TotalExpenses,"242,950,000,000","63,372,000,000","63,020,000,000","60,787,000,000","55,771,000,000","58,332,000,000","56,676,000,000","61,516,000,000","54,039,000,000","59,878,000,000","55,409,000,000","55,887,000,000","53,353,000,000","60,927,000,000","55,009,000,000","53,464,000,000","51,981,000,000","52,516,000,000","54,895,000,000","51,389,000,000","59,499,000,000","48,359,000,000","48,543,000,000","47,088,000,000","45,947,000,000","44,439,000,000","44,917,000,000","45,522,000,000","40,997,000,000","42,418,000,000","44,449,000,000","40,846,000,000","38,855,000,000","39,817,000,000","39,163,000,000","37,802,000,000","36,572,000,000","37,966,000,000","35,114,000,000","33,931,000,000","33,216,000,000","33,503,000,000","30,376,000,000","33,009,000,000","31,486,000,000","29,684,000,000","31,740,000,000","28,771,000,000","26,939,000,000","25,733,000,000","25,065,000,000","24,816,000,000","25,327,000,000","24,444,000,000","26,424,000,000","25,622,000,000","23,722,000,000","23,617,000,000","23,090,000,000","22,531,000,000","28,846,000,000","20,969,000,000","21,059,000,000","20,583,000,000","19,150,000,000","17,539,000,000","19,698,000,000","15,974,000,000","15,661,000,000","15,102,000,000","17,378,000,000","16,082,000,000","14,884,000,000","16,302,000,000","15,650,000,000","11,061,000,000","8,845,000,000","10,318,000,000","8,965,000,000","8,339,000,000","7,865,000,000","9,104,000,000","10,356,000,000","9,389,000,000","7,178,000,000","10,731,000,000","7,050,000,000","5,439,000,000","5,169,000,000","6,036,000,000","6,382,000,000","4,596,000,000","4,564,000,000","2,800,000,000","2,361,000,000","2,121,000,000","2,236,000,000","2,151,800,000","1,833,000,000","1,940,600,000","1,677,000,000","1,910,500,000","1,649,300,000","1,651,400,000","1,583,200,000","195,600,000","255,500,000","234,000,000","168,100,000","1,270,500,000","172,900,000","172,500,000","182,000,000","872,800,000","148,700,000","154,600,000",,"215,100,000","151,100,000",,"176,400,000",,,,,"241,900,000","151,900,000","152,400,000","164,400,000",,,,,,,,
NetIncomeFromContinuingAndDiscontinuedOperation,"89,795,000,000","39,646,000,000","10,344,000,000","28,094,000,000","11,711,000,000","35,835,000,000","30,137,000,000","26,295,000,000","-49,746,000,000","29,159,000,000","16,524,000,000","14,073,000,000","21,661,000,000","-25,392,000,000","18,540,000,000","12,011,000,000","-1,138,000,000","32,551,000,000","4,067,000,000","4,262,000,000","4,060,000,000","6,286,000,000","7,198,000,000","5,001,000,000","5,589,000,000","5,478,000,000","9,428,000,000","4,013,000,000","5,164,000,000","4,155,000,000","4,617,000,000","6,395,000,000","4,705,000,000","4,990,000,000","5,053,000,000","4,541,000,000","4,892,000,000","4,551,000,000","3,920,000,000","3,108,000,000","3,245,000,000","3,048,000,000","2,278,000,000","3,417,000,000","1,511,000,000","4,377,000,000","2,989,000,000","1,968,000,000","3,633,000,000","3,056,000,000","3,238,000,000","3,295,000,000","-1,534,000,000","117,000,000","1,057,000,000","2,880,000,000","940,000,000","2,947,000,000","4,553,000,000","3,118,000,000","2,595,000,000","3,583,000,000","2,772,000,000","2,347,000,000","2,313,000,000","5,130,000,000","586,000,000","1,449,000,000","1,363,000,000","3,339,000,000","1,137,000,000","1,282,000,000","1,550,000,000","2,386,000,000","1,806,000,000","2,229,000,000","1,730,000,000","1,184,000,000","1,141,000,000","1,045,000,000","916,000,000","95,000,000","-679,000,000","773,000,000","606,000,000","1,084,000,000","797,000,000","640,000,000","807,000,000","24,000,000","420,000,000","572,000,000","541,000,000","567,000,000","365,000,000","1,176,000,000","722,000,000","972,800,000","366,600,000","277,800,000","284,400,000","364,700,000","264,000,000","191,200,000","1,668,700,000","252,900,000","172,500,000","179,600,000","120,200,000","91,400,000","105,800,000","164,600,000","132,900,000","523,600,000","22,800,000","112,000,000","84,100,000","203,500,000","38,300,000","98,000,000","67,400,000","109,900,000","110,000,000","110,000,000","110,000,000","125,500,000","90,200,000","94,000,000","84,500,000","111,400,000","121,700,000","87,400,000","127,100,000","121,300,000","84,500,000","94,400,000","99,100,000"
NormalizedIncome,"89,795,000,000","39,646,000,000","10,344,000,000","28,094,000,000","11,711,000,000","35,844,549,148.735","30,157,050,000","34,227,964,000","-49,746,000,000","29,159,000,000","16,524,000,000","14,073,000,000","21,661,000,000","-25,392,000,000","18,540,000,000","12,011,000,000","-1,138,000,000","32,551,000,000","4,067,000,000","4,262,000,000","4,060,000,000","6,286,000,000","7,198,000,000","5,001,000,000","5,589,000,000","5,478,000,000","9,428,000,000","4,013,000,000","5,164,000,000","4,155,000,000","4,617,000,000","6,395,000,000","4,705,000,000","4,990,000,000","5,053,000,000","4,541,000,000","4,892,000,000","4,551,000,000","3,920,000,000","3,108,000,000","3,245,000,000","3,048,000,000","2,278,000,000","3,417,000,000","1,511,000,000","4,377,000,000","2,989,000,000","1,968,000,000","3,633,000,000","3,056,000,000","3,238,000,000","3,295,000,000","-1,534,000,000","117,000,000","1,057,000,000","2,880,000,000","940,000,000","2,947,000,000","4,553,000,000","3,118,000,000","2,595,000,000","3,583,000,000","2,772,000,000","2,347,000,000","3,130,676,722.945","5,130,000,000","1,403,480,239.521","1,449,000,000","1,363,000,000","3,339,000,000","1,137,000,000","1,282,000,000","1,550,000,000","2,386,000,000","1,806,000,000","2,229,000,000","1,730,000,000","1,184,000,000","1,141,000,000","1,045,000,000","916,000,000","95,000,000","-679,000,000","773,000,000","606,000,000","1,084,000,000","797,000,000","640,000,000","807,000,000","24,000,000","420,000,000","572,000,000","541,000,000","567,000,000","365,000,000","1,176,000,000","722,000,000","972,800,000","366,600,000","277,800,000","284,400,000","364,700,000","264,000,000","191,200,000","1,668,700,000","252,900,000","172,500,000","179,600,000","120,200,000","91,400,000","105,800,000","164,600,000","132,900,000","523,600,000","22,800,000","112,000,000","84,100,000","203,500,000","38,300,000","98,000,000","67,400,000","109,900,000","110,000,000","110,000,000","110,000,000","125,500,000","90,200,000","94,000,000","84,500,000","111,400,000","121,700,000","87,400,000","127,100,000","121,300,000","84,500,000","94,400,000","99,100,000"
InterestIncome,"7,465,000,000","1,921,000,000","1,795,000,000","1,898,000,000","1,851,000,000","1,949,000,000","1,717,000,000","2,150,000,000","2,276,000,000","2,345,000,000","2,483,000,000","2,295,000,000","2,117,000,000","2,095,000,000","1,993,000,000","1,908,000,000","1,682,000,000","1,704,000,000","1,680,000,000","1,686,000,000","1,512,000,000","787,000,000","1,642,000,000","2,028,000,000","1,723,000,000","1,910,000,000","1,461,000,000","1,739,000,000","1,635,000,000","1,550,000,000","1,503,000,000","1,912,000,000","1,493,000,000","1,644,000,000","1,460,000,000","1,952,000,000","1,352,000,000",,,,,,,,,,,,,,,,,,,,,,,,,,,,,,,,,,,,,,,,,,,,,,,,,,,,,,"614,000,000","534,000,000","573,000,000",,"242,000,000","283,000,000","249,000,000","267,100,000","237,500,000","213,900,000","234,800,000","229,400,000","220,300,000","190,000,000","172,200,000",,,,,,,,,,,,,,,,,,,,,,,,,,,,,,,,
InterestExpense,"4,172,000,000","990,000,000","1,056,000,000","1,076,000,000","1,050,000,000","1,057,000,000","1,000,000,000","1,002,000,000","1,024,000,000","993,000,000","985,000,000","992,000,000","991,000,000","1,244,000,000","896,000,000","521,000,000","1,192,000,000","1,594,000,000","1,233,000,000","1,500,000,000","1,067,000,000","554,000,000","1,043,000,000","727,000,000","1,173,000,000","808,000,000","865,000,000","967,000,000","875,000,000","830,000,000","817,000,000","824,000,000","782,000,000","718,000,000","706,000,000","691,000,000","686,000,000","665,000,000","692,000,000","696,000,000","691,000,000","675,000,000","669,000,000","662,000,000","658,000,000","660,000,000","668,000,000","637,000,000","593,000,000","500,000,000","494,000,000","510,000,000","488,000,000","480,000,000","514,000,000","493,000,000","476,000,000","497,000,000","481,000,000","469,000,000","463,000,000","453,000,000","463,000,000","446,000,000","362,000,000","169,000,000","193,000,000","195,000,000","166,000,000","131,000,000","112,000,000","245,000,000","233,000,000","118,000,000","98,000,000","124,000,000","132,000,000","180,000,000","176,000,000","49,000,000","46,000,000","49,000,000","43,000,000","57,000,000","60,000,000","39,000,000","38,000,000","34,000,000","33,000,000","34,000,000","35,000,000","32,000,000","33,000,000","27,000,000","28,000,000","27,000,000","27,000,000","27,900,000","28,600,000","27,300,000","28,100,000","20,000,000","26,500,000","26,900,000","26,300,000","18,700,000","13,900,000","13,400,000","13,200,000","-9,400,000","22,100,000","23,500,000","24,000,000","23,200,000","21,000,000","18,500,000",,"32,500,000","30,000,000",,"37,400,000",,,,,"30,600,000","28,100,000","28,200,000","25,900,000",,,,,,,,
NetInterestIncome,"-4,172,000,000","-990,000,000","-1,056,000,000","-1,076,000,000","-1,050,000,000","-1,057,000,000","-1,000,000,000","-1,002,000,000","-1,024,000,000","-993,000,000","-985,000,000","-992,000,000","-991,000,000","-1,244,000,000","-896,000,000","-521,000,000","-1,192,000,000","-1,594,000,000","-1,233,000,000","-1,500,000,000","-1,067,000,000","-554,000,000","-1,043,000,000","-727,000,000","-1,173,000,000","-808,000,000","-865,000,000","-967,000,000","-875,000,000","-830,000,000","-817,000,000","-824,000,000","-782,000,000","-718,000,000","-706,000,000","-691,000,000","-686,000,000","-665,000,000","-692,000,000","-696,000,000","-691,000,000","-675,000,000","-669,000,000","-662,000,000","-658,000,000","-660,000,000","-668,000,000","-637,000,000","-593,000,000","-500,000,000","-494,000,000","-510,000,000","-488,000,000","-480,000,000","-514,000,000","-493,000,000","-476,000,000","-497,000,000","-481,000,000","-469,000,000","-463,000,000","-453,000,000","-463,000,000","-446,000,000","-362,000,000","-169,000,000","-193,000,000","-195,000,000","-166,000,000","-131,000,000","-112,000,000","-245,000,000","-233,000,000","-118,000,000","-98,000,000","-124,000,000","-132,000,000","-180,000,000","-176,000,000","-49,000,000","-46,000,000","-49,000,000","-43,000,000","-57,000,000","-60,000,000","-39,000,000","-38,000,000","-34,000,000","-33,000,000","-34,000,000","-35,000,000","-32,000,000","-33,000,000","-27,000,000","-28,000,000","-27,000,000","-27,000,000","-27,900,000","-28,600,000","-27,300,000","-28,100,000","-20,000,000","-26,500,000","-26,900,000","-26,300,000","-18,700,000","-13,900,000","-13,400,000","-13,200,000","9,400,000","-22,100,000","-23,500,000","-24,000,000","-23,200,000","-21,000,000","-18,500,000",,"-32,500,000","-30,000,000",,"-37,400,000",,,,,"-30,600,000","-28,100,000","-28,200,000","-25,900,000",,,,,,,,
EBIT,"115,858,000,000","49,943,000,000","13,540,000,000","36,797,000,000","15,578,000,000","46,460,000,000","38,930,000,000","36,411,000,000","-62,025,000,000","37,794,000,000","21,474,000,000","18,751,000,000","28,638,000,000","-31,477,000,000","24,043,000,000","15,619,000,000","-331,000,000","7,985,000,000","6,863,000,000","7,629,000,000","6,755,000,000","9,868,000,000","11,568,000,000","8,099,000,000","7,629,000,000","8,189,000,000","14,937,000,000","6,813,000,000","8,522,000,000","6,671,000,000","7,567,000,000","9,740,000,000","7,380,000,000","7,950,000,000","8,084,000,000","7,582,000,000","7,981,000,000","7,419,000,000","6,628,000,000","5,311,000,000","5,622,000,000","5,127,000,000","4,032,000,000","5,927,000,000","2,892,000,000","7,141,000,000","5,202,000,000","3,575,000,000","5,691,000,000","4,965,000,000","5,333,000,000","5,301,000,000","-2,055,000,000","628,000,000","2,016,000,000","4,964,000,000","1,929,000,000","4,923,000,000","7,328,000,000","5,285,000,000","4,535,000,000","5,715,000,000","4,764,000,000","4,048,000,000","3,975,000,000","7,998,000,000","1,028,000,000","2,349,000,000","2,139,000,000","5,059,000,000","1,906,000,000","2,159,000,000","2,533,000,000","3,671,000,000","2,680,000,000","3,459,000,000","2,710,000,000","2,006,000,000","1,848,000,000","1,596,000,000","1,436,000,000","340,000,000","-1,003,000,000","1,324,000,000","1,017,000,000","1,831,000,000","1,414,000,000","1,148,000,000","1,338,000,000","68,000,000","704,000,000","897,000,000","915,000,000","889,000,000","576,000,000","1,842,000,000","1,116,000,000","1,520,400,000","568,300,000","424,900,000","425,900,000","540,000,000","392,500,000","290,300,000","2,582,800,000","18,700,000","13,900,000","13,400,000","13,200,000","-9,400,000","22,100,000","23,500,000","24,000,000","23,200,000","21,000,000","18,500,000",,"32,500,000","30,000,000",,"37,400,000",,,,,"30,600,000","28,100,000","28,200,000","25,900,000",,,,,,,,
ReconciledDepreciation,"10,718,000,000","2,705,000,000","2,668,000,000","2,672,000,000","2,673,000,000","2,904,000,000","2,583,000,000","2,524,000,000","2,585,000,000","2,657,000,000","2,534,000,000","2,456,000,000","2,417,000,000","2,610,000,000","2,395,000,000","2,387,000,000","2,387,000,000","2,353,000,000","2,296,000,000","2,296,000,000","2,243,000,000","2,296,000,000","2,246,000,000","2,234,000,000","2,125,000,000","1,978,000,000","1,989,000,000","1,941,000,000","1,871,000,000","1,934,000,000","1,854,000,000","1,810,000,000","1,772,000,000","2,472,000,000","1,354,000,000","1,345,000,000","1,337,000,000","1,332,000,000","1,296,000,000","1,265,000,000","1,253,000,000","1,265,000,000","1,142,000,000","1,141,000,000","1,135,000,000","1,170,000,000","1,094,000,000","1,100,000,000","915,000,000","812,000,000",,,,,,,,,,,,,,,,,,,,,,,,,,,,"0","0","0","0","141,000,000","145,000,000","144,000,000","142,000,000","346,000,000","124,000,000","123,000,000","122,000,000","121,000,000","119,000,000","119,000,000","118,000,000","38,000,000","26,000,000","24,000,000","23,000,000","20,700,000","21,000,000","20,700,000","20,700,000","16,000,000","15,100,000","15,500,000","15,100,000",,,,,,,,,,,,,,,,,,,,,,,,,,,,,,,,
NetIncomeFromContinuingOperationNetMinorityInterest,"89,795,000,000","39,646,000,000","10,344,000,000","28,094,000,000","11,711,000,000","35,835,000,000","30,137,000,000","26,295,000,000","-49,746,000,000","29,159,000,000","16,524,000,000","14,073,000,000","21,661,000,000","-25,392,000,000","18,540,000,000","12,011,000,000","-1,138,000,000","32,551,000,000","4,067,000,000","4,262,000,000","4,060,000,000","6,286,000,000","7,198,000,000","5,001,000,000","5,589,000,000","5,478,000,000","9,428,000,000","4,013,000,000","5,164,000,000","4,155,000,000","4,617,000,000","6,395,000,000","4,705,000,000","4,990,000,000","5,053,000,000","4,541,000,000","4,892,000,000","4,551,000,000","3,920,000,000","3,108,000,000","3,245,000,000","3,048,000,000","2,278,000,000","3,417,000,000","1,511,000,000","4,377,000,000","2,989,000,000","1,968,000,000","3,633,000,000","3,056,000,000","3,238,000,000","3,295,000,000","-1,534,000,000","117,000,000","1,057,000,000","2,880,000,000","940,000,000","2,947,000,000","4,553,000,000","3,118,000,000","2,595,000,000","3,583,000,000","2,772,000,000","2,347,000,000","2,313,000,000","5,130,000,000","586,000,000","1,449,000,000","1,363,000,000","3,339,000,000","1,137,000,000","1,282,000,000","1,550,000,000","2,386,000,000","1,806,000,000","2,229,000,000","1,730,000,000","1,184,000,000","1,141,000,000","1,045,000,000","916,000,000","95,000,000","-679,000,000","773,000,000","606,000,000","1,084,000,000","797,000,000","640,000,000","807,000,000","24,000,000","420,000,000","572,000,000","541,000,000","567,000,000","365,000,000","1,176,000,000","722,000,000","972,800,000","366,600,000","277,800,000","284,400,000","364,700,000","264,000,000","191,200,000","1,668,700,000","252,900,000","172,500,000","179,600,000","120,200,000","91,400,000","105,800,000","164,600,000","132,900,000","523,600,000","22,800,000","112,000,000","84,100,000","203,500,000","38,300,000","98,000,000","67,400,000","109,900,000","110,000,000","110,000,000","110,000,000","125,500,000","90,200,000","94,000,000","84,500,000","111,400,000","121,700,000","87,400,000","127,100,000","121,300,000","84,500,000","94,400,000","99,100,000"
TotalUnusualItemsExcludingGoodwill,"0","0","0","0",,"-12,000,000","-25,000,000","-10,634,000,000",,,,,,,,,,,,,,,,,,,,,,,,,,,,,,,,,,,,,,,,,,,,,,,,,,,,,,,,,"-1,246,000,000",,"-1,132,000,000",,,,,,,,,,,,,,,,,,,,,,,,,,,,,,,,,,,,,,,,,,,,,,,,,,,,,,,,,,,,,,,,,,,,,,
TotalUnusualItems,"0","0","0","0",,"-12,000,000","-25,000,000","-10,634,000,000",,,,,,,,,,,,,,,,,,,,,,,,,,,,,,,,,,,,,,,,,,,,,,,,,,,,,,,,,"-1,246,000,000",,"-1,132,000,000",,,,,,,,,,,,,,,,,,,,,,,,,,,,,,,,,,,,,,,,,,,,,,,,,,,,,,,,,,,,,,,,,,,,,,
TaxRateForCalcs,"0.187","0.185","0.147","0.204","0.185","0.204","0.198","0.254","0.212","0.206","0.187","0.202","0.214","0.224","0.192","0.2","0.297","0.4","0.253","0.289","0.272","0.318","0.303","0.311","0.124","0.248","0.323","0.297","0.316","0.278","0.301","0.276","0.277","0.3","0.302","0.331","0.312","0.31","0.317","0.3","0.317","0.35","0.283","0.328","0.35","0.31","0.312","0.289","0.262","0.32","0.331","0.317","0.399","0.35","0.196","0.323","0.281","0.315","0.321","0.336","0.341","0.305","0.337","0.335","0.344","0.337","0.278","0.321","0.304","0.319","0.362","0.322","0.319","0.325","0.297","0.323","0.323","0.356","0.322","0.314","0.331","0.4","0.345","0.373","0.354","0.379","0.348","0.355","0.356","0.4","0.354","0.336","0.371","0.338","0.327","0.344","0.333","0.337","0.314","0.292","0.276","0.291","0.268","0.262","0.343","0","0","0","0","0","0","0","0","0","0","0","0.4","0","0","0","0","0.4","0.4","0.4","0.4","0","0","0","0","0.4","0.4","0.4","0.4","0.4","0.4","0.4","0.4"
TaxEffectOfUnusualItems,"0","0","0","0","0","-2,450,851.265","-4,950,000","-2,701,036,000","0","0","0","0","0","0","0","0","0","0","0","0","0","0","0","0","0","0","0","0","0","0","0","0","0","0","0","0","0","0","0","0","0","0","0","0","0","0","0","0","0","0","0","0","0","0","0","0","0","0","0","0","0","0","0","0","-428,323,277.055","0","-314,519,760.479","0","0","0","0","0","0","0","0","0","0","0","0","0","0","0","0","0","0","0","0","0","0","0","0","0","0","0","0","0","0","0","0","0","0","0","0","0","0","0","0","0","0","0","0","0","0","0","0","0","0","0","0","0","0","0","0","0","0","0","0","0","0","0","0","0","0","0","0","0","0"