name,ttm,02/28/2022,11/30/2021,08/31/2021,05/31/2021,02/28/2021,11/30/2020,08/31/2020,05/31/2020,02/29/2020,11/30/2019,08/31/2019,05/31/2019,02/28/2019,11/30/2018,08/31/2018,05/31/2018,02/28/2018,11/30/2017,08/31/2017,05/31/2017,02/28/2017,11/30/2016,08/31/2016,05/31/2016,02/29/2016,11/30/2015,08/31/2015,05/31/2015,02/28/2015,11/30/2014,08/31/2014,05/31/2014,02/28/2014,11/30/2013,08/31/2013,05/31/2013,02/28/2013,11/30/2012,08/31/2012,05/31/2012,02/29/2012,11/30/2011,08/31/2011,05/31/2011,02/28/2011,11/30/2010,08/31/2010,05/31/2010,02/28/2010,11/30/2009,08/31/2009,05/31/2009,02/28/2009,11/30/2008,08/31/2008,05/31/2008,02/29/2008,11/30/2007,08/31/2007,05/31/2007,02/28/2007,11/30/2006,08/31/2006,05/31/2006,02/28/2006,11/30/2005,08/31/2005,05/31/2005,02/28/2005,11/30/2004,08/31/2004,05/31/2004,02/29/2004,11/30/2003,08/31/2003,05/31/2003,02/28/2003,11/30/2002,08/31/2002,05/31/2002,02/28/2002,11/30/2001,08/31/2001,05/31/2001,02/28/2001,11/30/2000,08/31/2000,05/31/2000,02/29/2000,11/30/1999,08/31/1999,05/31/1999,02/28/1999,11/30/1998,08/31/1998,05/31/1998,02/28/1998,11/30/1997,08/31/1997,05/31/1997,02/28/1997,11/30/1996,08/31/1996,05/31/1996,02/29/1996,11/30/1995,08/31/1995,05/31/1995,02/28/1995,11/30/1994,08/31/1994,05/31/1994,02/28/1994,11/30/1993,08/31/1993,05/31/1993,02/28/1993,11/30/1992,08/31/1992,05/31/1992,02/29/1992,11/30/1991,08/31/1991,05/31/1991,02/28/1991,11/30/1990,08/31/1990,05/31/1990,02/28/1990,11/30/1989,08/31/1989,05/31/1989,02/28/1989,11/30/1988,08/31/1988,05/31/1988,02/29/1988,11/30/1987,08/31/1987,05/31/1987,02/28/1987,11/30/1986,08/31/1986,05/31/1986,02/28/1986,11/30/1985,08/31/1985
TotalRevenue,"11,365,400,000","2,913,700,000","3,058,900,000","2,653,300,000","2,739,500,000","2,771,100,000","2,995,200,000","2,678,900,000","3,287,900,000","2,555,000,000","2,820,800,000","2,390,700,000","2,613,200,000","2,707,100,000","2,383,700,000","1,834,400,000","1,966,200,000","1,994,500,000","2,173,400,000","1,804,200,000","1,861,700,000","1,981,200,000","2,088,400,000","2,667,500,000","2,827,500,000","2,924,100,000","3,092,700,000","2,793,800,000","4,104,700,000","3,876,700,000","4,150,000,000","3,701,000,000","4,435,500,000","4,389,700,000","4,713,900,000","4,201,800,000","4,593,500,000","3,850,500,000","3,735,500,000","3,311,900,000","3,413,600,000","3,373,100,000","3,403,900,000","3,072,000,000","3,169,700,000","3,154,700,000","3,161,100,000","2,817,600,000","2,848,600,000","3,096,800,000","3,172,600,000","2,961,400,000","3,266,600,000","3,134,700,000","3,264,300,000","3,065,600,000","1,610,700,000","3,528,400,000","3,511,000,000","2,955,600,000","3,332,500,000","2,918,400,000","3,088,700,000","2,688,600,000","2,974,600,000","2,878,900,000","3,810,200,000","3,362,900,000","3,385,200,000","3,569,900,000","4,116,200,000","3,495,600,000","3,756,000,000","3,597,700,000","3,872,800,000","4,393,700,000","2,362,500,000","4,448,900,000","5,964,600,000","7,063,200,000","6,413,500,000","6,244,700,000","7,363,600,000","7,607,800,000","6,683,500,000","6,429,200,000","7,206,200,000","6,801,600,000","6,540,300,000","5,797,800,000","6,602,900,000","6,593,600,000","6,013,200,000","5,693,300,000","6,404,400,000","6,483,400,000","5,881,500,000","5,385,000,000","6,433,600,000","6,140,400,000","5,198,300,000","5,635,000,000","6,764,500,000","6,404,300,000","5,987,100,000","5,771,800,000","6,626,300,000","6,436,400,000","5,816,800,000","5,757,600,000","6,288,600,000","6,245,900,000","5,888,400,000","5,581,300,000","6,355,100,000","5,687,400,000","5,378,300,000","5,060,400,000","5,564,400,000","5,516,000,000","5,574,600,000","4,848,500,000","5,470,700,000","5,325,200,000","4,814,800,000","4,874,200,000","5,328,300,000","4,487,400,000","4,006,300,000","3,626,300,000","3,860,500,000","4,008,000,000","2,971,900,000","2,716,700,000","2,843,700,000","2,808,100,000","2,569,900,000","2,193,300,000","2,295,800,000","2,416,000,000","3,833,700,000","1,531,800,000","1,694,900,000","1,771,100,000","1,589,000,000","1,302,000,000","1,444,200,000","1,575,800,000"
	OperatingRevenue,"11,365,400,000","2,913,700,000","3,058,900,000","2,653,300,000","2,739,500,000","2,771,100,000","2,995,200,000","2,678,900,000","3,287,900,000","2,555,000,000","2,820,800,000","2,390,700,000","2,613,200,000","2,707,100,000","2,383,700,000","1,834,400,000","1,966,200,000","1,994,500,000","2,173,400,000","1,804,200,000","1,861,700,000","1,981,200,000","2,088,400,000","2,667,500,000","2,827,500,000","2,924,100,000","3,092,700,000","2,793,800,000","4,104,700,000","3,876,700,000","4,150,000,000","3,701,000,000","4,435,500,000","4,389,700,000","4,713,900,000","4,201,800,000","4,593,500,000","3,850,500,000","3,735,500,000","3,311,900,000","3,413,600,000","3,373,100,000","3,403,900,000","3,072,000,000","3,169,700,000","3,154,700,000","3,161,100,000","2,817,600,000","2,848,600,000","3,096,800,000","3,172,600,000","2,961,400,000","3,266,600,000","3,134,700,000","3,264,300,000","3,065,600,000","1,610,700,000","3,528,400,000","3,511,000,000","2,955,600,000","3,332,500,000","2,918,400,000","3,088,700,000","2,688,600,000","2,974,600,000","2,878,900,000","3,810,200,000","3,362,900,000","3,385,200,000","3,569,900,000","4,116,200,000","3,495,600,000","3,756,000,000","3,597,700,000","3,872,800,000","4,393,700,000","2,362,500,000","4,448,900,000","5,964,600,000","7,063,200,000","6,413,500,000","6,244,700,000","7,363,600,000","7,607,800,000","6,683,500,000","6,429,200,000","7,206,200,000","6,801,600,000","6,540,300,000","5,797,800,000","6,602,900,000","6,593,600,000","6,013,200,000","5,693,300,000","6,404,400,000","6,483,400,000","5,881,500,000","5,385,000,000","6,433,600,000","6,140,400,000","5,198,300,000","5,635,000,000","6,764,500,000","6,404,300,000","5,987,100,000","5,771,800,000","6,626,300,000","6,436,400,000","5,816,800,000","5,757,600,000","6,288,600,000","6,245,900,000","5,888,400,000","5,581,300,000","6,355,100,000","5,687,400,000","5,378,300,000","5,060,400,000","5,564,400,000","5,516,000,000","5,574,600,000","4,848,500,000","5,470,700,000","5,325,200,000","4,814,800,000","4,874,200,000","5,328,300,000","4,487,400,000","4,006,300,000","3,626,300,000","3,860,500,000","4,008,000,000","2,971,900,000","2,716,700,000","2,843,700,000","2,808,100,000","2,569,900,000","2,193,300,000","2,295,800,000","2,416,000,000","3,833,700,000","1,531,800,000","1,694,900,000","1,771,100,000","1,589,000,000","1,302,000,000","1,444,200,000","1,575,800,000"
CostOfRevenue,"8,518,300,000","2,216,500,000","2,304,100,000","1,979,900,000","2,017,800,000","2,012,700,000","2,106,300,000","1,868,700,000","2,365,100,000","1,870,600,000","2,022,900,000","1,726,200,000","1,905,200,000","1,954,800,000","1,706,500,000","1,318,900,000","1,390,800,000","1,395,700,000","1,515,100,000","1,285,200,000","1,332,700,000","1,360,200,000","1,440,900,000","1,943,400,000","2,066,600,000","2,123,700,000","2,264,700,000","2,093,000,000","3,212,300,000","3,052,900,000","3,261,500,000","2,997,200,000","3,530,000,000","3,414,500,000","3,699,200,000","3,370,900,000","3,641,700,000","2,976,500,000","2,872,600,000","2,440,600,000","2,732,700,000","2,583,100,000","2,646,600,000","2,473,300,000","2,465,700,000","2,357,100,000","2,401,000,000","2,165,800,000","2,143,500,000","2,308,500,000","2,317,300,000","2,244,900,000","2,442,900,000","2,395,800,000","2,577,800,000","2,474,100,000","1,527,300,000","2,555,400,000","2,565,900,000","2,241,500,000","2,442,300,000","2,143,400,000","2,278,400,000","2,025,600,000","2,275,000,000","2,164,100,000","3,003,000,000","2,635,400,000","2,634,600,000","2,803,500,000","3,213,700,000","2,807,400,000","2,967,800,000","2,792,800,000","2,964,900,000","3,543,100,000","1,533,400,000","3,567,000,000","4,873,200,000","6,042,700,000","5,430,600,000","5,290,800,000","6,263,300,000","6,551,800,000","6,428,800,000","5,243,900,000","5,856,200,000","5,621,300,000","6,238,300,000","4,649,200,000","5,335,400,000","5,486,900,000","4,878,600,000","4,558,400,000","5,173,600,000","5,445,800,000","4,727,900,000","4,473,400,000","5,324,000,000","5,190,800,000","4,165,500,000","4,649,000,000","5,689,100,000","5,524,400,000","4,992,700,000","4,809,600,000","5,564,800,000","5,547,200,000","4,807,400,000","4,844,100,000","5,298,500,000","5,428,900,000","5,049,200,000","4,734,500,000","5,433,200,000","4,937,000,000","4,587,300,000","4,290,100,000","4,682,000,000","4,769,200,000","4,677,600,000","4,022,200,000","4,604,000,000","4,572,800,000","4,039,700,000","4,153,600,000","4,568,900,000","3,996,800,000","3,538,800,000","3,193,400,000","3,445,000,000",,,,,,,,,,,,,,,,,
GrossProfit,"2,847,100,000","697,200,000","754,800,000","673,400,000","721,700,000","758,400,000","888,900,000","810,200,000","922,800,000","684,400,000","797,900,000","664,500,000","708,000,000","752,300,000","677,200,000","515,500,000","575,400,000","598,800,000","658,300,000","519,000,000","529,000,000","621,000,000","647,500,000","724,100,000","760,900,000","800,400,000","828,000,000","700,800,000","892,400,000","823,800,000","888,500,000","703,800,000","905,500,000","975,200,000","1,014,700,000","830,900,000","951,800,000","874,000,000","862,900,000","871,300,000","680,900,000","790,000,000","757,300,000","598,700,000","704,000,000","797,600,000","760,100,000","651,800,000","705,100,000","788,300,000","855,300,000","716,500,000","823,700,000","738,900,000","686,500,000","591,500,000","83,400,000","973,000,000","945,100,000","714,100,000","890,200,000","775,000,000","810,300,000","663,000,000","699,600,000","714,800,000","807,200,000","727,500,000","750,600,000","766,400,000","902,500,000","688,200,000","788,200,000","804,900,000","907,900,000","850,600,000","829,100,000","881,900,000","1,091,400,000","1,020,500,000","982,900,000","953,900,000","1,100,300,000","1,056,000,000","254,700,000","1,185,300,000","1,350,000,000","1,180,300,000","302,000,000","1,148,600,000","1,267,500,000","1,106,700,000","1,134,600,000","1,134,900,000","1,230,800,000","1,037,600,000","1,153,600,000","911,600,000","1,109,600,000","949,600,000","1,032,800,000","986,000,000","1,075,400,000","879,900,000","994,400,000","962,200,000","1,061,500,000","889,200,000","1,009,400,000","913,500,000","990,100,000","817,000,000","839,200,000","846,800,000","921,900,000","750,400,000","791,000,000","770,300,000","882,400,000","746,800,000","897,000,000","826,300,000","866,700,000","752,400,000","775,100,000","720,600,000","759,400,000","490,600,000","467,500,000","432,900,000","415,500,000",,,,,,,,,,,,,,,,,
OperatingExpense,"1,428,800,000","338,000,000","345,400,000","310,100,000","435,300,000","309,700,000","357,700,000","300,300,000","532,000,000","319,900,000","369,800,000","400,800,000","394,700,000","334,100,000","487,300,000","257,300,000","441,500,000","330,200,000","307,300,000","239,000,000","417,800,000","349,700,000","417,900,000","281,500,000","789,700,000","489,600,000","524,700,000","405,400,000","521,400,000","1,726,100,000","732,600,000","492,000,000","1,085,700,000","550,200,000","572,700,000","559,400,000","571,000,000","614,000,000","496,700,000","453,900,000","745,300,000","373,700,000","455,800,000","422,900,000","252,200,000","420,500,000","428,400,000","410,000,000","511,700,000","421,900,000","460,000,000","426,400,000","510,800,000","425,100,000","389,900,000","369,000,000","339,300,000","494,600,000","527,200,000","405,000,000","570,000,000","450,200,000","450,400,000","437,200,000","568,500,000","525,400,000","459,200,000","434,000,000","488,400,000","505,900,000","441,700,000","414,500,000","424,000,000","430,700,000","486,500,000","569,800,000","472,000,000","586,500,000","659,100,000","581,800,000","568,300,000","583,300,000","627,000,000","644,800,000","-63,100,000","894,200,000","742,200,000","868,500,000","51,300,000","809,300,000","857,800,000","862,800,000","762,800,000","768,200,000","783,800,000","783,400,000","804,200,000","614,800,000","690,500,000","694,500,000","676,200,000","669,600,000","686,400,000","647,000,000","650,200,000","666,100,000","704,200,000","665,500,000","694,100,000","643,300,000","669,000,000","623,000,000","567,400,000","609,700,000","629,800,000","582,400,000","588,500,000","567,400,000","604,700,000","567,800,000","692,000,000","617,100,000","594,100,000","551,500,000","546,100,000","528,600,000","527,200,000","354,200,000","327,600,000","327,600,000","273,400,000",,,,,,,,,,,,,,,,,
	SellingGeneralAndAdministration,"1,428,800,000","338,000,000","345,400,000","310,100,000","435,300,000","309,700,000","357,700,000","300,300,000","532,000,000","319,900,000","369,800,000","400,800,000","394,700,000","334,100,000","487,300,000","257,300,000","441,500,000","330,200,000","307,300,000","239,000,000","417,800,000","349,700,000","417,900,000","281,500,000","789,700,000","489,600,000","524,700,000","405,400,000","521,400,000","1,726,100,000","732,600,000","492,000,000","1,085,700,000","550,200,000","572,700,000","559,400,000","571,000,000","614,000,000","496,700,000","453,900,000","745,300,000","373,700,000","455,800,000","422,900,000","252,200,000","420,500,000","428,400,000","410,000,000","511,700,000","421,900,000","460,000,000","426,400,000","510,800,000","425,100,000","389,900,000","369,000,000","339,300,000","494,600,000","527,200,000","405,000,000","570,000,000","450,200,000","450,400,000","437,200,000","568,500,000","525,400,000","459,200,000","434,000,000","488,400,000","505,900,000","441,700,000","414,500,000","424,000,000","430,700,000","486,500,000","569,800,000","472,000,000","586,500,000","659,100,000","581,800,000","568,300,000","583,300,000","627,000,000","644,800,000","378,600,000","732,900,000","627,500,000","735,100,000","-34,300,000","678,300,000","731,800,000","732,300,000","635,800,000","640,400,000","658,900,000","663,300,000","640,900,000","549,900,000","580,000,000","586,900,000","576,000,000","561,200,000","569,200,000","559,000,000","537,700,000","570,500,000","591,600,000","578,300,000","540,300,000","569,300,000","575,200,000","545,100,000","545,300,000","518,800,000","537,200,000","489,700,000","516,300,000","499,100,000","518,900,000","482,300,000","614,100,000","532,300,000","515,800,000","474,100,000","481,200,000","492,500,000","491,100,000","318,100,000","296,600,000","294,700,000","273,400,000",,,,,,,,,,,,,,,,,
		GeneralAndAdministrativeExpense,"1,622,500,000",,,,,,,,"532,000,000","319,900,000","369,800,000","400,800,000","394,700,000","334,100,000","487,300,000","257,300,000","441,500,000","330,200,000","307,300,000","239,000,000","417,800,000","349,700,000","417,900,000","281,500,000","789,700,000","489,600,000","524,700,000","405,400,000","521,400,000","1,726,100,000","732,600,000","492,000,000","1,085,700,000","550,200,000","572,700,000","559,400,000","571,000,000","614,000,000","496,700,000",,,,,,,,,,,,,,,,,,,,,,,,,,,,,,,,,,,,,,,,,,,,,,,,,,,,,,,,,,,,,,,,,,,,,,,,,,,,,,,,,,,,,,,,,,,,,,,,,,,,,,,,,,,,,
			OtherGandA,"1,622,500,000",,,,,,,,"532,000,000","319,900,000","369,800,000","400,800,000","394,700,000","334,100,000","487,300,000","257,300,000","441,500,000","330,200,000","307,300,000","239,000,000","417,800,000","349,700,000","417,900,000","281,500,000","789,700,000","489,600,000","524,700,000","405,400,000","521,400,000","1,726,100,000","732,600,000","492,000,000","1,085,700,000","550,200,000","572,700,000","559,400,000","571,000,000","614,000,000","496,700,000",,,,,,,,,,,,,,,,,,,,,,,,,,,,,,,,,,,,,,,,,,,,,,,,,,,,,,,,,,,,,,,,,,,,,,,,,,,,,,,,,,,,,,,,,,,,,,,,,,,,,,,,,,,,,
	DepreciationAmortizationDepletionIncomeStatement,,,,,,,,,,,,,,,,,,,,,,,,,,,,,,,,,,,,,,,,,,,,,,,,,,,,,,,,,,,,,,,,,,,,,,,,,,,,,,,,,,,,,,"161,300,000","114,700,000","133,400,000","85,600,000","131,000,000","126,000,000","130,500,000","127,000,000","127,800,000","124,900,000","120,100,000","163,300,000","64,900,000","110,500,000","107,600,000","100,200,000","108,400,000","117,200,000","88,000,000","112,500,000","95,600,000","112,600,000","87,200,000","153,800,000","74,000,000","93,800,000","77,900,000","22,100,000","90,900,000","92,600,000","92,700,000","72,200,000","68,300,000","85,800,000","85,500,000","77,900,000","84,800,000","78,300,000","77,400,000","64,900,000","36,100,000","36,100,000","36,100,000","31,000,000","32,900,000",,,,,,,,,,,,,,,,,,
		DepreciationAndAmortizationInIncomeStatement,,,,,,,,,,,,,,,,,,,,,,,,,,,,,,,,,,,,,,,,,,,,,,,,,,,,,,,,,,,,,,,,,,,,,,,,,,,,,,,,,,,,,,"161,300,000","114,700,000","133,400,000","85,600,000","131,000,000","126,000,000","130,500,000","127,000,000","127,800,000","124,900,000","120,100,000","163,300,000","64,900,000","110,500,000","107,600,000","100,200,000","108,400,000","117,200,000","88,000,000","112,500,000","95,600,000","112,600,000","87,200,000","153,800,000","74,000,000","93,800,000","77,900,000","22,100,000","90,900,000","92,600,000","92,700,000","72,200,000","68,300,000","85,800,000","85,500,000","77,900,000","84,800,000","78,300,000","77,400,000","64,900,000","36,100,000","36,100,000","36,100,000","31,000,000","32,900,000",,,,,,,,,,,,,,,,,,
OperatingIncome,"1,418,300,000","359,200,000","409,400,000","363,300,000","286,400,000","448,700,000","531,200,000","509,900,000","390,800,000","364,500,000","428,100,000","263,700,000","313,300,000","418,200,000","189,900,000","258,200,000","133,900,000","268,600,000","351,000,000","280,000,000","111,200,000","271,300,000","229,600,000","442,600,000","-28,800,000","310,800,000","303,300,000","295,400,000","371,000,000","-902,300,000","155,900,000","211,800,000","-180,200,000","425,000,000","442,000,000","271,500,000","380,800,000","260,000,000","366,200,000","417,400,000","-64,400,000","416,300,000","301,500,000","175,800,000","451,800,000","377,100,000","331,700,000","241,800,000","193,400,000","366,400,000","395,300,000","290,100,000","312,900,000","313,800,000","296,600,000","222,500,000","-255,900,000","478,400,000","417,900,000","309,100,000","320,200,000","324,800,000","359,900,000","225,800,000","131,100,000","189,400,000","348,000,000","293,500,000","262,200,000","260,500,000","460,800,000","273,700,000","364,200,000","374,200,000","421,400,000","280,800,000","357,100,000","295,400,000","432,300,000","438,700,000","414,600,000","370,600,000","473,300,000","411,200,000","317,800,000","291,100,000","607,800,000","311,800,000","250,700,000","339,300,000","409,700,000","243,900,000","371,800,000","366,700,000","447,000,000","254,200,000","349,400,000","296,800,000","419,100,000","255,100,000","356,600,000","316,400,000","389,000,000","232,900,000","344,200,000","296,100,000","357,300,000","223,700,000","315,300,000","270,200,000","321,100,000","194,000,000","271,800,000","237,100,000","292,100,000","168,000,000","202,500,000","202,900,000","277,700,000","179,000,000","205,000,000","209,200,000","272,600,000","200,900,000","229,000,000","192,000,000","232,200,000","136,400,000","139,900,000","105,300,000","142,100,000","4,008,000,000","-7,924,100,000","2,716,700,000","2,843,700,000","2,808,100,000","-6,608,000,000","2,193,300,000","2,295,800,000","2,416,000,000","-4,846,200,000","1,531,800,000","1,694,900,000","1,771,100,000","-4,101,800,000","1,302,000,000","1,444,200,000","1,575,800,000"
NetNonOperatingInterestIncomeExpense,"-382,100,000","-94,600,000","-94,900,000","-94,200,000","-98,400,000","-100,600,000","-107,700,000","-113,700,000","-125,300,000","-117,700,000","-121,400,000","-122,700,000","-130,900,000","-130,900,000","-80,600,000","-49,000,000","-44,500,000","-39,800,000","-38,000,000","-36,400,000","-37,500,000","-45,700,000","-54,100,000","-59,000,000","-61,000,000","-76,900,000","-79,600,000","-80,300,000","-88,600,000","-80,300,000","-79,300,000","-83,700,000","-93,000,000","-95,000,000","-95,400,000","-95,600,000","-102,300,000","-70,600,000","-53,400,000","-49,300,000","-50,800,000","-49,700,000","-50,600,000","-52,900,000","-54,900,000","-51,600,000","-33,700,000","-37,300,000","-38,400,000","-39,900,000","-40,600,000","-41,500,000",,,,,,,,,,,,,,,,,,,,,,,,,,,,,,,,,,,,,,,,,,,,,,,,,,,,,,,,,,,,,,,,,,,,,,,,,,,,,,,,,,,,,,,,,,,,,,,,
	InterestIncomeNonOperating,"1,400,000","500,000","300,000","300,000","300,000","400,000","400,000","800,000","800,000","1,300,000","400,000","600,000","1,800,000","1,900,000","2,500,000","600,000","1,000,000","800,000","1,100,000","900,000","900,000","1,300,000","800,000","800,000","500,000","500,000","100,000","200,000","300,000","100,000","300,000","500,000","800,000","400,000","700,000","600,000","600,000","1,000,000","700,000","800,000","800,000","1,000,000","900,000","1,300,000","900,000","2,500,000","19,400,000","19,400,000",,,,,,,,,,,,,,,,,,,,,,,,,,,,,,,,,,,,,,,,,,,,,,,,,,,,,,,,,,,,,,,,,,,,,,,,,,,,,,,,,,,,,,,,,,,,,,,,,,,,
	InterestExpenseNonOperating,"383,500,000","95,100,000","95,200,000","94,500,000","98,700,000","101,000,000","108,100,000","114,500,000","126,100,000","119,000,000","121,800,000","123,300,000","132,700,000","132,800,000","83,100,000","49,600,000","45,500,000","40,600,000","39,100,000","37,300,000","38,400,000","47,000,000","54,900,000","59,800,000","61,500,000","77,400,000","79,700,000","80,500,000","88,900,000","80,400,000","79,600,000","84,200,000","93,800,000","95,400,000","96,100,000","96,200,000","102,900,000","71,600,000","54,100,000","50,100,000","51,600,000","50,700,000","51,500,000","54,200,000","55,800,000","54,100,000","53,100,000","56,700,000",,"39,900,000","40,600,000","41,500,000",,,,,,,,,,,,,,,,,,,,,,,,,,,,,,,,,,,,,,,,,,,,,,,,,,,,,,,,,,,,,,,,,,,,,,,,,,,,,,,,,,,,,,,,,,,,,,,,
	TotalOtherFinanceCost,,,,,,,,,,"117,700,000","121,400,000","122,700,000","130,900,000","130,900,000","80,600,000","49,000,000","44,500,000","39,800,000","38,000,000","36,400,000","37,500,000","45,700,000","54,100,000","59,000,000","61,000,000",,"79,600,000","80,300,000","88,600,000","80,300,000","79,300,000","83,700,000","93,000,000","95,000,000","95,400,000","95,600,000","102,300,000",,"53,400,000",,,,,,,,"33,700,000",,"38,400,000","39,900,000","40,600,000","41,500,000",,,,,,,,,,,,,,,,,,,,,,,,,,,,,,,,,,,,,,,,,,,,,,,,,,,,,,,,,,,,,,,,,,,,,,,,,,,,,,,,,,,,,,,,,,,,,,,,
OtherIncomeExpense,"61,600,000","16,100,000","16,100,000","16,100,000","13,300,000","13,700,000","13,700,000","13,800,000","-27,300,000","16,400,000","11,300,000","9,500,000","5,400,000","9,800,000","9,700,000","10,200,000",,,,,,,,,,,,,,,,,,,,,,,,,,,,,,,,,,"2,900,000","5,900,000",,,"11,100,000","1,900,000","900,000","-31,000,000","45,300,000","23,100,000","12,300,000","20,000,000","9,600,000","12,600,000","2,200,000","-18,400,000","-600,000","-16,700,000","315,500,000","9,900,000","121,700,000","15,100,000","14,100,000","14,100,000","1,900,000","16,300,000","9,500,000","11,900,000","11,400,000","6,800,000",,,,,,,,,,"-260,800,000","-27,700,000","-30,200,000","-3,500,000",,,,,,,,,,,,,"-512,300,000","1,100,000","3,600,000","-200,000","-1,600,000","-500,000","2,800,000","2,700,000","600,000","1,100,000","-1,600,000","5,100,000","6,500,000","4,700,000","8,200,000","6,000,000","4,900,000","4,000,000","5,300,000","3,300,000","6,500,000","4,700,000","7,000,000","5,400,000","5,600,000","5,900,000","4,300,000",,,,,,,,,,,,,,,,,
	EarningsFromEquityInterest,,,,,,,,,,,,,,,,,,,,,,,,,,,,,,,,,,,,,,,,,,,,,,,,,,"2,900,000","5,900,000",,,"11,100,000","1,900,000","900,000","-31,000,000","45,300,000","23,100,000","12,300,000","20,000,000","9,600,000","12,600,000","2,200,000","-18,400,000","-600,000","-16,700,000","-13,900,000","9,900,000","-64,000,000","15,100,000","14,100,000","14,100,000","1,900,000","16,300,000","9,500,000","11,900,000","11,400,000","6,800,000",,,,,,,,,,,,,,,,,,,,,,,,,,,,,,,,,,,,,,,,,,,,,,,,,,,,,,,,,,,,,,,,,,,,,
	SpecialIncomeCharges,,,,,,,,,,,,,,,,,,,,,,,,,,,,,,,,,,,,,,,,,,,,,,,,,,,,,,,,,,,,,,,,,"0",,,"329,400,000","0","185,700,000",,,,,,,,,,,,,,,,,,,"-260,800,000","-27,700,000","-30,200,000","-3,500,000",,,,,,,,,,,,,"-512,300,000","1,100,000","3,600,000","-200,000","-1,600,000","-500,000","2,800,000","2,700,000","600,000","1,100,000","-1,600,000","5,100,000","6,500,000","4,700,000","8,200,000","6,000,000","4,900,000","4,000,000","5,300,000","3,300,000","6,500,000","4,700,000","7,000,000","5,400,000","5,600,000","5,900,000","4,300,000",,,,,,,,,,,,,,,,,
	OtherNonOperatingIncomeExpenses,"61,600,000","16,100,000","16,100,000","16,100,000","13,300,000","13,700,000","13,700,000","13,800,000","-27,300,000","16,400,000","11,300,000","9,500,000","5,400,000","9,800,000","9,700,000","10,200,000",,,,,,,,,,,,,,,,,,,,,,,,,,,,,,,,,,,,,,,,,,,,,,,,,,,,,,,,,,,,,,,,,,,,,,,,,,,,,,,,,,,,,,,,,,,,,,,,,,,,,,,,,,,,,,,,,,,,,,,,,,,,,,,,,,,,
PretaxIncome,"1,097,800,000","280,700,000","330,600,000","285,200,000","201,300,000","361,800,000","437,200,000","410,000,000","238,200,000","263,200,000","318,000,000","150,500,000","187,800,000","297,100,000","119,000,000","219,400,000","89,400,000","228,800,000","313,000,000","243,600,000","73,700,000","225,600,000","175,500,000","383,600,000","-89,800,000","233,900,000","223,700,000","215,100,000","282,400,000","-982,600,000","76,600,000","128,100,000","-273,200,000","330,000,000","346,600,000","175,900,000","278,500,000","189,400,000","312,800,000","368,100,000","-115,200,000","366,600,000","250,900,000","122,900,000","396,900,000","325,500,000","298,000,000","204,500,000","177,100,000","326,500,000","354,700,000","248,600,000","285,500,000","271,800,000","253,900,000","172,400,000","-324,300,000","416,300,000","353,600,000","250,600,000","260,800,000","268,700,000","307,800,000","167,800,000","76,700,000","92,700,000","285,800,000","554,800,000","194,500,000","378,100,000","390,100,000","214,400,000","299,300,000","314,100,000","369,500,000","224,600,000","298,300,000","231,400,000","362,400,000","355,100,000","311,100,000","276,500,000","373,500,000","307,100,000","217,700,000","160,200,000","490,500,000","235,700,000","-80,000,000","231,300,000","302,100,000","164,200,000","-130,200,000","278,700,000","356,000,000","177,800,000","274,300,000","220,900,000","343,900,000","182,000,000","295,500,000","243,100,000","316,300,000","162,800,000","-236,900,000","214,600,000","283,300,000","147,600,000","250,600,000","197,500,000","249,800,000","128,000,000","212,900,000","171,100,000","225,300,000","110,700,000","155,200,000","145,300,000","213,000,000","117,900,000","157,900,000","127,000,000","187,300,000","115,500,000","158,300,000","107,900,000","152,500,000","96,600,000","110,700,000","67,000,000","99,900,000",,,,,,,,,,,,,,,,,
TaxProvision,"188,600,000","109,900,000","84,200,000","69,700,000","-75,200,000","101,600,000","80,700,000","86,700,000","59,800,000","68,900,000","84,100,000","-11,500,000","71,800,000","67,200,000","22,400,000","57,400,000","36,500,000","-91,400,000","109,500,000","120,000,000","-60,800,000","67,900,000","78,400,000","218,700,000","-33,900,000","91,000,000","83,200,000","84,900,000","105,000,000","2,500,000","84,000,000","42,500,000","57,300,000","90,300,000","117,900,000","33,900,000","89,600,000","78,000,000","109,100,000","123,500,000","-42,500,000","107,000,000","87,700,000","43,600,000","135,600,000","117,000,000","101,400,000","67,000,000","48,900,000","104,800,000","117,400,000","91,000,000","95,200,000","91,700,000","84,400,000","65,900,000","-144,600,000","151,500,000","132,900,000","87,400,000","93,300,000","91,800,000","119,100,000","61,500,000","7,600,000","34,300,000","106,200,000","193,600,000","83,600,000","149,600,000","146,800,000","81,100,000","103,600,000","122,300,000","129,800,000","20,900,000","90,600,000","81,800,000","133,400,000","131,400,000","118,900,000","105,700,000","141,900,000","116,700,000","81,500,000","61,700,000","188,800,000","89,600,000","-29,800,000","87,900,000","114,800,000","62,400,000","11,100,000","107,300,000","137,000,000","68,500,000","105,600,000","82,300,000","133,300,000","71,900,000","109,000,000","98,000,000","129,000,000","66,700,000","-43,200,000","86,200,000","116,200,000","60,500,000","100,200,000","79,000,000","99,900,000","51,200,000","81,100,000","67,400,000","91,300,000","43,100,000","59,100,000","51,700,000","83,100,000","46,000,000","50,000,000","42,900,000","75,600,000","46,800,000","58,900,000","42,300,000","64,200,000","38,600,000","37,100,000","22,800,000","36,000,000",,,,,,,,,,,,,,,,,
EarningsFromEquityInterestNetOfTax,"131,200,000","48,100,000","29,500,000","20,200,000","33,400,000","21,500,000","23,000,000","6,500,000","22,900,000","10,400,000","27,600,000","12,300,000","9,200,000","12,700,000","37,700,000","16,200,000","17,700,000","29,000,000","20,600,000","30,000,000","19,100,000","21,800,000","17,200,000","23,600,000","30,800,000","44,700,000","25,300,000","37,000,000","29,500,000","33,000,000","34,000,000","25,600,000","12,200,000","11,200,000","5,300,000","4,100,000","5,100,000","12,000,000","12,800,000","7,600,000","14,600,000","12,600,000","11,500,000","6,200,000","9,000,000","6,600,000","4,600,000","6,200,000","4,400,000","2,900,000","5,900,000","8,900,000",,,,,,,,,,,,,,,,,,,,,,,,,,,,,,,,,,,,,,,,,,,,,,,,,,,,,,,,,,,,,,,,,,,,,,,,,,,,,,,,,,,,,,,,,,,,,,,,
NetIncomeCommonStockholders,"1,038,800,000","218,400,000","275,500,000","235,400,000","309,500,000","281,400,000","378,900,000","329,000,000","201,400,000","204,400,000","260,500,000","173,800,000","126,500,000","242,000,000","131,600,000","178,200,000","69,600,000","362,800,000","223,500,000","152,500,000","151,300,000","179,700,000","121,800,000","185,700,000","117,200,000","201,100,000","154,400,000","-1,154,500,000","208,800,000","-954,500,000","9,500,000","481,900,000","-324,600,000","233,800,000","248,300,000","143,900,000","191,800,000","119,600,000","211,600,000","250,100,000","-62,300,000","271,600,000","171,800,000","85,300,000","254,900,000","214,800,000","200,900,000","146,400,000","90,600,000","229,600,000","239,700,000","165,900,000","174,700,000","193,200,000","168,100,000","442,400,000","201,300,000","309,100,000","244,800,000","175,400,000","192,000,000","192,600,000","213,300,000","166,700,000","50,300,000","-31,700,000","163,100,000","352,100,000","101,800,000","165,300,000","242,300,000","135,000,000","211,500,000","203,300,000","270,100,000","194,900,000","150,400,000","161,000,000","235,800,000","227,600,000","192,200,000","170,800,000","231,600,000","188,400,000","92,300,000","98,500,000","301,700,000","146,100,000","-50,200,000","143,400,000","187,300,000","101,800,000","-141,300,000","171,400,000","219,000,000","109,300,000","168,700,000","123,800,000","210,600,000","110,100,000","186,500,000","145,100,000","187,300,000","96,100,000","-193,700,000","128,400,000","163,600,000","82,000,000","144,400,000","112,500,000","143,900,000","70,800,000","125,800,000","97,700,000","128,000,000","61,600,000","-31,100,000","87,600,000","123,900,000","65,900,000","101,500,000","78,000,000","105,700,000","62,700,000","92,800,000","59,500,000","82,300,000","57,200,000","73,500,000","44,100,000","63,900,000",,,,,,,,,,,,,,,,,
	NetIncome,"1,038,800,000","218,400,000","275,500,000","235,400,000","309,500,000","281,400,000","378,900,000","329,000,000","201,400,000","204,400,000","260,500,000","173,800,000","126,500,000","242,000,000","131,600,000","178,200,000","69,600,000","362,800,000","223,500,000","152,500,000","151,300,000","179,700,000","122,100,000","186,200,000","117,600,000","204,600,000","154,900,000","-1,154,100,000","209,200,000","-954,100,000","10,000,000","482,300,000","-324,200,000","234,300,000","248,700,000","144,300,000","192,200,000","120,000,000","211,600,000","250,100,000","-60,800,000","271,600,000","171,800,000","85,300,000","254,900,000","214,800,000","200,900,000","146,400,000","90,600,000","229,600,000","239,700,000","165,900,000","174,700,000","193,200,000","168,100,000","442,400,000","201,300,000","309,100,000","244,800,000","175,400,000","192,000,000","192,600,000","213,300,000","166,700,000","50,300,000","-31,700,000","163,100,000","352,100,000","101,800,000","165,300,000","242,300,000","135,000,000","211,500,000","203,300,000","270,100,000","194,900,000","150,400,000","161,000,000","235,800,000","227,600,000","192,200,000","170,800,000","231,600,000","188,400,000","92,300,000","98,500,000","301,700,000","146,100,000","-50,200,000","143,400,000","187,300,000","101,800,000","-141,300,000","171,400,000","219,000,000","109,300,000","168,700,000","123,800,000","210,600,000","110,100,000","186,500,000","145,100,000","187,300,000","96,100,000","-193,700,000","128,400,000","167,100,000","87,100,000","150,400,000","118,500,000","149,900,000","76,800,000","131,800,000","103,700,000","134,000,000","67,600,000","-25,100,000","93,600,000","129,900,000","71,900,000","107,900,000","84,100,000","111,700,000","68,700,000","99,400,000","65,600,000","88,300,000","58,000,000","73,600,000","44,200,000","63,900,000",,,,,,,,,,,,,,,,,
		NetIncomeIncludingNoncontrollingInterests,"1,040,400,000","218,900,000","275,900,000","235,700,000","309,900,000","281,700,000","379,500,000","329,800,000","201,300,000","204,700,000","261,500,000","174,300,000","125,200,000","242,600,000","132,400,000","178,200,000","70,300,000","363,700,000","224,500,000","153,300,000","151,900,000","180,200,000","125,900,000","190,000,000","120,900,000","206,300,000","159,300,000","-1,152,400,000","211,500,000","-952,700,000","15,900,000","484,500,000","-321,400,000","236,900,000","252,400,000","147,200,000","194,000,000","123,400,000","216,500,000","252,200,000","-58,100,000","272,200,000","174,700,000","85,600,000","255,600,000","215,100,000","201,800,000","146,300,000","90,200,000","228,700,000","239,200,000","165,200,000","174,700,000","193,200,000","168,100,000","442,400,000","201,300,000","309,100,000","244,800,000","175,400,000","192,000,000","192,600,000","213,300,000","166,700,000","50,300,000","-31,700,000","163,100,000","352,100,000","101,800,000","165,300,000","242,300,000","135,000,000","211,500,000","203,300,000","270,100,000","194,900,000","150,400,000","161,000,000","235,800,000","227,600,000","192,200,000","170,800,000","231,600,000","188,400,000","92,300,000","98,500,000","301,700,000","146,100,000","-50,200,000","143,400,000","187,300,000","101,800,000","-141,300,000","171,400,000","219,000,000","109,300,000","168,700,000","123,800,000","210,600,000","110,100,000","186,500,000","145,100,000","187,300,000","96,100,000","-193,700,000","128,400,000","167,100,000","87,100,000","150,400,000","118,500,000","149,900,000","76,800,000","131,800,000","103,700,000","134,000,000","67,600,000","-25,100,000","93,600,000","129,900,000","71,900,000","107,900,000","84,100,000","111,700,000","68,700,000","99,400,000","65,600,000","88,300,000","58,000,000","73,600,000","44,200,000","63,900,000","50,000,000","65,400,000","37,600,000","56,800,000","38,200,000","46,200,000","30,500,000","48,700,000","29,300,000","56,900,000","25,100,000","37,800,000","27,800,000","30,700,000","21,200,000","30,900,000","22,600,000"
			NetIncomeContinuousOperations,"1,040,400,000","218,900,000","275,900,000","235,700,000","309,900,000","281,700,000","379,500,000","329,800,000","201,300,000","204,700,000","261,500,000","174,300,000","125,200,000","242,600,000","134,300,000","178,200,000","70,600,000","349,200,000","224,100,000","153,600,000","153,600,000","179,500,000","114,300,000","188,500,000","-25,100,000","187,600,000","165,800,000","167,200,000","206,900,000","-952,100,000","26,600,000","111,200,000","-318,300,000","250,900,000","234,000,000","146,100,000","194,000,000","123,400,000","216,500,000","252,200,000","-58,100,000","272,200,000","174,700,000","85,500,000","270,300,000","215,100,000","201,200,000","143,700,000","110,500,000","224,600,000","243,200,000","166,500,000","176,400,000","191,200,000","171,400,000","107,400,000","-210,700,000","310,100,000","243,800,000","175,500,000","187,500,000","186,500,000","201,300,000","108,500,000","50,700,000","92,700,000","162,900,000","347,300,000","120,800,000","164,500,000","243,300,000","133,300,000","195,700,000","191,800,000","239,700,000","203,700,000","219,600,000","161,000,000","235,800,000","223,700,000","192,200,000","170,800,000","231,600,000","190,400,000","136,200,000","98,500,000","301,700,000","146,100,000","-50,200,000","143,400,000","187,300,000","101,800,000","-141,300,000","171,400,000","219,000,000","109,300,000","168,700,000","138,600,000","210,600,000","110,100,000","186,500,000","145,100,000","187,300,000","96,100,000","-193,700,000","128,400,000","167,100,000","87,100,000","150,400,000","118,500,000","149,900,000","76,800,000","131,800,000","103,700,000","134,000,000","67,600,000","96,100,000","93,600,000","129,900,000","71,900,000","107,900,000","84,100,000","111,700,000","68,700,000","99,400,000","65,600,000","88,300,000","58,000,000","73,600,000","44,200,000","63,900,000","50,000,000","65,400,000","37,600,000","56,800,000","38,200,000","46,200,000","30,500,000","48,700,000","29,300,000","56,900,000","25,100,000","37,800,000","27,800,000","30,700,000","21,200,000","30,900,000","22,600,000"
			NetIncomeDiscontinuousOperations,"0",,,,,,,,"0","0","0",,"0","0","-1,900,000","0","-300,000","14,500,000","400,000","-300,000","-1,700,000","700,000","11,600,000","1,500,000","146,000,000","18,700,000","-6,500,000","-1,319,600,000","4,600,000","-600,000","-10,700,000","373,300,000","-3,100,000","-14,000,000","18,400,000","1,100,000","0","0","0","0","0","0","0","100,000","-14,700,000","0","600,000","2,600,000","-20,300,000","4,100,000","-4,000,000","-1,300,000","-1,700,000","2,000,000","-3,300,000","335,000,000","412,000,000","-1,000,000","1,000,000","-100,000","4,500,000","6,100,000","12,000,000","58,200,000","-400,000","-124,400,000","200,000","4,800,000","-19,000,000","800,000","-1,000,000","1,700,000","15,800,000","12,900,000","30,400,000","2,900,000",,,,,,,,,,,,,,,,,,,,,,,,,,,,,,,,,,,,,,,,,,,,,,,,,,,,,,,,,,,,,,,,,,,,,,,,
			NetIncomeExtraordinary,,,,,,,,,,,,,,,,,,,,,,,,,,,,,,,,,,,,,,,,,,,,,,,,,,,,,,,,,,,,,,,,,,,,,,,,,"0","-1,400,000",,"-11,700,000","0",,,"3,900,000","0",,,"-2,000,000",,,,,,,,,,,,,"0","-14,800,000",,,,,,,,,,,,,,,,,,,,,,,,,,,,,,,,,,,,,,,,,,,,,,,,,,
		MinorityInterests,"-1,600,000","-500,000","-400,000","-300,000","-400,000","-300,000","-600,000","-800,000","100,000","-300,000","-1,000,000","-500,000","1,300,000","-600,000","-800,000","0","-700,000","-900,000","-1,000,000","-800,000","-600,000","-500,000","-3,800,000","-3,800,000","-3,300,000","-1,700,000","-4,400,000","-1,700,000","-2,300,000","-1,400,000","-5,900,000","-2,200,000","-2,800,000","-2,600,000","-3,700,000","-2,900,000","-1,800,000","-3,400,000","-4,900,000","-2,100,000","-2,700,000","-600,000","-2,900,000","-300,000","-700,000","-300,000","-900,000","100,000","400,000","900,000","500,000","700,000",,,,,,,,,,,,,,,,,,,,,,,,,,,,,,,,,,,,,,,,,,,,,,,,,,,,,,,,,,,,,,,,,,,,,,,,,,,,,,,,,,,,,,,,,,,,,,,,
	PreferredStockDividends,,,,,,,,,,,,,,,,,,,,,,,,,,,,,,,,,,,,,,,,,,,,,,,,,,,,,,,,,,,,,,,,,,,,,,,,,,,,,,,,,,,,,,,,,,,,,,,,,,,,,,,,,"0",,"3,500,000","5,100,000","6,000,000","6,000,000","6,000,000","6,000,000","6,000,000","6,000,000","6,000,000","6,000,000","6,000,000","6,000,000","6,000,000","6,000,000","6,400,000","6,100,000","6,000,000","6,000,000","6,600,000","6,100,000","6,000,000","800,000","100,000","100,000",,,,,,,,,,,,,,,,,,
	OtherunderPreferredStockDividend,,,,,,,,,,,,,,,,"0",,"0","0","0","0","0","300,000","500,000","400,000","3,500,000","500,000","400,000","400,000","400,000","500,000","400,000","400,000","500,000","400,000","400,000","400,000","400,000",,,,,,,,,,,,,,,,,,,,,,,,,,,,,,,,,,,,,,,,,,,,,,,,,,,,,,,,,,,,,,,,,,,,,,,,,,,,,,,,,,,,,,,,,,,,,,,,,,,,,,,,,,,,,,
DilutedNIAvailtoComStockholders,"1,038,800,000","218,400,000","275,500,000","235,400,000","309,500,000","281,400,000","378,900,000","329,000,000","201,400,000","204,400,000","260,500,000","173,800,000","126,500,000","242,000,000","131,600,000","178,200,000","69,600,000","362,800,000","223,500,000","152,500,000","151,300,000","179,700,000","121,800,000","185,700,000","117,200,000","201,100,000","154,400,000","-1,154,500,000","208,800,000","-954,500,000","9,500,000","481,900,000","-324,600,000","233,800,000","248,300,000","143,900,000","191,800,000","119,600,000","211,600,000","250,100,000","-62,300,000","271,600,000","171,800,000","85,300,000","254,900,000","214,800,000","200,900,000","146,400,000","90,600,000","229,600,000","239,700,000","165,900,000","174,700,000","193,200,000","168,100,000","442,400,000","201,300,000","309,100,000","244,800,000","175,400,000","192,000,000","192,600,000","213,300,000","166,700,000","50,300,000","-31,700,000","163,100,000","352,100,000","101,800,000","165,300,000","242,300,000","135,000,000","211,500,000","203,300,000","270,100,000","194,900,000","150,400,000","161,000,000","235,800,000","227,600,000","192,200,000","170,800,000","231,600,000","188,400,000","92,300,000","98,500,000","301,700,000","146,100,000","-50,200,000","143,400,000","187,300,000","101,800,000","-141,300,000","171,400,000","219,000,000","109,300,000","168,700,000","123,800,000","210,600,000","110,100,000","186,500,000","145,100,000","187,300,000","96,100,000","-193,700,000","128,400,000","163,600,000","82,000,000","144,400,000","112,500,000","143,900,000","70,800,000","125,800,000","97,700,000","128,000,000","61,600,000","-31,100,000","87,600,000","123,900,000","65,900,000","101,500,000","78,000,000","105,700,000","62,700,000","92,800,000","59,500,000","82,300,000","57,200,000","73,500,000","44,100,000","63,900,000",,,,,,,,,,,,,,,,,
BasicEPS,,"0.45","0.57","0.49","0.64","0.58","0.77","0.67","0.41","0.42","0.53","0.36","0.26","0.5","0.31","0.45","0.18","0.91","0.55","0.37","0.36","0.42","0.28","0.42","0.27","0.46","0.36","-2.88","0.49","-2.23","0.02","1.14","-0.77","0.56","0.59","0.34","0.46","0.29","0.52","0.61",,"0.66","0.41","0.21",,"0.5","0.46","0.33",,"0.52","0.54","0.37",,"0.43","0.38","0.95",,"0.63","0.5","0.36",,"0.38","0.42","0.33",,"-0.06","0.31","0.68",,"0.32","0.47","0.26",,"0.38","0.51","0.37",,"0.3","0.45","0.43",,"0.31","0.44","0.36",,"0.19","0.58","0.31",,"0.3","0.39","0.22",,"0.36","0.47","0.23",,"0.27","0.47","0.25",,"0.32","0.42","0.21",,"0.28","0.36","0.18",,"0.25","0.32","0.16",,"0.22","0.28","0.14",,"0.19","0.27","0.14",,"0.17","0.23","0.14",,"0.14","0.2","0.15",,"0.12","0.18","0.14",,"0.11","0.16","0.11",,"0.09","0.14","0.09",,"0.08","0.13","0.09",,"0.07","0.1","0.08"
DilutedEPS,,"0.45","0.57","0.49","0.64","0.58","0.77","0.67","0.41","0.42","0.53","0.36","0.26","0.5","0.31","0.45","0.18","0.9","0.54","0.36","0.36","0.41","0.28","0.42","0.27","0.46","0.35","-2.88","0.48","-2.23","0.02","1.12","-0.77","0.55","0.58","0.34","0.45","0.29","0.51","0.61",,"0.65","0.41","0.2",,"0.5","0.45","0.33",,"0.51","0.54","0.37",,"0.43","0.37","0.94",,"0.63","0.5","0.36",,"0.38","0.42","0.33",,"-0.06","0.31","0.68",,"0.32","0.47","0.26",,"0.38","0.51","0.37",,"0.3","0.44","0.43",,"0.31","0.44","0.36",,"0.19","0.58","0.3",,"0.3","0.39","0.21",,"0.36","0.46","0.23",,"0.27","0.46","0.24",,"0.32","0.41","0.21",,"0.28","0.36","0.18",,"0.25","0.32","0.16",,"0.22","0.28","0.14",,"0.19","0.27","0.14",,"0.17","0.23","0.14",,"0.14","0.2","0.15",,"0.12","0.18","0.14",,"0.11","0.16","0.11",,"0.09","0.14","0.08",,"0.08","0.12","0.09",,"0.07","0.1","0.07"
BasicAverageShares,,"480,300,000","480,200,000","480,400,000","480,600,000","485,700,000","489,100,000","488,200,000","487,600,000","487,400,000","487,300,000","486,800,000","486,400,000","486,200,000","419,900,000","391,700,000","392,900,000","399,100,000","406,500,000","415,100,000","420,300,000","431,700,000","437,700,000","439,000,000","437,800,000","435,700,000","433,800,000","430,700,000","427,800,000","427,100,000","425,700,000","423,900,000","422,000,000","421,200,000","421,100,000","421,100,000","418,400,000","410,700,000","405,900,000","407,100,000",,"414,300,000","413,600,000","412,700,000",,"428,400,000","437,800,000","441,500,000",,"444,000,000","443,200,000","443,200,000",,"447,100,000","447,100,000","467,100,000",,"490,634,921","489,600,000","489,200,000",,"506,842,105","507,857,143","510,200,000",,"528,333,333","526,129,032","518,100,000",,"516,562,500","515,531,915","517,000,000",,"535,000,000","529,607,843","530,000,000",,"536,666,667","524,000,000","527,700,000",,"550,967,742","526,363,636","524,600,000",,"518,421,053","520,172,414","478,700,000",,"478,000,000","480,256,410","462,727,273",,"476,111,111","465,957,447","475,217,391",,"458,518,519","448,085,106","440,400,000",,"453,437,500","445,952,381","457,619,048",,"458,571,429","454,444,444","455,555,556",,"450,000,000","449,687,500","442,500,000",,"444,090,909","457,142,857","440,000,000",,"461,052,632","458,888,889","470,714,286",,"458,823,529","459,565,217","447,857,143",,"425,000,000","411,500,000","381,333,333",,"367,500,000","355,000,000","360,542,000",,"359,896,000","350,612,000","350,738,000",,"350,216,000","350,216,000","351,466,000",,"298,464,000","298,168,000","298,500,000",,"298,276,000","298,852,000","297,304,000"
DilutedAverageShares,,"482,200,000","481,900,000","482,300,000","482,700,000","487,600,000","490,900,000","489,900,000","489,200,000","488,800,000","488,300,000","487,900,000","487,400,000","487,400,000","421,800,000","394,100,000","395,600,000","402,500,000","410,400,000","419,200,000","424,900,000","436,400,000","441,300,000","442,700,000","437,800,000","439,600,000","437,900,000","435,700,000","432,800,000","427,100,000","430,800,000","429,300,000","422,000,000","427,300,000","427,000,000","428,200,000","426,300,000","417,800,000","411,700,000","412,000,000",,"420,000,000","418,600,000","418,100,000",,"432,800,000","441,600,000","446,000,000",,"448,300,000","446,200,000","445,600,000",,"449,700,000","449,500,000","469,600,000",,"490,634,921","489,600,000","492,800,000",,"506,842,105","507,857,143","512,400,000",,"528,333,333","526,129,032","520,500,000",,"516,562,500","515,531,915","521,400,000",,"535,000,000","529,607,843","531,500,000",,"536,666,667","535,909,091","530,500,000",,"550,967,742","526,363,636","526,400,000",,"518,421,053","520,172,414","480,600,000",,"478,000,000","480,256,410","484,761,905",,"476,111,111","476,086,957","475,217,391",,"458,518,519","457,826,087","458,750,000",,"453,437,500","456,829,268","457,619,048",,"458,571,429","454,444,444","455,555,556",,"450,000,000","449,687,500","442,500,000",,"444,090,909","457,142,857","440,000,000",,"461,052,632","458,888,889","470,714,286",,"458,823,529","459,565,217","447,857,143",,"425,000,000","411,500,000","381,333,333",,"367,500,000","355,000,000","360,542,000",,"359,896,000","350,612,000","350,738,000",,"350,216,000","350,216,000","351,466,000",,"298,464,000","298,168,000","298,500,000",,"298,276,000","298,852,000","297,304,000"
TotalExpenses,"9,947,100,000","2,554,500,000","2,649,500,000","2,290,000,000","2,453,100,000","2,322,400,000","2,464,000,000","2,169,000,000","2,897,100,000","2,190,500,000","2,392,700,000","2,127,000,000","2,299,900,000","2,288,900,000","2,193,800,000","1,576,200,000","1,832,300,000","1,725,900,000","1,822,400,000","1,524,200,000","1,750,500,000","1,709,900,000","1,858,800,000","2,224,900,000","2,856,300,000","2,613,300,000","2,789,400,000","2,498,400,000","3,733,700,000","4,779,000,000","3,994,100,000","3,489,200,000","4,615,700,000","3,964,700,000","4,271,900,000","3,930,300,000","4,212,700,000","3,590,500,000","3,369,300,000","2,894,500,000","3,478,000,000","2,956,800,000","3,102,400,000","2,896,200,000","2,717,900,000","2,777,600,000","2,829,400,000","2,575,800,000","2,655,200,000","2,730,400,000","2,777,300,000","2,671,300,000","2,953,700,000","2,820,900,000","2,967,700,000","2,843,100,000","1,866,600,000","3,050,000,000","3,093,100,000","2,646,500,000","3,012,300,000","2,593,600,000","2,728,800,000","2,462,800,000","2,843,500,000","2,689,500,000","3,462,200,000","3,069,400,000","3,123,000,000","3,309,400,000","3,655,400,000","3,221,900,000","3,391,800,000","3,223,500,000","3,451,400,000","4,112,900,000","2,005,400,000","4,153,500,000","5,532,300,000","6,624,500,000","5,998,900,000","5,874,100,000","6,890,300,000","7,196,600,000","6,365,700,000","6,138,100,000","6,598,400,000","6,489,800,000","6,289,600,000","5,458,500,000","6,193,200,000","6,349,700,000","5,641,400,000","5,326,600,000","5,957,400,000","6,229,200,000","5,532,100,000","5,088,200,000","6,014,500,000","5,885,300,000","4,841,700,000","5,318,600,000","6,375,500,000","6,171,400,000","5,642,900,000","5,475,700,000","6,269,000,000","6,212,700,000","5,501,500,000","5,487,400,000","5,967,500,000","6,051,900,000","5,616,600,000","5,344,200,000","6,063,000,000","5,519,400,000","5,175,800,000","4,857,500,000","5,286,700,000","5,337,000,000","5,369,600,000","4,639,300,000","5,198,100,000","5,124,300,000","4,585,800,000","4,682,200,000","5,096,100,000","4,351,000,000","3,866,400,000","3,521,000,000","3,718,400,000",,,,,,,,,,,,,,,,,
NetIncomeFromContinuingAndDiscontinuedOperation,"1,038,800,000","218,400,000","275,500,000","235,400,000","309,500,000","281,400,000","378,900,000","329,000,000","201,400,000","204,400,000","260,500,000","173,800,000","126,500,000","242,000,000","131,600,000","178,200,000","69,600,000","362,800,000","223,500,000","152,500,000","151,300,000","179,700,000","122,100,000","186,200,000","117,600,000","204,600,000","154,900,000","-1,154,100,000","209,200,000","-954,100,000","10,000,000","482,300,000","-324,200,000","234,300,000","248,700,000","144,300,000","192,200,000","120,000,000","211,600,000","250,100,000","-60,800,000","271,600,000","171,800,000","85,300,000","254,900,000","214,800,000","200,900,000","146,400,000","90,600,000","229,600,000","239,700,000","165,900,000","174,700,000","193,200,000","168,100,000","442,400,000","201,300,000","309,100,000","244,800,000","175,400,000","192,000,000","192,600,000","213,300,000","166,700,000","50,300,000","-31,700,000","163,100,000","352,100,000","101,800,000","165,300,000","242,300,000","135,000,000","211,500,000","204,700,000","270,100,000","206,600,000","150,400,000","161,000,000","235,800,000","223,700,000","192,200,000","170,800,000","231,600,000","190,400,000","136,200,000","98,500,000","301,700,000","146,100,000","-50,200,000","143,400,000","187,300,000","101,800,000","-141,300,000","171,400,000","219,000,000","109,300,000","168,700,000","138,600,000","210,600,000","110,100,000","186,500,000","145,100,000","187,300,000","96,100,000","-193,700,000","128,400,000","167,100,000","87,100,000","150,400,000","118,500,000","149,900,000","76,800,000","131,800,000","103,700,000","134,000,000","67,600,000","96,100,000","93,600,000","129,900,000","71,900,000","107,900,000","84,100,000","111,700,000","68,700,000","99,400,000","65,600,000","88,300,000","58,000,000","73,600,000","44,200,000","63,900,000",,,,,,,,,,,,,,,,,
NormalizedIncome,"1,038,800,000","218,400,000","275,500,000","235,400,000","309,500,000","281,400,000","378,900,000","329,000,000","201,400,000","204,400,000","260,500,000","173,800,000","126,500,000","242,000,000","133,500,000","178,200,000","69,900,000","348,300,000","223,100,000","152,800,000","153,000,000","179,000,000","110,500,000","184,700,000","-28,400,000","185,900,000","161,400,000","165,500,000","204,600,000","-953,500,000","20,700,000","109,000,000","-321,100,000","248,300,000","230,300,000","143,200,000","192,200,000","120,000,000","211,600,000","250,100,000","-60,800,000","271,600,000","171,800,000","85,200,000","269,600,000","214,800,000","200,300,000","143,800,000","110,900,000","225,500,000","243,700,000","167,200,000","176,400,000","191,200,000","171,400,000","107,400,000","-210,700,000","310,100,000","243,800,000","175,500,000","187,500,000","186,500,000","201,300,000","108,500,000","50,700,000","92,700,000","162,900,000","132,845,638.068","120,800,000","52,274,530.547","243,300,000","133,300,000","195,700,000","191,800,000","239,700,000","203,700,000","219,600,000","161,000,000","235,800,000","223,700,000","192,200,000","170,800,000","231,600,000","190,400,000","136,200,000","98,500,000","301,700,000","146,100,000","113,452,000","160,573,281.453","206,023,800.066","103,969,914.738","-141,300,000","171,400,000","219,000,000","109,300,000","168,700,000","138,600,000","210,600,000","110,100,000","186,500,000","145,100,000","187,300,000","96,100,000","225,179,316.167","127,740,000","164,940,000","87,220,000","151,360,255.387","118,800,000","148,219,775.821","75,180,000","131,428,558.008","103,033,313.852","134,960,000","64,485,636.856","92,075,193.299","90,572,333.104","124,899,154.93","68,240,966.921","104,551,614.946","81,451,181.102","108,520,000","66,720,000","95,318,509.16","62,742,539.388","84,100,000","54,757,763.975","69,876,784.101","40,307,761.194","61,149,549.55",,,,,,,,,,,,,,,,,
InterestIncome,"1,400,000","500,000","300,000","300,000","300,000","400,000","400,000","800,000","800,000","1,300,000","400,000","600,000","1,800,000","1,900,000","2,500,000","600,000","1,000,000","800,000","1,100,000","900,000","900,000","1,300,000","800,000","800,000","500,000","500,000","100,000","200,000","300,000","100,000","300,000","500,000","800,000","400,000","700,000","600,000","600,000","1,000,000","700,000","800,000","800,000","1,000,000","900,000","1,300,000","900,000","2,500,000","19,400,000","19,400,000",,,,,,,,,,,,,,,,,,,,,,,,,,,,,,,,,,,,,,,,,,,,,,,,,,,,,,,,,,,,,,,,,,,,,,,,,,,,,,,,,,,,,,,,,,,,,,,,,,,,
InterestExpense,"383,500,000","95,100,000","95,200,000","94,500,000","98,700,000","101,000,000","108,100,000","114,500,000","126,100,000","119,000,000","121,800,000","123,300,000","132,700,000","132,800,000","83,100,000","49,600,000","45,500,000","40,600,000","39,100,000","37,300,000","38,400,000","47,000,000","54,900,000","59,800,000","61,500,000","77,400,000","79,700,000","80,500,000","88,900,000","80,400,000","79,600,000","84,200,000","93,800,000","95,400,000","96,100,000","96,200,000","102,900,000","71,600,000","54,100,000","50,100,000","51,600,000","50,700,000","51,500,000","54,200,000","55,800,000","54,100,000","53,100,000","56,700,000",,"39,900,000","40,600,000","41,500,000",,,,,,,,,,,,,,,,,,,,,,,,,,,,,,,,,,,,,,,,,,,,,,,,,,,,,,,,,,,,,,,,,,,,,,,,,,,,,,,,,,,,,,,,,,,,,,,,
NetInterestIncome,"-382,100,000","-94,600,000","-94,900,000","-94,200,000","-98,400,000","-100,600,000","-107,700,000","-113,700,000","-125,300,000","-117,700,000","-121,400,000","-122,700,000","-130,900,000","-130,900,000","-80,600,000","-49,000,000","-44,500,000","-39,800,000","-38,000,000","-36,400,000","-37,500,000","-45,700,000","-54,100,000","-59,000,000","-61,000,000","-76,900,000","-79,600,000","-80,300,000","-88,600,000","-80,300,000","-79,300,000","-83,700,000","-93,000,000","-95,000,000","-95,400,000","-95,600,000","-102,300,000","-70,600,000","-53,400,000","-49,300,000","-50,800,000","-49,700,000","-50,600,000","-52,900,000","-54,900,000","-51,600,000","-33,700,000","-37,300,000","-38,400,000","-39,900,000","-40,600,000","-41,500,000",,,,,,,,,,,,,,,,,,,,,,,,,,,,,,,,,,,,,,,,,,,,,,,,,,,,,,,,,,,,,,,,,,,,,,,,,,,,,,,,,,,,,,,,,,,,,,,,
EBIT,"1,481,300,000","375,800,000","425,800,000","379,700,000","300,000,000","462,800,000","545,300,000","524,500,000","364,300,000","382,200,000","439,800,000","273,800,000","320,500,000","429,900,000","202,100,000","269,000,000","134,900,000","269,400,000","352,100,000","280,900,000","112,100,000","272,600,000","230,400,000","443,400,000","-28,300,000","311,300,000","303,400,000","295,600,000","371,300,000","-902,200,000","156,200,000","212,300,000","-179,400,000","425,400,000","442,700,000","272,100,000","381,400,000","261,000,000","366,900,000","418,200,000","-63,600,000","417,300,000","302,400,000","177,100,000","452,700,000","379,600,000","351,100,000","261,200,000","193,400,000","366,400,000","395,300,000","290,100,000","312,900,000","313,800,000","296,600,000","222,500,000","-255,900,000","478,400,000","417,900,000","309,100,000","320,200,000","324,800,000","359,900,000","225,800,000","131,100,000","189,400,000","348,000,000","293,500,000","262,200,000","260,500,000","460,800,000","273,700,000","364,200,000","374,200,000","421,400,000","280,800,000","357,100,000","295,400,000","432,300,000","438,700,000","414,600,000","370,600,000","473,300,000","411,200,000","317,800,000","291,100,000","607,800,000","311,800,000","250,700,000","339,300,000","409,700,000","243,900,000","371,800,000","366,700,000","447,000,000","254,200,000","349,400,000","296,800,000","419,100,000","255,100,000","356,600,000","316,400,000","389,000,000","232,900,000","344,200,000","296,100,000","357,300,000","223,700,000","315,300,000","270,200,000","321,100,000","194,000,000","271,800,000","237,100,000","292,100,000","168,000,000","202,500,000","202,900,000","277,700,000","179,000,000","205,000,000","209,200,000","272,600,000","200,900,000","229,000,000","192,000,000","232,200,000","136,400,000","139,900,000","105,300,000","142,100,000","4,008,000,000","-7,924,100,000","2,716,700,000","2,843,700,000","2,808,100,000","-6,608,000,000","2,193,300,000","2,295,800,000","2,416,000,000","-4,846,200,000","1,531,800,000","1,694,900,000","1,771,100,000","-4,101,800,000","1,302,000,000","1,444,200,000","1,575,800,000"
EBITDA,"1,865,000,000"
ReconciledCostOfRevenue,"8,518,300,000","2,216,500,000","2,304,100,000","1,979,900,000","2,017,800,000","2,012,700,000","2,106,300,000","1,868,700,000","2,365,100,000","1,870,600,000","2,022,900,000","1,726,200,000","1,905,200,000","1,954,800,000","1,706,500,000","1,318,900,000","1,390,800,000","1,395,700,000","1,515,100,000","1,285,200,000","1,332,700,000","1,360,200,000","1,440,900,000","1,943,400,000","2,066,600,000","2,123,700,000","2,264,700,000","2,093,000,000","3,212,300,000","3,052,900,000","3,261,500,000","2,997,200,000","3,530,000,000","3,414,500,000","3,699,200,000","3,370,900,000","3,641,700,000","2,976,500,000","2,872,600,000","2,440,600,000","2,732,700,000","2,583,100,000","2,646,600,000","2,473,300,000","2,465,700,000","2,357,100,000","2,401,000,000","2,165,800,000","2,143,500,000","2,308,500,000","2,317,300,000","2,244,900,000","2,442,900,000","2,395,800,000","2,577,800,000","2,474,100,000","1,527,300,000","2,555,400,000","2,565,900,000","2,241,500,000","2,442,300,000","2,143,400,000","2,278,400,000","2,025,600,000","2,275,000,000","2,164,100,000","3,003,000,000","2,635,400,000","2,634,600,000","2,803,500,000","3,213,700,000","2,807,400,000","2,967,800,000","2,792,800,000","2,964,900,000","3,543,100,000","1,533,400,000","3,567,000,000","4,873,200,000","6,042,700,000","5,430,600,000","5,290,800,000","6,263,300,000","6,551,800,000","6,428,800,000","5,243,900,000","5,823,900,000","5,621,300,000","6,174,900,000","4,649,200,000","5,335,400,000","5,486,900,000","4,878,600,000","4,558,400,000","5,173,600,000","5,445,800,000","4,727,900,000","4,473,400,000","5,324,000,000","5,190,800,000","4,165,500,000","4,649,000,000","5,689,100,000","5,524,400,000","4,992,700,000","4,809,600,000","5,564,800,000","5,547,200,000","4,807,400,000","4,883,700,000","5,282,600,000","5,428,900,000","5,049,200,000","4,738,000,000","5,433,200,000","4,937,000,000","4,587,300,000","4,324,900,000","4,682,000,000","4,769,200,000","4,677,600,000","4,022,200,000","4,603,100,000","4,572,800,000","4,039,700,000","4,105,900,000","4,539,000,000","3,996,800,000","3,538,800,000","3,189,200,000","3,445,000,000",,,,,,,,,,,,,,,,,
ReconciledDepreciation,"383,700,000","92,100,000","97,000,000","96,500,000","98,100,000","96,600,000","97,800,000","95,200,000","96,400,000","99,100,000","96,700,000","96,700,000","100,400,000","92,300,000","76,600,000","63,700,000","63,600,000","64,400,000","64,300,000","64,700,000","68,200,000","66,300,000","40,800,000","92,700,000","92,200,000","92,900,000","97,200,000","91,600,000","149,400,000","145,100,000","149,700,000","148,100,000","155,500,000","155,000,000","145,400,000","147,000,000","146,000,000","113,400,000","94,400,000","91,400,000","94,700,000","90,600,000","95,000,000","91,500,000","94,600,000","90,800,000","89,100,000","86,400,000","77,300,000","84,400,000","83,400,000","81,700,000","81,700,000","82,000,000","78,800,000","76,400,000","65,200,000","78,300,000","77,400,000","75,800,000","78,400,000","90,800,000","87,400,000","89,400,000","83,100,000","51,100,000","88,500,000","88,500,000","86,200,000","90,700,000","85,100,000","88,900,000","89,100,000","89,300,000","82,700,000","91,200,000","49,300,000","109,600,000","114,200,000","123,600,000","160,000,000","155,600,000","154,200,000","153,400,000","151,200,000","161,300,000","147,000,000","133,400,000","149,000,000","131,000,000","126,000,000","130,500,000","127,000,000","127,800,000","124,900,000","120,100,000","163,300,000","64,900,000","110,500,000","107,600,000","100,200,000","108,400,000","117,200,000","88,000,000","112,500,000","95,600,000","112,600,000","87,200,000","153,800,000","34,400,000","109,700,000","77,900,000","22,100,000","87,400,000","92,600,000","92,700,000","72,200,000","33,500,000","85,800,000","85,500,000","77,900,000","84,800,000","79,200,000","77,400,000","64,900,000","83,800,000","66,000,000","36,100,000","31,000,000","37,100,000",,,,,,,,,,,,,,,,,,
NetIncomeFromContinuingOperationNetMinorityInterest,"1,038,800,000","218,400,000","275,500,000","235,400,000","309,500,000","281,400,000","378,900,000","329,000,000","201,400,000","204,400,000","260,500,000","173,800,000","126,500,000","242,000,000","133,500,000","178,200,000","69,900,000","348,300,000","223,100,000","152,800,000","153,000,000","179,000,000","110,500,000","184,700,000","-28,400,000","185,900,000","161,400,000","165,500,000","204,600,000","-953,500,000","20,700,000","109,000,000","-321,100,000","248,300,000","230,300,000","143,200,000","192,200,000","120,000,000","211,600,000","250,100,000","-60,800,000","271,600,000","171,800,000","85,200,000","269,600,000","214,800,000","200,300,000","143,800,000","110,900,000","225,500,000","243,700,000","167,200,000","176,400,000","191,200,000","171,400,000","107,400,000","-210,700,000","310,100,000","243,800,000","175,500,000","187,500,000","186,500,000","201,300,000","108,500,000","50,700,000","92,700,000","162,900,000","347,300,000","120,800,000","164,500,000","243,300,000","133,300,000","195,700,000","191,800,000","239,700,000","203,700,000","219,600,000","161,000,000","235,800,000","223,700,000","192,200,000","170,800,000","231,600,000","190,400,000","136,200,000","98,500,000","301,700,000","146,100,000","-50,200,000","143,400,000","187,300,000","101,800,000","-141,300,000","171,400,000","219,000,000","109,300,000","168,700,000","138,600,000","210,600,000","110,100,000","186,500,000","145,100,000","187,300,000","96,100,000","-193,700,000","128,400,000","167,100,000","87,100,000","150,400,000","118,500,000","149,900,000","76,800,000","131,800,000","103,700,000","134,000,000","67,600,000","96,100,000","93,600,000","129,900,000","71,900,000","107,900,000","84,100,000","111,700,000","68,700,000","99,400,000","65,600,000","88,300,000","58,000,000","73,600,000","44,200,000","63,900,000",,,,,,,,,,,,,,,,,
TotalUnusualItemsExcludingGoodwill,,,,,,,,,,,,,,,,,,,,,,,,,,,,,,,,,,,,,,,,,,,,,,,,,,,,,,,,,,,,,,,,,"0",,,"329,400,000","0","185,700,000",,,,,,,,,,,,,,,,,,,"-260,800,000","-27,700,000","-30,200,000","-3,500,000",,,,,,,,,,,,,"-512,300,000","1,100,000","3,600,000","-200,000","-1,600,000","-500,000","2,800,000","2,700,000","600,000","1,100,000","-1,600,000","5,100,000","6,500,000","4,700,000","8,200,000","6,000,000","4,900,000","4,000,000","5,300,000","3,300,000","6,500,000","4,700,000","7,000,000","5,400,000","5,600,000","5,900,000","4,300,000",,,,,,,,,,,,,,,,,
TotalUnusualItems,,,,,,,,,,,,,,,,,,,,,,,,,,,,,,,,,,,,,,,,,,,,,,,,,,,,,,,,,,,,,,,,,"0",,,"329,400,000","0","185,700,000",,,,,,,,,,,,,,,,,,,"-260,800,000","-27,700,000","-30,200,000","-3,500,000",,,,,,,,,,,,,"-512,300,000","1,100,000","3,600,000","-200,000","-1,600,000","-500,000","2,800,000","2,700,000","600,000","1,100,000","-1,600,000","5,100,000","6,500,000","4,700,000","8,200,000","6,000,000","4,900,000","4,000,000","5,300,000","3,300,000","6,500,000","4,700,000","7,000,000","5,400,000","5,600,000","5,900,000","4,300,000",,,,,,,,,,,,,,,,,
NormalizedEBITDA,"1,865,000,000","467,900,000","522,800,000","476,200,000","398,100,000","559,400,000","643,100,000","619,700,000","460,700,000","481,300,000","536,500,000","370,500,000","420,900,000","522,200,000","278,700,000","332,700,000","198,500,000","333,800,000","416,400,000","345,600,000","180,300,000","338,900,000","271,200,000","536,100,000","63,900,000","404,200,000","400,600,000","387,200,000","520,700,000","-757,100,000","305,900,000","360,400,000","-23,900,000","580,400,000","588,100,000","419,100,000","527,400,000","374,400,000","461,300,000","509,600,000","31,100,000","507,900,000","397,400,000","268,600,000","547,300,000","470,400,000","440,200,000","347,600,000","270,700,000","450,800,000","478,700,000","371,800,000","394,600,000","395,800,000","375,400,000","298,900,000","-190,700,000","556,700,000","495,300,000","384,900,000","398,600,000","415,600,000","447,300,000","315,200,000","214,200,000","240,500,000","436,500,000","52,600,000","348,400,000","165,500,000","545,900,000","362,600,000","453,300,000","463,500,000","504,100,000","372,000,000","406,400,000","405,000,000","546,500,000","562,300,000","574,600,000","526,200,000","627,500,000","564,600,000","469,000,000","452,400,000","754,800,000","445,200,000","660,500,000","498,000,000","565,900,000","377,900,000","498,800,000","494,500,000","571,900,000","374,300,000","512,700,000","361,700,000","529,600,000","362,700,000","456,800,000","424,800,000","506,200,000","320,900,000","969,000,000","390,600,000","466,300,000","311,100,000","470,700,000","344,700,000","428,000,000","269,200,000","293,300,000","326,900,000","386,300,000","255,600,000","268,200,000","266,500,000","355,300,000","258,500,000","278,000,000","290,000,000","346,500,000","275,000,000","287,400,000","271,100,000","291,200,000","167,100,000","165,300,000","136,500,000","137,800,000","4,008,000,000","-7,924,100,000","2,716,700,000","2,843,700,000","2,808,100,000","-6,608,000,000","2,193,300,000","2,295,800,000","2,416,000,000","-4,846,200,000","1,531,800,000","1,694,900,000","1,771,100,000","-4,101,800,000","1,302,000,000","1,444,200,000","1,575,800,000"
TaxRateForCalcs,"0.172","0.334","0.234","0.228","0.27","0.265","0.176","0.208","0.251","0.252","0.243","0.27","0.382","0.217","0.143","0.244","0.27","0.27","0.328","0.4","0.4","0.274","0.4","0.4","0.378","0.33","0.33","0.34","0.372","0.4","0.35","0.28","0.35","0.26","0.34","0.19","0.322","0.39","0.349","0.336","0.369","0.292","0.35","0.355","0.342","0.359","0.34","0.328","0.276","0.321","0.331","0.366","0.333","0.337","0.332","0.382","0.35","0.364","0.376","0.349","0.358","0.342","0.387","0.367","0.099","0.37","0.372","0.349","0.4","0.396","0.376","0.378","0.346","0.389","0.351","0.093","0.304","0.354","0.368","0.37","0.382","0.382","0.38","0.38","0.374","0.385","0.385","0.38","0.373","0.38","0.38","0.38","0.4","0.385","0.385","0.385","0.385","0.373","0.388","0.395","0.369","0.4","0.4","0.4","0.182","0.4","0.4","0.4","0.4","0.4","0.4","0.4","0.381","0.394","0.4","0.389","0.381","0.356","0.39","0.39","0.317","0.338","0.4","0.4","0.372","0.392","0.4","0.4","0.335","0.34","0.36",,,,,,,,,,,,,,,,,
TaxEffectOfUnusualItems,"0","0","0","0","0","0","0","0","0","0","0","0","0","0","0","0","0","0","0","0","0","0","0","0","0","0","0","0","0","0","0","0","0","0","0","0","0","0","0","0","0","0","0","0","0","0","0","0","0","0","0","0","0","0","0","0","0","0","0","0","0","0","0","0","0","0","0","114,945,638.068","0","73,474,530.547","0","0","0","0","0","0","0","0","0","0","0","0","0","0","0","0","0","0","-97,148,000","-10,526,718.547","-11,476,199.934","-1,330,085.262","0","0","0","0","0","0","0","0","0","0","0","0","-93,420,683.833","440,000","1,440,000","-80,000","-639,744.613","-200,000","1,119,775.821","1,080,000","228,558.008","433,313.852","-640,000","1,985,636.856","2,475,193.299","1,672,333.104","3,199,154.93","2,340,966.921","1,551,614.946","1,351,181.102","2,120,000","1,320,000","2,418,509.16","1,842,539.388","2,800,000","2,157,763.975","1,876,784.101","2,007,761.194","1,549,549.55",,,,,,,,,,,,,,,,,