name,ttm,12/31/2021,09/30/2021,06/30/2021,03/31/2021,12/31/2020,09/30/2020,06/30/2020,03/31/2020,12/31/2019,09/30/2019,06/30/2019,03/31/2019,12/31/2018,09/30/2018,06/30/2018,03/31/2018,12/31/2017,09/30/2017,06/30/2017,03/31/2017,12/31/2016,09/30/2016,06/30/2016,03/31/2016,12/31/2015,09/30/2015,06/30/2015,03/31/2015,12/31/2014,09/30/2014,06/30/2014,03/31/2014,12/31/2013,09/30/2013,06/30/2013,03/31/2013,12/31/2012,09/30/2012,06/30/2012,03/31/2012,12/31/2011,09/30/2011,06/30/2011,03/31/2011,12/31/2010,09/30/2010,06/30/2010,03/31/2010,12/31/2009,09/30/2009,06/30/2009,03/31/2009,12/31/2008,09/30/2008,06/30/2008,03/31/2008,12/31/2007,09/30/2007,06/30/2007,03/31/2007,12/31/2006,09/30/2006,06/30/2006,03/31/2006,12/31/2005,09/30/2005,06/30/2005,03/31/2005,12/31/2004,09/30/2004,06/30/2004,03/31/2004,12/31/2003,09/30/2003,06/30/2003,03/31/2003,12/31/2002,09/30/2002,06/30/2002,03/31/2002,12/31/2001,09/30/2001,06/30/2001,03/31/2001,12/31/2000,09/30/2000,06/30/2000,03/31/2000,12/31/1999,09/30/1999,06/30/1999,03/31/1999,12/31/1998,09/30/1998,06/30/1998,03/31/1998,12/31/1997,09/30/1997,06/30/1997,03/31/1997
TotalRevenue,"6,340,000,000","1,654,000,000","1,618,000,000","1,583,000,000","1,485,000,000","1,493,000,000","1,486,000,000","1,440,000,000","1,421,000,000","1,345,000,000","1,514,000,000","1,478,000,000","1,426,000,000","1,419,000,000","1,375,000,000","1,330,000,000","1,299,000,000","1,238,090,000","1,063,238,000","1,038,335,000","1,015,942,000","1,032,416,000","992,016,000","962,409,000","934,384,000","945,836,000","918,107,000","899,437,000","941,001,000","967,564,000","930,025,000","916,345,000","875,950,000","798,419,000","748,977,000","734,928,000","740,060,000","674,087,000","621,337,000","585,511,000","551,745,000","519,471,000","513,883,000","500,336,000","499,039,000","496,314,000","481,890,000","456,127,000","444,327,000","443,544,000","429,079,000","409,874,000","402,910,000","392,022,000","384,348,000","379,513,000","370,621,000","375,163,000","351,744,000","342,870,000","315,709,000","210,841,000","200,939,000","193,776,000","182,665,000","180,252,000","171,717,000","167,685,000","157,105,000","161,271,000","149,046,000","149,876,000","248,487,000","253,846,000","235,577,000","224,201,000","216,724,000","227,961,000","227,424,000","225,531,000","220,617,000","238,186,000","218,396,000","229,416,000","212,953,000","201,973,000","174,589,000","148,359,000","124,244,000","114,200,000","98,900,000","77,500,000","55,100,000","60,800,000","28,900,000","11,500,000","11,900,000","7,700,000","7,900,000","7,900,000","7,900,000"
	OperatingRevenue,"6,340,000,000","1,654,000,000","1,618,000,000","1,583,000,000","1,485,000,000","1,493,000,000","1,486,000,000","1,440,000,000","1,421,000,000","1,345,000,000","1,514,000,000","1,478,000,000","1,426,000,000","1,419,000,000","1,375,000,000","1,330,000,000","1,299,000,000","1,238,090,000","1,063,238,000","1,038,335,000","1,015,942,000","1,032,416,000","992,016,000","962,409,000","934,384,000","945,836,000","918,107,000","899,437,000","941,001,000","967,564,000","930,025,000","916,345,000","875,950,000","798,419,000","748,977,000","734,928,000","740,060,000","674,087,000","621,337,000","585,511,000","551,745,000","519,471,000","513,883,000","500,336,000","499,039,000","496,314,000","481,890,000","456,127,000","444,327,000","443,544,000","429,079,000","409,874,000","402,910,000","392,022,000","384,348,000","379,513,000","370,621,000","375,163,000","351,744,000","342,870,000","315,709,000","210,841,000","200,939,000","193,776,000","182,665,000","180,252,000","171,717,000","167,685,000","157,105,000","161,271,000","149,046,000","149,876,000","248,487,000","253,846,000","235,577,000","224,201,000","216,724,000","227,961,000","227,424,000","225,531,000","220,617,000","238,186,000","218,396,000","229,416,000","212,953,000","201,973,000","174,589,000","148,359,000","124,244,000","114,200,000","98,900,000","77,500,000","55,100,000","60,800,000","28,900,000","11,500,000","11,900,000","7,700,000","7,900,000","7,900,000","7,900,000"
CostOfRevenue,"1,993,000,000","524,000,000","512,000,000","494,000,000","462,000,000","522,000,000","487,000,000","486,000,000","474,000,000","481,000,000","516,000,000","503,000,000","486,000,000","486,000,000","474,000,000","454,000,000","433,000,000","438,595,000","387,374,000","373,907,000","363,825,000","392,232,000","365,978,000","348,719,000","333,592,000","342,005,000","333,859,000","326,431,000","329,858,000","364,945,000","344,133,000","340,438,000","300,950,000","278,635,000","263,964,000","249,214,000","254,983,000","217,421,000","185,343,000","171,833,000","154,392,000","148,855,000","146,842,000","147,049,000","145,639,000","152,934,000","143,000,000","145,392,000","140,051,000","146,706,000","136,512,000","134,391,000","131,759,000","135,919,000","136,299,000","135,566,000","130,791,000","134,976,000","128,895,000","126,845,000","118,368,000","72,682,000","69,996,000","66,807,000","63,476,000","67,313,000","63,362,000","62,162,000","59,148,000","71,887,000","52,982,000","54,115,000","108,303,000","113,514,000","105,030,000","100,933,000","98,302,000","110,636,000","117,979,000","111,793,000","105,791,000","86,573,000","132,087,000","123,106,000","113,195,000","83,268,000","64,692,000","48,588,000","37,049,000","33,100,000","27,400,000","25,800,000","20,600,000","20,400,000","8,500,000","-100,000",,,,,
GrossProfit,"4,347,000,000","1,130,000,000","1,106,000,000","1,089,000,000","1,023,000,000","971,000,000","999,000,000","954,000,000","947,000,000","864,000,000","998,000,000","975,000,000","940,000,000","933,000,000","901,000,000","876,000,000","866,000,000","799,495,000","675,864,000","664,428,000","652,117,000","640,184,000","626,038,000","613,690,000","600,792,000","603,831,000","584,248,000","573,006,000","611,143,000","602,619,000","585,892,000","575,907,000","575,000,000","519,784,000","485,013,000","485,714,000","485,077,000","456,666,000","435,994,000","413,678,000","397,353,000","370,616,000","367,041,000","353,287,000","353,400,000","343,380,000","338,890,000","310,735,000","304,276,000","296,838,000","292,567,000","275,483,000","271,151,000","256,103,000","248,049,000","243,947,000","239,830,000","240,187,000","222,849,000","216,025,000","197,341,000","138,159,000","130,943,000","126,969,000","119,189,000","112,939,000","108,355,000","105,523,000","97,957,000","89,384,000","96,064,000","95,761,000","140,184,000","140,332,000","130,547,000","123,268,000","118,422,000","117,325,000","109,445,000","113,738,000","114,826,000","151,613,000","86,309,000","106,310,000","99,758,000","118,705,000","109,897,000","99,771,000","87,195,000","81,100,000","71,500,000","51,700,000","34,500,000","40,400,000","20,400,000","11,600,000",,,,,
OperatingExpense,"2,324,000,000","595,000,000","580,000,000","577,000,000","572,000,000","224,000,000","560,000,000","566,000,000","574,000,000","553,000,000","539,000,000","548,000,000","546,000,000","535,000,000","530,000,000","517,000,000","508,000,000","489,677,000","396,805,000","393,351,000","389,273,000","365,948,000","370,765,000","367,412,000","375,456,000","356,598,000","338,361,000","326,278,000","337,547,000","331,075,000","326,257,000","323,388,000","315,040,000","268,860,000","253,912,000","245,441,000","244,705,000","234,474,000","210,729,000","199,560,000","190,401,000","183,532,000","181,445,000","179,450,000","182,017,000","181,166,000","177,638,000","174,982,000","172,341,000","172,606,000","170,693,000","169,699,000","169,813,000","160,271,000","172,053,000","175,381,000","168,323,000","172,449,000","227,727,000","173,042,000","175,047,000","87,724,000","98,542,000","99,407,000","98,267,000","92,443,000","107,728,000","97,944,000","95,587,000","134,706,000","84,881,000","92,246,000","113,548,000","116,766,000","121,565,000","114,644,000","106,600,000","110,361,000","116,692,000","108,728,000","128,997,000","154,597,000","104,611,000","122,631,000","104,834,000","122,611,000","107,506,000","98,596,000","81,185,000","72,700,000","71,300,000","50,200,000","33,800,000","35,300,000","21,100,000","13,800,000",,,,,
	SellingGeneralAndAdministration,"680,000,000","180,000,000","167,000,000","169,000,000","164,000,000","185,000,000","154,000,000","164,000,000","175,000,000","157,000,000","150,000,000","155,000,000","152,000,000","145,000,000","145,000,000","138,000,000","134,000,000","127,466,000","100,772,000","97,736,000","100,724,000","92,122,000","89,941,000","91,386,000","97,581,000","87,041,000","76,699,000","73,125,000","79,487,000","77,299,000","71,395,000","69,153,000","64,849,000","67,163,000","58,504,000","54,790,000","58,246,000","58,631,000","55,862,000","47,078,000","51,001,000","44,568,000","42,922,000","41,259,000","44,744,000","43,907,000","41,420,000","40,556,000","39,473,000","39,103,000","39,230,000","38,102,000","36,637,000","38,671,000","37,437,000","38,492,000","34,986,000","38,636,000","32,881,000","34,216,000","33,817,000","22,805,000","22,958,000","25,825,000","24,163,000","23,732,000","34,375,000","23,890,000","22,547,000","29,381,000","24,083,000","28,888,000","26,778,000","45,656,000","23,556,000","31,833,000","24,623,000","-23,647,000","37,352,000","30,823,000","23,102,000","26,109,000","23,407,000","30,465,000","25,895,000","25,908,000","19,004,000","19,845,000","14,853,000","12,000,000","13,000,000","9,200,000","8,300,000","8,600,000","6,300,000","5,000,000",,,,,
		GeneralAndAdministrativeExpense,"602,000,000",,,,,,,,,,"150,000,000","155,000,000","152,000,000","145,000,000","145,000,000","138,000,000","134,000,000","127,466,000","100,772,000","97,736,000","100,724,000","92,122,000","89,941,000","91,386,000","97,581,000","87,041,000","76,699,000","73,125,000","79,487,000","77,299,000","71,395,000","69,153,000","64,849,000","67,163,000","58,504,000","54,790,000","58,246,000","58,631,000",,,,,,,,,,,,,,,,,,,,,,,,,,,,,,,,,,,,,,,,,,,,,,,,,,,,,,,,,,,,,,,
			OtherGandA,"602,000,000",,,,,,,,,,"150,000,000","155,000,000","152,000,000","145,000,000","145,000,000","138,000,000","134,000,000","127,466,000","100,772,000","97,736,000","100,724,000","92,122,000","89,941,000","91,386,000","97,581,000","87,041,000","76,699,000","73,125,000","79,487,000","77,299,000","71,395,000","69,153,000","64,849,000","67,163,000","58,504,000","54,790,000","58,246,000","58,631,000",,,,,,,,,,,,,,,,,,,,,,,,,,,,,,,,,,,,,,,,,,,,,,,,,,,,,,,,,,,,,,,
	ResearchAndDevelopment,,,,,,,,,,,,,,,,,,,,,,,,,,,,,,,,,,,,,,,,,,,,,,,,,,,,,,,,,,,,"2,111,000","1,185,000",,"2,475,000","2,686,000","1,678,000",,,"787,000","432,000","434,000","211,000","371,000",,"1,987,000","1,039,000","918,000","1,620,000","1,451,000","2,060,000","1,733,000","2,239,000","2,447,000","2,679,000","3,758,000","3,453,000","4,074,000","2,222,000","2,122,000","2,071,000","1,300,000","1,200,000","2,100,000","900,000","1,800,000","800,000","700,000",,,,,
	DepreciationAmortizationDepletionIncomeStatement,"1,644,000,000","415,000,000","413,000,000","408,000,000","408,000,000","401,000,000","406,000,000","402,000,000","399,000,000","396,000,000","389,000,000","393,000,000","394,000,000","390,000,000","385,000,000","379,000,000","374,000,000","362,211,000","296,033,000","295,615,000","288,549,000","273,826,000","280,824,000","276,026,000","277,875,000","269,557,000","261,662,000","253,153,000","258,060,000","253,776,000","254,862,000","254,235,000","250,191,000","201,697,000","195,408,000","190,651,000","186,459,000","175,843,000","154,867,000","152,482,000","139,400,000","138,964,000","138,523,000","138,191,000","137,273,000","137,259,000","136,218,000","134,426,000","132,868,000","133,503,000","131,463,000","131,597,000","133,176,000","130,799,000","131,714,000","131,896,000","132,033,000","154,402,000","135,540,000","133,324,000","138,693,000","71,618,000","72,161,000","69,374,000","72,091,000","64,042,000","72,192,000","72,712,000","72,172,000","101,055,000","60,587,000","61,119,000","84,822,000","82,893,000","80,389,000","80,513,000","80,357,000","76,761,000","77,280,000","76,172,000","71,715,000","101,119,000","78,525,000","74,756,000","74,091,000","92,629,000","86,280,000","76,629,000","64,261,000","59,400,000","57,100,000","38,900,000","24,600,000","24,900,000","14,000,000","8,100,000",,,,,
		DepreciationAndAmortizationInIncomeStatement,"1,644,000,000","415,000,000","413,000,000","408,000,000","408,000,000","401,000,000","406,000,000","402,000,000","399,000,000","396,000,000","389,000,000","393,000,000","394,000,000","390,000,000","385,000,000","379,000,000","374,000,000","362,211,000","296,033,000","295,615,000","288,549,000","273,826,000","280,824,000","276,026,000","277,875,000","269,557,000","261,662,000","253,153,000","258,060,000","253,776,000","254,862,000","254,235,000","250,191,000","201,697,000","195,408,000","190,651,000","186,459,000","175,843,000",,,,,,,,,,,,,,,,,"131,714,000","131,896,000","132,033,000","154,402,000","135,540,000","133,324,000","138,693,000","71,618,000","72,161,000","69,374,000","72,091,000","64,042,000","72,192,000","72,712,000","72,172,000","101,055,000","60,587,000","61,119,000","84,822,000","82,893,000","80,389,000","80,513,000","80,357,000","76,761,000","77,280,000","76,172,000","71,715,000","101,119,000","78,525,000","74,756,000","74,091,000","92,629,000","86,280,000","76,629,000","64,261,000","59,400,000","57,100,000","38,900,000","24,600,000","24,900,000","14,000,000","8,100,000",,,,,
	OtherOperatingExpenses,,,,,,"-362,000,000",,,,,,,,,,,,,,,,,,,,,,,,,,,,,,,,,,,,,,,,,,,,,,,,,"2,902,000","4,993,000","1,304,000","-20,589,000","59,306,000","3,391,000","1,352,000","140,000","948,000","1,522,000","335,000","773,000","1,161,000","555,000","436,000","3,836,000",,"1,868,000","1,948,000","-13,770,000","16,581,000","1,380,000",,,,,"31,941,000",,,"13,652,000","1,395,000",,,,,,,,,,,,,,,,
OperatingIncome,"2,023,000,000","535,000,000","526,000,000","512,000,000","451,000,000","747,000,000","439,000,000","388,000,000","373,000,000","311,000,000","459,000,000","427,000,000","394,000,000","398,000,000","371,000,000","359,000,000","358,000,000","309,818,000","279,059,000","271,077,000","262,844,000","274,236,000","255,273,000","246,278,000","225,336,000","247,233,000","245,887,000","246,728,000","273,596,000","271,544,000","259,635,000","252,519,000","259,960,000","250,924,000","231,101,000","240,273,000","240,372,000","222,192,000","225,265,000","214,118,000","206,952,000","187,084,000","185,596,000","173,837,000","171,383,000","162,214,000","161,252,000","135,753,000","131,935,000","124,232,000","121,874,000","105,784,000","101,338,000","95,832,000","75,996,000","68,566,000","71,507,000","67,738,000","-4,878,000","42,983,000","22,294,000","50,435,000","32,401,000","27,562,000","20,922,000","20,496,000","627,000","7,579,000","2,370,000","-45,322,000","11,183,000","3,515,000","26,636,000","23,566,000","8,982,000","8,624,000","11,822,000","6,964,000","-7,247,000","5,010,000","-14,171,000","-2,984,000","-18,302,000","-16,321,000","-5,076,000","-3,906,000","2,391,000","1,175,000","6,010,000","8,400,000","200,000","1,500,000","700,000","5,100,000","-700,000","-2,200,000","11,900,000","-27,100,000","7,900,000","7,900,000","7,900,000"
NetNonOperatingInterestIncomeExpense,"-656,000,000","-164,000,000","-163,000,000","-160,000,000","-169,000,000","-168,000,000","-168,000,000","-177,000,000","-174,000,000","-172,000,000","-171,000,000","-168,000,000","-166,000,000","-163,000,000","-159,000,000","-157,000,000","-159,000,000","-154,104,000","-142,958,000","-140,742,000","-134,117,000","-129,034,000","-129,741,000","-129,257,000","-126,204,000","-127,610,000","-125,344,000","-126,651,000","-126,839,000","-125,755,000","-125,544,000","-128,183,000","-130,045,000","-126,293,000","-125,558,000","-123,686,000","-147,810,000","-90,329,000","-144,658,000","-144,558,000","-137,118,000","-18,803,000","-127,681,000","-126,483,000","-126,686,000","-125,331,000","-122,349,000","-120,345,000","-120,402,000","-119,035,000","-108,600,000","-107,001,000","-105,833,000",,,,,,,,,,,,,,,,,,,,,,,,,,,,,,,,,,,,,,,,,,,,,,,,
	InterestIncomeNonOperating,"1,000,000","0","0","1,000,000","1,000,000","0","0","1,000,000","1,000,000","1,000,000","2,000,000","1,000,000","2,000,000","1,000,000","1,000,000","1,000,000","1,000,000","6,176,000","11,188,000","1,027,000","370,000","342,000","175,000","105,000","174,000","736,000","789,000","325,000","109,000","62,000","192,000","189,000","173,000","494,000","236,000","328,000","297,000","3,529,000","291,000","382,000","354,000",,,,"0","616,000","847,000",,"379,000","-159,000","2,569,000","3,249,000",,,,,,,,,,,,,,,,,,,,,,,,,,,,,,,,,,,,,,,,,,,,,,,,,
	InterestExpenseNonOperating,"632,000,000","158,000,000","157,000,000","154,000,000","164,000,000","162,000,000","162,000,000","172,000,000","174,000,000","153,000,000","173,000,000","169,000,000","167,000,000","147,000,000","158,000,000","157,000,000","158,000,000","147,004,000","151,765,000","139,349,000","129,936,000","119,326,000","126,616,000","125,580,000","122,167,000","118,926,000","121,403,000","121,422,000","121,822,000","121,161,000","120,220,000","122,851,000","124,564,000","120,437,000","120,428,000","119,001,000","138,885,000","158,779,000","119,460,000","144,940,000","113,007,000","96,690,000","101,942,000","100,802,000","100,885,000","125,947,000","123,196,000","120,345,000","120,781,000","118,876,000","111,169,000","110,250,000","105,833,000",,,,,,,,,,,,,,,,,,,,,,,,,,,,,,,,,,,,,,,,,,,,,,,,
	TotalOtherFinanceCost,"25,000,000","6,000,000","6,000,000","7,000,000","6,000,000","6,000,000","6,000,000","6,000,000","1,000,000","20,000,000",,,"1,000,000","17,000,000","2,000,000","1,000,000","2,000,000","13,276,000","2,381,000","2,420,000","4,551,000","10,050,000","3,300,000","3,782,000","4,211,000","9,420,000","4,730,000","5,554,000","5,126,000","4,656,000","5,516,000","5,521,000","5,654,000","6,350,000","5,366,000","5,013,000","9,222,000","-64,921,000","25,489,000",,"24,465,000",,"25,739,000","25,681,000","25,801,000",,,,,,,,,,,,,,,,,,,,,,,,,,,,,,,,,,,,,,,,,,,,,,,,,,,,,,,,
OtherIncomeExpense,"-188,000,000","-17,000,000","-5,000,000","-13,000,000","-154,000,000","-67,000,000","-103,000,000","-5,000,000","-9,000,000","-2,000,000","-11,000,000","-9,000,000","-12,000,000","-16,000,000","-43,000,000","-17,000,000","-81,000,000","-42,857,000","-18,524,000","-13,683,000","-5,220,000","-16,408,000","-22,125,000","-27,079,000","-47,420,000","-18,975,000","-20,043,000","42,305,000","-18,363,000","-3,928,000","-25,572,000","-89,187,000","-27,310,000","-36,938,000","-25,116,000","-26,624,000","-58,117,000","-212,131,000","-5,129,000","-20,908,000","-12,869,000","-118,758,000","-3,707,000","-10,585,000","-5,390,000","-202,000","-181,650,000","-117,467,000","-141,272,000","15,411,000","-66,248,000","-165,499,000","13,054,000","-102,516,000","-26,620,000","-4,993,000","-3,808,000","-83,841,000","-67,246,000","-8,460,000","-10,200,000","-14,699,000","-1,385,000","-4,461,000","-335,000","-283,216,000","-1,161,000","-203,190,000","-8,913,000","34,782,000","-13,145,000","-3,217,000","-26,744,000","13,770,000","-15,523,000","-14,111,000","-1,642,000","-66,334,000","-657,000","-100,000","-37,793,000",,,"-13,652,000","-1,395,000",,,,"-461,000","-6,000,000",,"4,000,000","-2,200,000","500,000","-9,000,000","1,300,000",,,,,
	GainOnSaleOfSecurity,,,,,,,,,,,,,,,,,,,,,,,,,,"0","-3,744,000","52,289,000","-7,491,000","-15,253,000","-15,551,000","-16,162,000","-16,182,000","-16,202,000","-16,222,000","-16,242,000","-16,262,000",,,,,,,,,,,,,,,,,,,,,,,,,,,,,,,,,,,,,,,,,,,,,,,,,,,,,,,,,,,,,,,,
	SpecialIncomeCharges,"-167,000,000","-12,000,000","-1,000,000","-8,000,000","-146,000,000","-65,000,000","-100,000,000","-5,000,000","-9,000,000","-9,000,000","-6,000,000","-9,000,000","-11,000,000","-17,000,000","-44,000,000","-17,000,000","-80,000,000","-41,389,000","-18,492,000","-12,577,000","-9,820,000","-12,196,000","-21,293,000","-26,561,000","-44,147,000","-17,493,000","-15,085,000","-10,178,000","-10,642,000","-10,014,000","-9,343,000","-66,962,000","-8,392,000","-17,617,000","-8,263,000","-10,889,000","-41,226,000","-141,500,000","-5,129,000","-20,908,000","-12,869,000","-118,758,000","-3,707,000","-10,585,000","-5,390,000","-202,000","-181,650,000","-117,467,000","-141,272,000","15,411,000","-66,248,000","-165,499,000","13,054,000","-102,516,000","-26,620,000","-4,993,000","-3,808,000","-83,841,000","-67,246,000","-8,460,000","-10,200,000","-14,699,000","-1,385,000","-4,461,000","-335,000","-283,216,000","-1,161,000","-203,190,000","-8,913,000","34,782,000","-13,145,000","-3,217,000","-26,744,000","13,770,000","-15,523,000","-14,111,000","-1,642,000","-66,334,000","-657,000","-100,000","-37,793,000",,,"-13,652,000","-1,395,000",,,,"-461,000","-6,000,000",,"4,000,000","-2,200,000","500,000","-9,000,000","1,300,000",,,,,
		RestructuringAndMergernAcquisition,"1,000,000","0","0","1,000,000","0","1,000,000","2,000,000","2,000,000","5,000,000","3,000,000","4,000,000","2,000,000","4,000,000","9,000,000","4,000,000","8,000,000","6,000,000","34,351,000","13,180,000","8,250,000","5,650,000","5,994,000","2,680,000","3,141,000","5,638,000","3,677,000","7,608,000","2,377,000","2,019,000","6,118,000","4,068,000","19,197,000","5,659,000","12,819,000","4,369,000","7,215,000","1,602,000","6,186,000","2,937,000","7,495,000","1,680,000","1,649,000","617,000","490,000","554,000","963,000","867,000","272,000",,"0","0","0","0","0",,,"2,504,000","6,752,000","7,940,000","5,069,000","8,848,000",,,,,"0",,,"8,477,000","1,348,000","-445,000",,"-33,000","0","-1,058,000","2,349,000",,"10,538,000","657,000","100,000","5,852,000",,,,,,,,,,,,,,,,,,,,
		ImpairmentOfCapitalAssets,"21,000,000","12,000,000","0","6,000,000","3,000,000","64,000,000","3,000,000","3,000,000","4,000,000","6,000,000","2,000,000","6,000,000","6,000,000","8,000,000","8,000,000","6,000,000","3,000,000","7,038,000","5,312,000","4,327,000","645,000","6,202,000","8,339,000","11,952,000","7,959,000","13,816,000","7,477,000","3,620,000","8,623,000","3,896,000","5,275,000","3,136,000","2,733,000","4,158,000","3,893,000","3,097,000","3,715,000","7,298,000","1,560,000","3,646,000","3,044,000",,"3,090,000","6,205,000",,"-8,588,000","4,429,000",,,"0","0",,,,,,,,,,,,,,,,,,,,,,,,,,,,,,,,,,,,,,,,,,,,,,,,,,
		WriteOff,"21,000,000",,,,,,,,"4,000,000","6,000,000","2,000,000","6,000,000","6,000,000","8,000,000","8,000,000","6,000,000","3,000,000","7,038,000","5,312,000","4,327,000","645,000","6,202,000","8,339,000","11,952,000","7,959,000","13,816,000","7,477,000","3,620,000","8,623,000","3,896,000","5,275,000","3,136,000","2,733,000","4,158,000","3,893,000","3,097,000","3,715,000","7,298,000","1,560,000","3,646,000","3,044,000","8,589,000","3,090,000","6,205,000","4,401,000",,"4,429,000","2,597,000","1,562,000","4,778,000","3,073,000","7,295,000","4,091,000",,,,,,,,,,,,,,,,,,,,,,,,,,,,,,,,,,,,,,,,,,,,,,,,
		OtherSpecialCharges,"145,000,000","0","1,000,000","1,000,000","143,000,000","0","95,000,000",,,"0",,"1,000,000","1,000,000","0","32,000,000","3,000,000","71,000,000","0",,,"3,525,000","0","10,274,000","11,468,000","30,550,000","0",,"4,181,000",,"0",,"44,629,000",,"640,000","1,000","577,000","35,909,000","128,016,000","632,000","9,767,000","8,145,000",,"562,000","3,890,000","435,000","-5,860,000","176,354,000","114,598,000","139,710,000","-20,189,000","63,175,000","158,204,000","-17,145,000","29,759,000",,,"1,304,000","77,089,000","59,306,000","3,391,000","1,352,000",,,,,"283,216,000",,,"436,000","-36,130,000","13,590,000",,"26,777,000","-13,770,000","16,581,000","11,762,000",,,,,"31,941,000",,,,,,,,,,,,,,,,,,,,
	OtherNonOperatingIncomeExpenses,"-21,000,000","-5,000,000","-4,000,000","-5,000,000","-8,000,000","-2,000,000","-3,000,000",,,"7,000,000","-5,000,000",,"-1,000,000","1,000,000","1,000,000",,"-1,000,000","-1,468,000","-32,000","-1,106,000","4,600,000","-4,212,000","-832,000","-518,000","-3,273,000","-1,482,000","-1,214,000","194,000","-230,000","21,339,000","-678,000","-6,063,000","-2,736,000","-3,119,000","-631,000","507,000","-629,000","-1,433,000",,,,,,,,,,,,,,,,,,,,,,,,,,,,,,,,,,,,,,,,,,,,,,,,,,,,,,,,,,,,,,,
PretaxIncome,"1,179,000,000","354,000,000","358,000,000","339,000,000","128,000,000","512,000,000","168,000,000","206,000,000","190,000,000","137,000,000","277,000,000","250,000,000","216,000,000","219,000,000","169,000,000","185,000,000","118,000,000","112,857,000","117,577,000","116,652,000","123,507,000","128,794,000","103,407,000","89,942,000","51,712,000","100,648,000","100,500,000","162,382,000","128,394,000","141,861,000","108,519,000","35,149,000","102,605,000","87,693,000","80,427,000","89,963,000","34,445,000","-80,268,000","75,478,000","48,652,000","56,965,000","49,523,000","54,208,000","36,769,000","39,307,000","36,681,000","-142,747,000","-102,300,000","-129,739,000","20,608,000","-52,974,000","-166,716,000","8,559,000","-81,099,000","-34,303,000","-19,985,000","-17,832,000","-104,503,000","-99,260,000","-47,970,000","-65,270,000","-7,396,000","-15,471,000","12,832,000","-12,674,000","-3,931,000","-27,356,000","-230,449,000","-128,393,000","-125,811,000","-54,243,000","-54,402,000","57,666,000","-151,684,000","-95,593,000","-77,413,000","-63,015,000","-30,568,000","-65,527,000","-67,638,000","-102,432,000","-99,664,000","-98,603,000","-84,952,000","-68,639,000","-58,953,000","-52,838,000","-59,205,000","-32,049,000","-32,900,000","-27,000,000","-20,800,000","-13,400,000","-7,100,000",,"-6,200,000",,,,,
TaxProvision,"21,000,000","1,000,000","7,000,000","6,000,000","7,000,000","4,000,000","5,000,000","6,000,000","5,000,000","6,000,000","5,000,000","4,000,000","6,000,000","6,000,000","5,000,000","5,000,000","4,000,000","14,753,000","2,383,000","4,538,000","4,369,000","4,084,000","5,041,000","3,884,000","3,872,000","-42,077,000","-3,801,000","-4,144,000","3,282,000","-10,726,000","482,000","-208,000","-188,000","110,374,000","33,959,000","36,587,000","17,708,000","-70,624,000","32,300,000","-68,432,000","6,695,000","584,000","2,825,000","5,755,000","-817,000","-4,224,000","-7,597,000","-4,686,000","-10,339,000","1,876,000","-21,836,000","-54,949,000","-1,491,000","-17,282,000","-2,096,000","-80,324,000","-4,659,000","-24,334,000","-31,923,000","-15,620,000","-22,162,000","-855,000","575,000","507,000","616,000","2,817,000","117,000","147,000","144,000","-5,851,000","144,000","184,000","5,955,000","-4,102,000","4,236,000","3,418,000","3,966,000","6,832,000","101,000","684,000","4,659,000","4,691,000","11,727,000",,"60,000","83,000","127,000","25,000","11,000","0","100,000","100,000","100,000","200,000",,"200,000",,,,,
NetIncomeCommonStockholders,"1,096,000,000","353,000,000","351,000,000","334,000,000","58,000,000","508,000,000","163,000,000","172,000,000","157,000,000","103,000,000","244,000,000","218,000,000","182,000,000","185,000,000","136,000,000","152,000,000","86,000,000","69,745,000","85,259,000","112,114,000","119,138,000","124,710,000","87,369,000","75,061,000","36,843,000","130,069,000","92,782,000","1,142,363,000","111,790,000","137,073,000","95,940,000","23,012,000","90,500,000","-34,909,000","45,836,000","52,359,000","15,462,000","-19,505,000","42,045,000","116,013,000","47,402,000","43,915,000","43,737,000","25,669,000","34,816,000","35,671,000","-140,210,000","-102,731,000","-124,476,000","12,946,000","-36,841,000","-116,619,000","5,376,000","-69,019,000","-37,408,000","55,138,000","-18,375,000","-85,370,000","-72,214,000","-37,942,000","-48,092,000","-11,477,000","-20,762,000","-18,537,000","-11,923,000","-37,965,000","-37,495,000","-237,019,000","-138,414,000","-131,416,000","451,497,000","-48,926,000","-74,663,000","-158,837,000","-109,174,000","-100,912,000","-83,387,000","-34,902,000","-65,628,000","-89,459,000","-123,498,000","-123,307,000","-129,330,000","-104,998,000","-87,560,000","-78,934,000","-69,318,000","-70,955,000","-33,555,000","-42,000,000","-33,900,000","-27,500,000","-22,300,000","-8,400,000","-17,600,000","-8,500,000","-6,600,000","-5,100,000","-3,000,000","-3,000,000","-3,000,000"
	NetIncome,"1,096,000,000","353,000,000","351,000,000","334,000,000","58,000,000","508,000,000","163,000,000","200,000,000","185,000,000","131,000,000","272,000,000","246,000,000","210,000,000","213,000,000","164,000,000","180,000,000","114,000,000","98,104,000","115,194,000","112,114,000","119,138,000","124,710,000","98,366,000","86,058,000","47,840,000","141,066,000","103,779,000","1,153,360,000","122,787,000","148,070,000","106,937,000","34,009,000","101,497,000","-23,546,000","45,836,000","52,359,000","15,462,000","-19,505,000","42,045,000","116,013,000","50,031,000","48,911,000","51,278,000","30,871,000","40,017,000","40,873,000","-135,009,000","-97,529,000","-119,275,000","18,148,000","-31,639,000","-111,418,000","10,577,000","-63,817,000","-32,207,000","60,339,000","-13,173,000","-80,169,000","-67,013,000","-32,740,000","-42,891,000","-6,275,000","-15,561,000","-13,335,000","-6,722,000","-17,259,000","-28,066,000","-227,451,000","-128,761,000","-121,662,000","461,333,000","-39,594,000","-64,967,000","-148,840,000","-99,678,000","-80,831,000","-69,016,000","-34,902,000","-65,628,000","-68,598,000","-103,393,000","-103,049,000","-110,330,000","-84,733,000","-68,055,000","-59,036,000","-52,965,000","-59,230,000","-33,555,000","-32,900,000","-27,100,000","-20,900,000","-15,900,000","-7,300,000","-17,400,000","-6,400,000","-6,600,000","-2,900,000","-3,000,000","-3,000,000","-3,000,000"
		NetIncomeIncludingNoncontrollingInterests,"1,096,000,000","353,000,000","351,000,000","334,000,000","58,000,000","508,000,000","163,000,000","200,000,000","185,000,000","131,000,000","272,000,000","246,000,000","210,000,000","213,000,000","164,000,000","180,000,000","114,000,000","98,104,000","115,194,000","112,114,000","119,138,000","124,710,000","98,366,000","86,058,000","47,840,000","141,066,000","103,779,000","1,154,378,000","125,112,000","152,587,000","108,037,000","35,357,000","102,793,000","-22,681,000","46,468,000","53,376,000","16,737,000","-9,644,000","43,178,000","117,084,000","50,270,000","48,939,000","51,383,000","31,014,000","40,124,000","40,905,000","-135,150,000","-97,614,000","-119,400,000","18,732,000","-31,138,000","-111,767,000","10,050,000","-63,817,000","-32,207,000","60,339,000","-13,173,000","-80,169,000","-67,337,000","-32,350,000","-43,108,000","-6,541,000","-16,046,000","-13,339,000","-7,633,000","-17,807,000","-28,970,000","-228,249,000","-130,036,000","-126,402,000","463,062,000","-38,131,000","-63,621,000","-147,582,000","-99,829,000","-80,101,000","-68,459,000","-34,053,000","-65,553,000","-68,322,000","-107,091,000","-103,240,000","-110,582,000","-84,952,000","-68,699,000","-60,121,000","-53,017,000","-58,913,000","-32,014,000","-31,300,000","-26,500,000","-21,000,000","-15,200,000","-5,900,000","-17,100,000","-6,400,000","-6,600,000","-2,900,000","-3,000,000","-3,000,000","-3,000,000"
			NetIncomeContinuousOperations,"1,158,000,000","353,000,000","351,000,000","333,000,000","121,000,000","508,000,000","163,000,000","200,000,000","185,000,000","131,000,000","272,000,000","246,000,000","210,000,000","213,000,000","164,000,000","180,000,000","114,000,000","98,104,000","115,194,000","112,114,000","119,138,000","124,710,000","98,366,000","86,058,000","47,840,000","142,725,000","104,301,000","166,526,000","125,112,000","152,587,000","108,037,000","35,357,000","102,793,000","-22,681,000","46,468,000","53,376,000","16,737,000","-9,644,000","43,178,000","117,084,000","50,270,000","48,939,000","51,383,000","31,014,000","40,124,000","40,905,000","-135,150,000","-97,614,000","-119,400,000","18,732,000","-31,138,000","-111,767,000","10,050,000","-63,817,000","-32,207,000","60,339,000","-13,173,000","-80,169,000","-67,013,000","-32,740,000","-42,891,000","-6,275,000","-15,561,000","-13,335,000","-12,379,000","-9,725,000","-26,569,000","-229,798,000","-127,262,000","-115,220,000","-56,116,000","-56,049,000","-64,967,000","-148,840,000","-99,678,000","-80,831,000","-66,981,000","-34,902,000","-65,628,000","-68,598,000","-103,393,000","-103,049,000","-110,330,000","-84,733,000","-68,055,000","-59,036,000","-52,965,000","-59,230,000","-32,060,000","-32,900,000","-27,100,000","-20,900,000","-13,500,000","-7,300,000","-17,400,000","-6,400,000","-6,600,000","-2,900,000","-3,000,000","-3,000,000","-3,000,000"
			NetIncomeDiscontinuousOperations,"-62,000,000","0","0","1,000,000","-63,000,000",,,,,,,,,,,,,,,,,"0","0","0","0","-1,659,000","-522,000","987,852,000",,,,,,,,,,,,,,,,,,,,,,,,,,,,,,,,,,"0",,,"5,657,000","1,497,000","-1,497,000","2,347,000","-1,499,000","-6,442,000","517,449,000","16,455,000",,,,,,,,,,,,,,,,,,,,,,,,,,,,,
			NetIncomeExtraordinary,,,,,,,,,,,,,,,,,,,,,,,,,,,,,,,,,,,,,,,,,,,,,,,,,,,,,,,,,,,,,,,,,,,,,,,,,,"0",,,"-2,035,000",,,,,,,,,,,,,,,,,,,,,,,,
			NetIncomeFromTaxLossCarryforward,,,,,,,,,,,,,,,,,,,,,,,,,,,,,,,,,,,,,,,,,,,,,,,,,,,,,,,,,,,,,,,,,,,,,,,,,,,,,,,,,,,,,,"0",,,"-1,495,000",,,,"-2,400,000",,,,,,,,
		MinorityInterests,,,,,,,,,,,,,,,,,,,,,,"0",,"0","0","0","0","-1,018,000","-2,325,000","-4,517,000","-1,100,000","-1,348,000","-1,296,000","-865,000","-632,000","-1,017,000","-1,275,000","-9,861,000","-1,133,000","-1,071,000","-239,000","-28,000","-105,000","-143,000","-107,000","-32,000","141,000","85,000","125,000","-166,000","-501,000","349,000","527,000",,,,,"0","324,000","-390,000","217,000","266,000","485,000","4,000","911,000","548,000","904,000","798,000","1,275,000","4,740,000","-1,729,000","-1,463,000","-1,346,000","-1,258,000","151,000","-730,000","-557,000","-849,000","-75,000","-276,000","3,698,000","191,000","252,000","219,000","644,000","1,085,000","52,000","-317,000","-1,541,000","-1,600,000","-600,000","100,000","-700,000","-1,400,000","-300,000",,,,,,
	PreferredStockDividends,,,,,,"0",,"28,000,000","28,000,000","28,000,000","28,000,000","28,000,000","28,000,000","28,000,000","28,000,000","28,000,000","28,000,000","28,359,000","29,935,000",,,"0","10,997,000","10,997,000","10,997,000","10,997,000","10,997,000","10,997,000","10,997,000","10,997,000","10,997,000","10,997,000","10,997,000","11,363,000",,,,"0",,,"2,629,000","4,996,000","7,541,000","5,202,000","5,201,000","5,202,000","5,201,000","5,202,000","5,201,000","5,202,000","5,202,000","5,201,000","5,201,000","5,202,000","5,201,000","5,201,000","5,202,000","5,201,000","5,201,000","5,202,000","5,201,000","5,202,000","5,201,000","5,202,000","5,201,000","20,706,000","9,429,000","9,568,000","9,653,000","9,754,000","9,836,000","9,332,000","9,696,000","9,997,000","9,496,000","20,081,000","14,371,000","0",,"20,861,000","20,105,000","20,258,000","19,000,000","20,265,000","19,505,000","19,898,000","16,353,000","11,725,000",,"9,100,000","6,800,000","6,600,000","6,400,000","1,100,000","200,000","2,100,000",,,,,
DilutedNIAvailtoComStockholders,"1,096,000,000","353,000,000","351,000,000","334,000,000","58,000,000","508,000,000","163,000,000","172,000,000","157,000,000","103,000,000","244,000,000","218,000,000","182,000,000","185,000,000","136,000,000","152,000,000","86,000,000","69,745,000","85,259,000","112,114,000","119,138,000","124,710,000","87,369,000","75,061,000","36,843,000","130,069,000","92,782,000","1,142,363,000","111,790,000","137,073,000","95,940,000","23,012,000","90,500,000","-34,909,000","45,836,000","52,359,000","15,462,000","-19,505,000","42,045,000","116,013,000","47,402,000","43,915,000","43,737,000","25,669,000","34,816,000","35,671,000","-140,210,000","-102,731,000","-124,476,000","12,946,000","-36,841,000","-116,619,000","5,376,000","-69,019,000","-37,408,000","55,138,000","-18,375,000","-85,370,000","-72,214,000","-37,942,000","-48,092,000","-11,477,000","-20,762,000","-18,537,000","-11,923,000","-37,965,000","-37,495,000","-237,019,000","-138,414,000","-131,416,000","451,497,000","-48,926,000","-74,663,000","-158,837,000","-109,174,000","-100,912,000","-83,387,000","-34,902,000","-65,628,000","-89,459,000","-123,498,000","-123,307,000","-129,330,000","-104,998,000","-87,560,000","-78,934,000","-69,318,000","-70,955,000","-33,555,000","-42,000,000","-33,900,000","-27,500,000","-22,300,000","-8,400,000","-17,600,000","-8,500,000","-6,600,000","-5,100,000","-3,000,000","-3,000,000","-3,000,000"
BasicEPS,,"0.82","0.81","0.77","0.28","1.17","0.38","0.41","0.38","0.43","0.59","0.52","0.44","0.45","0.33","0.37","0.21","0.17","0.22","0.31","0.33","0.35","0.26","0.22","0.11","0.39","0.28","3.43","0.34","0.41","0.29","0.07","0.27","-0.11","0.16","0.18","0.05","-0.07","0.14","0.4","0.17",,"0.16","0.09","0.12",,"-0.49","-0.36","-0.43",,"-0.13","-0.41","0.02",,"-0.13","0.2","-0.07",,"-0.26","-0.13","-0.18",,"-0.1","-0.09","-0.06",,"-0.17","-1.09","-0.62",,"2.02","-0.22","-0.34",,"-0.5","-0.47","-0.38",,"-0.16","-0.41","-0.56",,"-0.6","-0.49","-0.41",,"-0.36","-0.43","-0.28",,"-0.23","-0.22","-0.24",,"-0.33","-0.78","-0.79",,"-0.57","-0.57","-0.57"
DilutedEPS,,"0.81","0.81","0.77","0.28","1.17","0.38","0.41","0.38","0.43","0.58","0.52","0.44","0.44","0.33","0.36","0.21","0.17","0.21","0.31","0.33","0.35","0.26","0.22","0.11","0.39","0.28","3.42","0.34","0.41","0.29","0.07","0.27","-0.11","0.16","0.18","0.05","-0.07","0.14","0.4","0.17",,"0.15","0.09","0.12",,"-0.49","-0.36","-0.43",,"-0.13","-0.41","0.02",,"-0.13","0.19","-0.07",,"-0.26","-0.13","-0.18",,"-0.1","-0.09","-0.06",,"-0.17","-1.09","-0.62",,"2.02","-0.22","-0.34",,"-0.5","-0.47","-0.38",,"-0.16","-0.41","-0.56",,"-0.6","-0.49","-0.41",,"-0.36","-0.43","-0.28",,"-0.23","-0.22","-0.24",,"-0.33","-0.78","-0.79",,"-0.57","-0.57","-0.57"
BasicAverageShares,,"432,000,000","432,000,000","432,000,000","432,000,000","431,000,000","427,000,000","417,000,000","416,000,000","416,000,000","416,000,000","416,000,000","415,000,000","415,000,000","415,000,000","415,000,000","409,000,000","406,278,000","395,359,000","364,493,000","360,832,000","352,116,000","337,564,000","337,560,000","334,155,000","333,107,000","333,049,000","333,091,000","332,712,000","332,416,000","332,413,000","332,344,000","332,034,000","319,634,000","290,372,000","291,225,000","291,102,000","290,816,000","290,762,000","290,649,000","284,913,000",,"282,031,000","285,280,000","286,998,000",,"286,119,000","286,080,000","288,451,000",,"286,707,000","286,449,000","285,913,000",,"283,573,000","279,428,000","279,340,000",,"282,577,000","282,025,000","273,456,000",,"201,070,000","212,675,000","214,473,000",,"215,664,000","218,237,000","223,601,000",,"222,841,000","221,853,000","219,294,000",,"216,621,000","215,969,000","216,958,000",,"216,656,000","220,897,000","219,420,000",,"214,986,000","214,059,000","211,195,000",,"191,763,000","165,625,000","158,566,000",,"147,391,304","125,000,000","92,916,667",,"8,354,430","8,354,430","8,354,430",,"5,263,158","5,263,158","5,263,158"
DilutedAverageShares,,"434,000,000","434,000,000","434,000,000","433,000,000","433,000,000","429,000,000","419,000,000","418,000,000","418,000,000","418,000,000","418,000,000","417,000,000","417,000,000","416,000,000","416,000,000","410,000,000","408,130,000","397,035,000","365,832,000","361,727,000","352,878,000","338,409,000","338,609,000","334,929,000","334,320,000","333,711,000","333,733,000","333,485,000","333,554,000","333,241,000","333,081,000","333,045,000","319,634,000","291,378,000","292,706,000","292,570,000","290,816,000","292,098,000","291,203,000","285,853,000",,"283,899,000","287,026,000","289,005,000",,"286,119,000","286,080,000","288,451,000",,"286,707,000","286,449,000","287,608,000",,"283,573,000","288,427,000","279,340,000",,"282,577,000","282,025,000","273,456,000",,"201,070,000","212,675,000","214,473,000",,"215,664,000","218,237,000","223,601,000",,"222,841,000","221,853,000","219,294,000",,"216,621,000","215,969,000","216,958,000",,"216,656,000","220,897,000","219,420,000",,"214,986,000","214,059,000","211,195,000",,"191,763,000","165,625,000","158,566,000",,"147,391,304","125,000,000","92,916,667",,"8,354,430","8,354,430","8,354,430",,"5,263,158","5,263,158","5,263,158"
TotalOperatingIncomeAsReported,"2,001,000,000","523,000,000","526,000,000","505,000,000","448,000,000","682,000,000","434,000,000","383,000,000","364,000,000","302,000,000","453,000,000","419,000,000","384,000,000","381,000,000","359,000,000","345,000,000","349,000,000","268,429,000","260,567,000","258,500,000","256,549,000","262,040,000","244,254,000","231,185,000","211,739,000","229,740,000","230,802,000","240,731,000","262,954,000","261,530,000","250,292,000","230,186,000","251,568,000","233,947,000","222,839,000","229,961,000","235,055,000","208,708,000","220,768,000","202,977,000","202,228,000","176,846,000","181,889,000","167,142,000","166,428,000","156,152,000","155,956,000","132,884,000","130,373,000","119,454,000","118,801,000","98,489,000","97,247,000","78,944,000","75,996,000","68,566,000","69,003,000","60,986,000","-12,818,000","37,914,000","13,446,000","40,542,000","32,401,000","27,562,000","20,922,000","20,496,000","627,000","7,579,000","-6,107,000","-46,670,000","11,628,000","3,515,000","26,669,000","23,566,000","10,040,000","6,275,000","11,822,000","-3,574,000","-7,904,000","4,910,000","-20,023,000","-22,400,000","-18,302,000","-16,321,000","-5,076,000","-3,906,000","2,391,000","1,175,000","6,010,000","8,400,000","200,000","1,500,000","700,000","5,100,000","-700,000","-2,200,000",,,,,
TotalExpenses,"4,317,000,000","1,119,000,000","1,092,000,000","1,071,000,000","1,034,000,000","746,000,000","1,047,000,000","1,052,000,000","1,048,000,000","1,034,000,000","1,055,000,000","1,051,000,000","1,032,000,000","1,021,000,000","1,004,000,000","971,000,000","941,000,000","928,272,000","784,179,000","767,258,000","753,098,000","758,180,000","736,743,000","716,131,000","709,048,000","698,603,000","672,220,000","652,709,000","667,405,000","696,020,000","670,390,000","663,826,000","615,990,000","547,495,000","517,876,000","494,655,000","499,688,000","451,895,000","396,072,000","371,393,000","344,793,000","332,387,000","328,287,000","326,499,000","327,656,000","334,100,000","320,638,000","320,374,000","312,392,000","319,312,000","307,205,000","304,090,000","301,572,000","296,190,000","308,352,000","310,947,000","299,114,000","307,425,000","356,622,000","299,887,000","293,415,000","160,406,000","168,538,000","166,214,000","161,743,000","159,756,000","171,090,000","160,106,000","154,735,000","206,593,000","137,863,000","146,361,000","221,851,000","230,280,000","226,595,000","215,577,000","204,902,000","220,997,000","234,671,000","220,521,000","234,788,000","241,170,000","236,698,000","245,737,000","218,029,000","205,879,000","172,198,000","147,184,000","118,234,000","105,800,000","98,700,000","76,000,000","54,400,000","55,700,000","29,600,000","13,700,000",,,,,
NetIncomeFromContinuingAndDiscontinuedOperation,"1,096,000,000","353,000,000","351,000,000","334,000,000","58,000,000","508,000,000","163,000,000","200,000,000","185,000,000","131,000,000","272,000,000","246,000,000","210,000,000","213,000,000","164,000,000","180,000,000","114,000,000","98,104,000","115,194,000","112,114,000","119,138,000","124,710,000","98,366,000","86,058,000","47,840,000","141,066,000","103,779,000","1,153,360,000","122,787,000","148,070,000","106,937,000","34,009,000","101,497,000","-23,546,000","45,836,000","52,359,000","15,462,000","-19,505,000","42,045,000","116,013,000","50,031,000","48,911,000","51,278,000","30,871,000","40,017,000","40,873,000","-135,009,000","-97,529,000","-119,275,000","18,148,000","-31,639,000","-111,418,000","10,577,000","-63,817,000","-32,207,000","60,339,000","-13,173,000","-80,169,000","-67,013,000","-32,740,000","-42,891,000","-6,275,000","-15,561,000","-13,335,000","-6,722,000","-8,228,000","-28,066,000","-227,451,000","-128,761,000","-121,662,000","461,333,000","-39,594,000","-64,967,000","-148,840,000","-99,678,000","-80,831,000","-66,981,000","-34,902,000","-65,628,000","-68,598,000","-103,393,000","-103,049,000","-110,330,000","-84,733,000","-68,055,000","-59,036,000","-52,965,000","-59,230,000","-32,060,000","-32,900,000","-27,100,000","-20,900,000","-13,500,000","-7,300,000","-17,400,000","-6,400,000","-6,600,000","-2,900,000","-3,000,000","-3,000,000","-3,000,000"
NormalizedIncome,"1,322,025,445.293","364,966,101.695","351,980,446.927","340,858,407.08","259,015,625","572,492,187.5","260,023,809.524","204,854,368.932","193,763,157.895","139,605,839.416","277,891,696.751","254,856,000","220,694,444.444","229,534,246.575","206,698,224.852","196,540,540.541","191,288,135.593","134,082,507.811","133,311,212.108","124,201,729.126","128,610,622.281","136,519,270.308","118,620,985.04","111,472,006.115","88,681,438.738","153,220,800","115,598,400","140,241,400","140,456,485.303","164,493,550","131,720,430.349","88,039,600","117,470,100","-1,563,650","61,751,250","69,994,150","52,829,200","114,875,350","45,378,850","129,603,200","61,387,528.219","166,268,546.231","54,791,813.109","39,799,259.947","43,520,500","41,004,300","36,973,581.07","14,557,253.548","10,738,926.422","4,139,903.533","11,422,200","-466,881.133","2,091,900","16,853,089.298","-7,213,549.281","63,584,450","-10,359,923.284","-15,850,759.098","-21,393,980.234","-27,034,746.717","-36,154,343.037","6,724,751.082","-14,730,000","-9,050,256.78","-12,178,000","160,204,600","-25,872,400","-107,884,000","-121,914,200","-148,384,419.009","-48,229,000","-54,118,800","-40,984,775.049","-162,237,617.02","-90,364,200","-72,364,400","-65,995,800","4,898,400","-65,233,800","-68,538,000","-80,717,200","-103,049,000","-110,330,000","-71,081,000","-67,218,000","-59,036,000","-52,965,000","-59,230,000","-31,783,400","-26,900,000","-27,100,000","-23,300,000","-12,180,000","-7,600,000","-12,000,000","-7,180,000","-6,600,000","-2,900,000","-3,000,000","-3,000,000","-3,000,000"
InterestIncome,"1,000,000","0","0","1,000,000","1,000,000","0","0","1,000,000","1,000,000","1,000,000","2,000,000","1,000,000","2,000,000","1,000,000","1,000,000","1,000,000","1,000,000","6,176,000","11,188,000","1,027,000","370,000","342,000","175,000","105,000","174,000","736,000","789,000","325,000","109,000","62,000","192,000","189,000","173,000","494,000","236,000","328,000","297,000","3,529,000","291,000","382,000","354,000",,,,"0","616,000","847,000",,"379,000","-159,000","2,569,000","3,249,000",,,,,,,,,,,,,,,,,,,,,,,,,,,,,,,,,,,,,,,,,,,,,,,,,
InterestExpense,"632,000,000","158,000,000","157,000,000","154,000,000","164,000,000","162,000,000","162,000,000","172,000,000","174,000,000","153,000,000","173,000,000","169,000,000","167,000,000","147,000,000","158,000,000","157,000,000","158,000,000","147,004,000","151,765,000","139,349,000","129,936,000","119,326,000","126,616,000","125,580,000","122,167,000","118,926,000","121,403,000","121,422,000","121,822,000","121,161,000","120,220,000","122,851,000","124,564,000","120,437,000","120,428,000","119,001,000","138,885,000","158,779,000","119,460,000","144,940,000","113,007,000","96,690,000","101,942,000","100,802,000","100,885,000","125,947,000","123,196,000","120,345,000","120,781,000","118,876,000","111,169,000","110,250,000","105,833,000",,,,,,,,,,,,,,,,,,,,,,,,,,,,,,,,,,,,,,,,,,,,,,,,
NetInterestIncome,"-656,000,000","-164,000,000","-163,000,000","-160,000,000","-169,000,000","-168,000,000","-168,000,000","-177,000,000","-174,000,000","-172,000,000","-171,000,000","-168,000,000","-166,000,000","-163,000,000","-159,000,000","-157,000,000","-159,000,000","-154,104,000","-142,958,000","-140,742,000","-134,117,000","-129,034,000","-129,741,000","-129,257,000","-126,204,000","-127,610,000","-125,344,000","-126,651,000","-126,839,000","-125,755,000","-125,544,000","-128,183,000","-130,045,000","-126,293,000","-125,558,000","-123,686,000","-147,810,000","-90,329,000","-144,658,000","-144,558,000","-137,118,000","-18,803,000","-127,681,000","-126,483,000","-126,686,000","-125,331,000","-122,349,000","-120,345,000","-120,402,000","-119,035,000","-108,600,000","-107,001,000","-105,833,000",,,,,,,,,,,,,,,,,,,,,,,,,,,,,,,,,,,,,,,,,,,,,,,,
EBIT,"1,811,000,000","512,000,000","515,000,000","493,000,000","292,000,000","674,000,000","330,000,000","378,000,000","364,000,000","290,000,000","450,000,000","419,000,000","383,000,000","366,000,000","327,000,000","342,000,000","276,000,000","259,861,000","269,342,000","256,001,000","253,443,000","248,120,000","230,023,000","215,522,000","173,879,000","219,574,000","221,903,000","283,804,000","250,216,000","263,022,000","228,739,000","158,000,000","227,169,000","208,130,000","200,855,000","208,964,000","173,330,000","78,511,000","194,938,000","193,592,000","169,972,000","146,213,000","156,150,000","137,571,000","140,192,000","162,628,000","-19,551,000","18,045,000","-8,958,000","139,484,000","58,195,000","-56,466,000","114,392,000","-40,004,000","75,996,000","68,566,000","71,507,000","67,738,000","-4,878,000","42,983,000","22,294,000","50,435,000","32,401,000","27,562,000","20,922,000","20,496,000","627,000","7,579,000","2,370,000","-45,322,000","11,183,000","3,515,000","26,636,000","23,566,000","8,982,000","8,624,000","11,822,000","6,964,000","-7,247,000","5,010,000","-14,171,000","-2,984,000","-18,302,000","-16,321,000","-5,076,000","-3,906,000","2,391,000","1,175,000","6,010,000","8,400,000","200,000","1,500,000","700,000","5,100,000","-700,000","-2,200,000","11,900,000","-27,100,000","7,900,000","7,900,000","7,900,000"
EBITDA,"3,455,000,000"
ReconciledCostOfRevenue,"1,993,000,000","524,000,000","512,000,000","494,000,000","462,000,000","522,000,000","487,000,000","486,000,000","474,000,000","481,000,000","516,000,000","503,000,000","486,000,000","486,000,000","474,000,000","454,000,000","433,000,000","438,595,000","387,374,000","373,907,000","363,825,000","392,232,000","365,978,000","348,719,000","333,592,000","342,005,000","333,859,000","332,685,000","329,858,000","364,945,000","344,133,000","340,438,000","300,950,000","278,635,000","263,964,000","249,214,000","254,983,000","217,421,000","185,343,000","171,833,000","154,392,000","148,855,000","146,842,000","147,049,000","145,639,000","152,934,000","143,000,000","145,392,000","140,051,000","146,706,000","136,512,000","134,391,000","131,759,000","135,919,000","147,369,000","130,026,000","125,261,000","150,508,000","124,029,000","122,048,000","113,905,000","70,152,000","68,009,000","65,074,000","61,126,000","65,027,000","61,272,000","61,286,000","57,654,000","70,353,000","50,777,000","74,899,000","105,343,000","95,881,000","84,452,000","83,192,000","80,814,000","90,928,000","92,317,000","86,850,000","81,537,000","62,905,000","108,880,000","100,389,000","91,034,000","83,268,000","64,692,000","48,588,000","37,049,000","33,100,000","27,400,000","25,800,000","20,600,000","20,400,000","8,500,000","-100,000",,,,,
ReconciledDepreciation,"1,644,000,000","415,000,000","413,000,000","408,000,000","408,000,000","401,000,000","406,000,000","402,000,000","399,000,000","396,000,000","389,000,000","393,000,000","394,000,000","390,000,000","385,000,000","379,000,000","374,000,000","362,211,000","296,033,000","295,615,000","288,549,000","273,826,000","280,824,000","276,026,000","277,875,000","269,557,000","261,662,000","246,899,000","258,060,000","253,776,000","254,862,000","254,235,000","250,191,000","201,697,000","195,408,000","190,651,000","186,459,000","175,843,000","154,867,000","152,482,000","139,400,000","138,964,000","138,523,000","138,191,000","137,273,000","137,259,000","136,218,000","134,426,000","132,868,000","133,503,000","131,463,000","131,597,000","133,176,000","130,799,000","120,644,000","137,436,000","137,563,000","138,870,000","140,406,000","138,121,000","143,156,000","74,148,000","74,148,000","71,107,000","74,441,000","66,328,000","74,282,000","73,588,000","73,666,000","102,589,000","62,792,000","40,335,000","87,782,000","100,526,000","100,967,000","98,254,000","97,845,000","96,469,000","102,942,000","101,115,000","95,969,000","124,787,000","101,732,000","97,473,000","96,252,000","92,629,000","86,280,000","76,629,000","64,261,000","59,400,000","57,100,000","38,900,000","24,600,000","24,900,000","14,000,000","8,100,000",,,,,
NetIncomeFromContinuingOperationNetMinorityInterest,"1,158,000,000","353,000,000","351,000,000","333,000,000","121,000,000","508,000,000","163,000,000","200,000,000","185,000,000","131,000,000","272,000,000","246,000,000","210,000,000","213,000,000","164,000,000","180,000,000","114,000,000","98,104,000","115,194,000","112,114,000","119,138,000","124,710,000","98,366,000","86,058,000","47,840,000","142,725,000","104,301,000","165,508,000","122,787,000","148,070,000","106,937,000","34,009,000","101,497,000","-23,546,000","45,836,000","52,359,000","15,462,000","-19,505,000","42,045,000","116,013,000","50,031,000","48,911,000","51,278,000","30,871,000","40,017,000","40,873,000","-135,009,000","-97,529,000","-119,275,000","18,148,000","-31,639,000","-111,418,000","10,577,000","-63,817,000","-32,207,000","60,339,000","-13,173,000","-80,169,000","-67,013,000","-32,740,000","-42,891,000","-6,275,000","-15,561,000","-13,335,000","-12,379,000","-9,725,000","-26,569,000","-229,798,000","-127,262,000","-115,220,000","-56,116,000","-56,049,000","-64,967,000","-148,840,000","-99,678,000","-80,831,000","-66,981,000","-34,902,000","-65,628,000","-68,598,000","-103,393,000","-103,049,000","-110,330,000","-84,733,000","-68,055,000","-59,036,000","-52,965,000","-59,230,000","-32,060,000","-32,900,000","-27,100,000","-20,900,000","-13,500,000","-7,300,000","-17,400,000","-6,400,000","-6,600,000","-2,900,000","-3,000,000","-3,000,000","-3,000,000"
TotalUnusualItemsExcludingGoodwill,"-167,000,000","-12,000,000","-1,000,000","-8,000,000","-146,000,000","-65,000,000","-100,000,000","-5,000,000","-9,000,000","-9,000,000","-6,000,000","-9,000,000","-11,000,000","-17,000,000","-44,000,000","-17,000,000","-80,000,000","-41,389,000","-18,492,000","-12,577,000","-9,820,000","-12,196,000","-21,293,000","-26,561,000","-44,147,000","-17,493,000","-18,829,000","42,111,000","-18,133,000","-25,267,000","-24,894,000","-83,124,000","-24,574,000","-33,819,000","-24,485,000","-27,131,000","-57,488,000","-206,739,000","-5,129,000","-20,908,000","-12,869,000","-118,758,000","-3,707,000","-10,585,000","-5,390,000","-202,000","-181,650,000","-117,467,000","-141,272,000","15,411,000","-66,248,000","-165,499,000","13,054,000","-102,516,000","-26,620,000","-4,993,000","-3,808,000","-83,841,000","-67,246,000","-8,460,000","-10,200,000","-14,699,000","-1,385,000","-4,461,000","-335,000","-283,216,000","-1,161,000","-203,190,000","-8,913,000","34,782,000","-13,145,000","-3,217,000","-26,744,000","13,770,000","-15,523,000","-14,111,000","-1,642,000","-66,334,000","-657,000","-100,000","-37,793,000",,,"-13,652,000","-1,395,000",,,,"-461,000","-6,000,000",,"4,000,000","-2,200,000","500,000","-9,000,000","1,300,000",,,,,
TotalUnusualItems,"-167,000,000","-12,000,000","-1,000,000","-8,000,000","-146,000,000","-65,000,000","-100,000,000","-5,000,000","-9,000,000","-9,000,000","-6,000,000","-9,000,000","-11,000,000","-17,000,000","-44,000,000","-17,000,000","-80,000,000","-41,389,000","-18,492,000","-12,577,000","-9,820,000","-12,196,000","-21,293,000","-26,561,000","-44,147,000","-17,493,000","-18,829,000","42,111,000","-18,133,000","-25,267,000","-24,894,000","-83,124,000","-24,574,000","-33,819,000","-24,485,000","-27,131,000","-57,488,000","-206,739,000","-5,129,000","-20,908,000","-12,869,000","-118,758,000","-3,707,000","-10,585,000","-5,390,000","-202,000","-181,650,000","-117,467,000","-141,272,000","15,411,000","-66,248,000","-165,499,000","13,054,000","-102,516,000","-26,620,000","-4,993,000","-3,808,000","-83,841,000","-67,246,000","-8,460,000","-10,200,000","-14,699,000","-1,385,000","-4,461,000","-335,000","-283,216,000","-1,161,000","-203,190,000","-8,913,000","34,782,000","-13,145,000","-3,217,000","-26,744,000","13,770,000","-15,523,000","-14,111,000","-1,642,000","-66,334,000","-657,000","-100,000","-37,793,000",,,"-13,652,000","-1,395,000",,,,"-461,000","-6,000,000",,"4,000,000","-2,200,000","500,000","-9,000,000","1,300,000",,,,,
NormalizedEBITDA,"3,622,000,000","939,000,000","929,000,000","909,000,000","846,000,000","1,140,000,000","836,000,000","785,000,000","772,000,000","695,000,000","845,000,000","821,000,000","788,000,000","773,000,000","756,000,000","738,000,000","730,000,000","663,461,000","583,867,000","564,193,000","551,812,000","534,142,000","532,140,000","518,109,000","495,901,000","506,624,000","502,394,000","494,846,000","526,409,000","542,065,000","508,495,000","495,359,000","501,934,000","443,646,000","420,748,000","426,746,000","417,277,000","461,093,000","354,934,000","366,982,000","322,241,000","403,935,000","298,380,000","286,347,000","282,855,000","300,089,000","298,317,000","269,938,000","265,182,000","257,576,000","255,906,000","240,630,000","234,514,000","193,311,000","234,330,000","210,995,000","212,878,000","305,981,000","202,774,000","189,564,000","175,650,000","139,282,000","107,934,000","103,130,000","95,698,000","370,040,000","76,070,000","284,357,000","84,949,000","22,485,000","87,120,000","67,851,000","141,162,000","110,322,000","125,472,000","120,989,000","111,309,000","169,767,000","96,352,000","106,225,000","119,591,000","121,803,000","83,430,000","94,804,000","92,571,000","88,723,000","88,671,000","77,804,000","70,732,000","73,800,000","57,300,000","36,400,000","27,500,000","29,500,000","22,300,000","4,600,000","11,900,000","-27,100,000","7,900,000","7,900,000","7,900,000"
TaxRateForCalcs,"0.018","0.003","0.02","0.018","0.055","0.008","0.03","0.029","0.026","0.044","0.018","0.016","0.028","0.027","0.03","0.027","0.034","0.131","0.02","0.039","0.035","0.032","0.049","0.043","0.075","0.4","0.4","0.4","0.026","0.35","0.004","0.35","0.35","0.35","0.35","0.35","0.35","0.35","0.35","0.35","0.118","0.012","0.052","0.157","0.35","0.35","0.053","0.046","0.08","0.091","0.35","0.33","0.35","0.213","0.061","0.35","0.261","0.233","0.322","0.326","0.34","0.116","0.4","0.04","0.4","0.4","0.4","0.4","0.4","0.047","0.4","0.4","0.103","0.027","0.4","0.4","0.4","0.4","0.4","0.4","0.4","0.4","0.4","0","0.4","0.4","0.4","0.4","0.4","0","0.4","0.4","0.4","0.4","0.4","0.4","0.4","0.4","0.4","0.4","0.4"
TaxEffectOfUnusualItems,"-2,974,554.707","-33,898.305","-19,553.073","-141,592.92","-7,984,375","-507,812.5","-2,976,190.476","-145,631.068","-236,842.105","-394,160.584","-108,303.249","-144,000","-305,555.556","-465,753.425","-1,301,775.148","-459,459.459","-2,711,864.407","-5,410,492.189","-374,787.892","-489,270.874","-347,377.719","-386,729.692","-1,038,014.96","-1,146,993.885","-3,305,561.262","-6,997,200","-7,531,600","16,844,400","-463,514.697","-8,843,450","-110,569.651","-29,093,400","-8,600,900","-11,836,650","-8,569,750","-9,495,850","-20,120,800","-72,358,650","-1,795,150","-7,317,800","-1,512,471.781","-1,400,453.769","-193,186.891","-1,656,740.053","-1,886,500","-70,700","-9,667,418.93","-5,380,746.452","-11,258,073.578","1,402,903.533","-23,186,800","-54,547,881.133","4,568,900","-21,845,910.702","-1,626,549.281","-1,747,550","-994,923.284","-19,522,759.098","-21,626,980.234","-2,754,746.717","-3,463,343.037","-1,699,248.918","-554,000","-176,256.78","-134,000","-113,286,400","-464,400","-81,276,000","-3,565,200","1,617,580.991","-5,258,000","-1,286,800","-2,761,775.049","372,382.98","-6,209,200","-5,644,400","-656,800","-26,533,600","-262,800","-40,000","-15,117,200","0","0","0","-558,000","0","0","0","-184,400","0","0","1,600,000","-880,000","200,000","-3,600,000","520,000","0","0","0","0","0"