name,ttm,12/31/2021,09/30/2021,06/30/2021,03/31/2021,12/31/2020,09/30/2020,06/30/2020,03/31/2020,12/31/2019,09/30/2019,06/30/2019,03/31/2019,12/31/2018,09/30/2018,06/30/2018,03/31/2018,12/31/2017,09/30/2017,06/30/2017,03/31/2017,12/31/2016,09/30/2016,06/30/2016,03/31/2016,12/31/2015,09/30/2015,06/30/2015,03/31/2015,12/31/2014,09/30/2014,06/30/2014,03/31/2014,12/31/2013,09/30/2013,06/30/2013,03/31/2013,12/31/2012,09/30/2012,06/30/2012,03/31/2012,12/31/2011,09/30/2011,06/30/2011,03/31/2011,12/31/2010,09/30/2010,06/30/2010,03/31/2010,12/31/2009,09/30/2009,06/30/2009,03/31/2009,12/31/2008,09/30/2008,06/30/2008,03/31/2008,12/31/2007,09/30/2007,06/30/2007,03/31/2007,12/31/2006,09/30/2006,06/30/2006,03/31/2006,12/31/2005,09/30/2005,06/30/2005,03/31/2005,12/31/2004,09/30/2004,06/30/2004,03/31/2004,12/31/2003,09/30/2003,06/30/2003,03/31/2003,12/31/2002,09/30/2002,06/30/2002,03/31/2002,12/31/2001,09/30/2001,06/30/2001,03/31/2001,12/31/2000,09/30/2000,06/30/2000,03/31/2000,12/31/1999,09/30/1999,06/30/1999,03/31/1999,12/31/1998,09/30/1998,06/30/1998,03/31/1998,12/31/1997,09/30/1997,06/30/1997,03/31/1997,12/31/1996,09/30/1996,06/30/1996,03/31/1996,12/31/1995,09/30/1995,06/30/1995,03/31/1995,12/31/1994,09/30/1994,06/30/1994,03/31/1994,12/31/1993,09/30/1993,06/30/1993,03/31/1993,12/31/1992,09/30/1992,06/30/1992,03/31/1992,12/31/1991,09/30/1991,06/30/1991,03/31/1991,12/31/1990,09/30/1990,06/30/1990,03/31/1990,12/31/1989,09/30/1989,06/30/1989,03/31/1989,12/31/1988,09/30/1988,06/30/1988,03/31/1988,12/31/1987,09/30/1987,06/30/1987,03/31/1987,12/31/1986,09/30/1986,06/30/1986,03/31/1986
TotalRevenue,"2,988,244,000","773,036,000","750,895,000","728,285,000","736,028,000","759,909,000","666,607,000","638,418,000","617,957,000","599,555,000","579,603,000","580,419,000","576,742,000","569,850,000","532,468,000","518,391,000","517,313,000","501,722,000","485,398,000","479,001,000","476,911,000","468,980,000","446,220,000","453,021,000","447,862,000","441,079,000","433,763,000","415,883,000","411,366,000","423,098,000","400,496,000","378,788,000","378,550,000","376,722,000","366,647,000","362,481,000","354,266,000","345,585,000","338,533,000","326,476,000","315,830,000","308,006,000","292,457,000","283,270,000","266,102,000","249,018,000","237,934,000","227,064,000","221,938,000","220,279,000","216,122,000","209,929,000","206,302,000","227,335,000","232,488,000","329,478,000","287,189,000","457,943,000","400,924,000","390,961,000","365,185,000","431,020,000","366,148,000","358,513,000","328,214,000","378,363,000","337,381,000","320,911,000","292,537,000","343,096,000","301,581,000","287,079,000","265,724,000","318,695,000","268,476,000","276,437,000","255,876,000","276,297,000","327,236,000","344,820,000","344,714,000","378,200,000","360,008,000","347,575,000","344,657,000","390,914,000","332,461,000","298,682,000","257,493,000","268,022,000","225,897,000","264,193,000","305,234,000","345,452,000","308,607,000","291,788,000","270,223,000","283,012,000","234,866,000","210,466,000","187,548,000","212,262,000","188,741,000","177,026,000","163,430,000","163,756,000","140,090,000","128,539,000","116,033,000","121,653,000","109,598,000","101,043,000","96,778,000","97,100,000","100,500,000","91,700,000","79,300,000","120,800,000","106,500,000","105,900,000","101,400,000","221,300,000","57,900,000","53,700,000","59,400,000","69,300,000","59,600,000","49,100,000","46,100,000","56,300,000","32,000,000","29,700,000","24,800,000","20,700,000","18,100,000","15,200,000","13,100,000","7,100,000","6,100,000","5,700,000","4,900,000","4,200,000","4,200,000","4,100,000","4,100,000"
	OperatingRevenue,"2,988,244,000","773,036,000","750,895,000","728,285,000","736,028,000","759,909,000","666,607,000","638,418,000","617,957,000","599,555,000","579,603,000","580,419,000","576,742,000","569,850,000","532,468,000","518,391,000","517,313,000","501,722,000","485,398,000","479,001,000","476,911,000","468,980,000","446,220,000","453,021,000","447,862,000","441,079,000","433,763,000","415,883,000","411,366,000","423,098,000","400,496,000","378,788,000","378,550,000","376,722,000","366,647,000","362,481,000","354,266,000","345,585,000","338,533,000","326,476,000","315,830,000","308,006,000","292,457,000","283,270,000","266,102,000","249,018,000","237,934,000","227,064,000","221,938,000","220,279,000","216,122,000","209,929,000","206,302,000","227,335,000","232,488,000","329,478,000","287,189,000","457,943,000","400,924,000","390,961,000","365,185,000","431,020,000","366,148,000","358,513,000","328,214,000","378,363,000","337,381,000","320,911,000","292,537,000","343,096,000","301,581,000","287,079,000","265,724,000","318,695,000","268,476,000","276,437,000","255,876,000","276,297,000","327,236,000","344,820,000","344,714,000","378,200,000","360,008,000","347,575,000","344,657,000","390,914,000","332,461,000","298,682,000","257,493,000","268,022,000","225,897,000","264,193,000","305,234,000","345,452,000","308,607,000","291,788,000","270,223,000","283,012,000","234,866,000","210,466,000","187,548,000","212,262,000","188,741,000","177,026,000","163,430,000","163,756,000","140,090,000","128,539,000","116,033,000","121,653,000","109,598,000","101,043,000","96,778,000","97,100,000","100,500,000","91,700,000","79,300,000","120,800,000","106,500,000","105,900,000","101,400,000","221,300,000","57,900,000","53,700,000","59,400,000","69,300,000","59,600,000","49,100,000","46,100,000","56,300,000","32,000,000","29,700,000","24,800,000","20,700,000","18,100,000","15,200,000","13,100,000","7,100,000","6,100,000","5,700,000","4,900,000","4,200,000","4,200,000","4,100,000","4,100,000"
CostOfRevenue,"307,006,000","69,726,000","76,602,000","76,717,000","83,961,000","73,536,000","82,284,000","75,215,000","74,463,000","73,328,000","60,975,000","61,469,000","70,585,000","76,124,000","60,454,000","58,960,000","63,209,000","60,284,000","54,482,000","60,832,000","61,792,000","76,048,000","56,607,000","61,783,000","62,054,000","60,902,000","65,211,000","51,755,000","60,585,000","58,115,000","54,079,000","54,413,000","57,099,000","59,031,000","49,736,000","43,243,000","48,191,000","43,790,000","51,270,000","49,477,000","46,586,000","48,765,000","49,818,000","51,406,000","45,167,000","38,849,000","39,819,000","39,160,000","38,615,000","40,390,000","38,649,000","46,027,000","44,177,000","49,267,000","51,416,000","59,670,000","51,734,000","56,150,000","52,404,000","51,564,000","54,390,000","53,921,000","52,735,000","59,846,000","60,597,000","53,508,000","56,258,000","60,326,000","58,688,000","58,124,000","60,808,000","51,803,000","55,318,000","84,888,000","39,929,000","44,919,000","46,913,000","48,090,000","58,715,000","75,946,000","67,294,000","91,358,000","84,662,000","86,503,000","92,337,000","101,072,000","96,105,000","88,012,000","83,668,000","82,734,000","81,577,000","81,838,000","70,163,000","69,415,000","78,013,000","70,913,000","62,334,000","53,793,000","46,812,000","43,592,000","38,897,000","42,807,000","39,262,000","37,765,000","33,639,000","31,767,000","30,349,000","29,451,000","24,963,000","25,401,000","23,096,000","22,569,000","23,541,000","3,200,000","4,300,000","14,300,000","12,500,000","19,000,000","18,100,000","16,900,000","15,200,000","42,400,000","6,300,000","6,600,000","6,200,000","83,500,000","3,900,000","1,800,000","1,800,000","44,300,000","1,200,000",,,,,,,,,,,,,,
GrossProfit,"2,681,238,000","703,310,000","674,293,000","651,568,000","652,067,000","686,373,000","584,323,000","563,203,000","543,494,000","526,227,000","518,628,000","518,950,000","506,157,000","493,726,000","472,014,000","459,431,000","454,104,000","441,438,000","430,916,000","418,169,000","415,119,000","392,932,000","389,613,000","391,238,000","385,808,000","380,177,000","368,552,000","364,128,000","350,781,000","364,983,000","346,417,000","324,375,000","321,451,000","317,691,000","316,911,000","319,238,000","306,075,000","301,795,000","287,263,000","276,999,000","269,244,000","259,241,000","242,639,000","231,864,000","220,935,000","210,169,000","198,115,000","187,904,000","183,323,000","179,889,000","177,473,000","163,902,000","162,125,000","178,068,000","181,072,000","269,808,000","235,455,000","401,793,000","348,520,000","339,397,000","310,795,000","377,099,000","313,413,000","298,667,000","267,617,000","324,855,000","281,123,000","260,585,000","233,849,000","284,972,000","240,773,000","235,276,000","210,406,000","233,807,000","228,547,000","231,518,000","208,963,000","228,207,000","268,521,000","268,874,000","277,420,000","286,842,000","275,346,000","261,072,000","252,320,000","289,842,000","236,356,000","210,670,000","173,825,000","185,288,000","144,320,000","182,355,000","235,071,000","276,037,000","230,594,000","220,875,000","207,889,000","229,219,000","188,054,000","166,874,000","148,651,000","169,455,000","149,479,000","139,261,000","129,791,000","131,989,000","109,741,000","99,088,000","91,070,000","96,252,000","86,502,000","78,474,000","73,237,000","93,900,000","96,200,000","77,400,000","66,800,000","101,800,000","88,400,000","89,000,000","86,200,000","178,900,000","51,600,000","47,100,000","53,200,000","-14,200,000","55,700,000","47,300,000","44,300,000","12,000,000","30,800,000",,,,,,,,,,,,,,
OperatingExpense,"1,903,197,000","507,743,000","480,496,000","466,557,000","448,401,000","490,850,000","415,038,000","411,528,000","405,210,000","407,519,000","397,988,000","385,588,000","378,450,000","366,337,000","368,556,000","366,822,000","370,262,000","347,982,000","350,586,000","336,408,000","337,305,000","313,473,000","322,670,000","324,406,000","313,186,000","297,990,000","290,348,000","288,222,000","297,137,000","291,342,000","281,341,000","288,904,000","278,743,000","264,487,000","268,895,000","271,440,000","248,087,000","245,470,000","227,765,000","226,336,000","223,945,000","213,459,000","210,895,000","206,156,000","203,432,000","206,926,000","202,880,000","183,002,000","189,717,000","177,602,000","187,789,000","199,152,000","211,061,000","235,727,000","242,124,000","250,777,000","262,458,000","289,429,000","268,040,000","267,246,000","264,883,000","275,084,000","247,252,000","256,638,000","254,128,000","234,274,000","247,106,000","237,485,000","217,981,000","207,555,000","205,466,000","222,682,000","212,010,000","169,272,000","211,589,000","233,082,000","230,320,000","37,320,000","246,629,000","226,479,000","223,543,000","237,047,000","224,955,000","230,622,000","240,238,000","232,589,000","219,329,000","204,422,000","190,938,000","217,308,000","198,103,000","186,702,000","158,502,000","70,248,000","415,899,000","130,630,000","213,430,000","145,485,000","113,439,000","129,492,000","110,374,000","210,184,000","99,497,000","95,828,000","91,218,000","89,401,000","77,075,000","74,971,000","72,581,000","62,155,000","69,366,000","65,474,000","78,716,000","79,000,000","91,400,000","76,900,000","89,400,000","79,000,000","73,500,000","73,200,000","73,800,000","209,100,000","45,700,000","45,300,000","44,500,000","-28,900,000","41,500,000","33,700,000","31,600,000","-3,000,000","21,400,000",,,,,,,,,,,,,,
	SellingGeneralAndAdministration,"749,280,000","213,811,000","186,391,000","176,300,000","172,778,000","195,766,000","159,666,000","156,117,000","159,336,000","169,360,000","154,572,000","150,615,000","146,932,000","144,598,000","141,855,000","144,175,000","142,447,000","140,943,000","140,565,000","136,671,000","135,163,000","128,068,000","127,234,000","137,498,000","127,500,000","130,341,000","130,034,000","124,129,000","127,910,000","129,306,000","126,281,000","130,653,000","127,067,000","123,865,000","125,676,000","129,718,000","120,212,000","123,316,000","108,811,000","110,662,000","111,565,000","112,649,000","103,955,000","102,383,000","97,674,000","104,639,000","101,146,000","88,571,000","97,596,000","93,567,000","97,014,000","105,671,000","113,229,000","130,817,000","124,012,000","124,870,000","130,742,000","155,055,000","137,910,000","139,871,000","143,309,000","150,565,000","132,739,000","136,075,000","129,517,000","130,915,000","139,655,000","122,755,000","116,984,000","108,330,000","99,653,000","100,377,000","100,991,000","93,909,000","99,572,000","105,372,000","110,292,000","140,952,000","129,483,000","121,722,000","123,211,000","136,116,000","124,233,000","123,617,000","124,242,000","135,170,000","121,966,000","118,782,000","108,699,000","125,126,000","110,652,000","103,839,000","86,652,000","103,629,000","92,712,000","87,669,000","85,766,000","96,150,000","77,512,000","73,327,000","67,374,000","79,487,000","69,584,000","66,607,000","65,205,000","66,045,000","55,380,000","52,319,000","51,718,000","53,781,000","50,508,000","49,225,000","49,623,000","68,600,000","69,400,000","65,300,000","78,300,000","69,100,000","65,100,000","63,700,000","64,000,000","188,800,000","39,100,000","38,700,000","38,200,000","-33,800,000","35,100,000","29,300,000","27,200,000","-8,100,000","18,200,000",,,,,,,,,,,,,,
		GeneralAndAdministrativeExpense,"189,018,000","65,743,000","42,990,000","40,333,000","39,952,000","49,264,000","35,928,000","35,641,000","33,592,000","42,093,000","33,204,000","34,407,000","30,102,000","31,985,000","33,247,000","34,875,000","33,299,000","33,289,000","36,302,000","32,774,000","31,816,000","29,977,000","30,441,000","36,388,000","28,300,000","26,789,000","28,084,000","27,467,000","27,642,000","26,939,000","25,894,000","32,042,000","28,744,000","29,481,000","27,582,000","34,441,000","29,810,000","27,712,000","26,350,000","30,244,000","27,770,000","24,143,000","24,041,000","25,377,000","19,302,000","21,421,000","25,081,000","17,058,000","22,834,000","21,337,000","28,732,000","34,240,000","38,339,000",,,,,,,,,,,,,,,,,,,,,,,,"26,677,000",,,"25,552,000",,,,,,,,,,,,,,,,,,,,,,,,,,,,,,,,,,,,,,,,,,,,,,,,,,,,,,,,,,,,,,,,,
			OtherGandA,"189,018,000","65,743,000","42,990,000","40,333,000","39,952,000","49,264,000","35,928,000","35,641,000","33,592,000","42,093,000","33,204,000","34,407,000","30,102,000","31,985,000","33,247,000","34,875,000","33,299,000","33,289,000","36,302,000","32,774,000","31,816,000","29,977,000","30,441,000","36,388,000","28,300,000","26,789,000","28,084,000","27,467,000","27,642,000","26,939,000","25,894,000","32,042,000","28,744,000","29,481,000","27,582,000","34,441,000","29,810,000","27,712,000","26,350,000","30,244,000","27,770,000","24,143,000","24,041,000","25,377,000","19,302,000","21,421,000","25,081,000","17,058,000","22,834,000","21,337,000","28,732,000","34,240,000","38,339,000",,,,,,,,,,,,,,,,,,,,,,,,"26,677,000",,,"25,552,000",,,,,,,,,,,,,,,,,,,,,,,,,,,,,,,,,,,,,,,,,,,,,,,,,,,,,,,,,,,,,,,,,
		SellingAndMarketingExpense,"560,262,000","148,068,000","143,401,000","135,967,000","132,826,000","146,502,000","123,738,000","120,476,000","125,744,000","127,267,000","121,368,000","116,208,000","116,830,000","112,613,000","108,608,000","109,300,000","109,148,000","107,654,000","104,263,000","103,897,000","103,347,000","98,091,000","96,793,000","101,110,000","99,200,000","103,552,000","101,950,000","96,662,000","100,268,000","102,367,000","100,387,000","98,611,000","98,323,000","94,384,000","98,094,000","95,277,000","90,402,000","95,604,000","82,461,000","80,418,000","83,795,000","88,506,000","79,914,000","77,006,000","78,372,000","83,218,000","76,065,000","71,513,000","74,762,000","72,230,000","68,282,000","71,431,000","74,890,000",,,,,,,,,,,,,,,,,,,,,,,,"83,615,000",,,"96,170,000",,,,,,,,,,,,,,,,,,,,,,,,,,,,,,,,,,,,,,,,,,,,,,,,,,,,,,,,,,,,,,,,,
	ResearchAndDevelopment,"1,134,277,000","288,953,000","289,105,000","285,227,000","270,992,000","290,309,000","250,934,000","250,821,000","241,668,000","235,372,000","240,542,000","231,814,000","228,210,000","218,271,000","223,231,000","219,129,000","224,185,000","203,468,000","206,568,000","195,901,000","198,286,000","181,516,000","191,547,000","182,371,000","179,906,000","161,970,000","154,627,000","157,974,000","162,996,000","155,124,000","148,744,000","152,672,000","146,466,000","135,465,000","138,078,000","136,395,000","124,084,000","118,382,000","115,078,000","112,031,000","108,594,000","97,024,000","103,154,000","99,268,000","101,299,000","97,828,000","97,275,000","91,880,000","89,430,000","81,309,000","88,049,000","90,653,000","94,692,000","99,984,000","112,486,000","120,087,000","125,356,000","128,614,000","125,391,000","122,962,000","117,065,000","117,931,000","110,335,000","115,537,000","116,261,000","94,797,000","93,539,000","91,418,000","90,386,000","87,713,000","85,300,000","91,090,000","87,151,000","82,444,000","84,179,000","88,376,000","85,122,000","85,322,000","84,647,000","78,255,000","78,190,000","78,200,000","74,247,000","73,902,000","70,980,000","68,988,000","66,614,000","65,772,000","62,573,000","59,507,000","58,447,000","50,359,000","45,201,000","49,872,000","44,854,000","42,961,000","41,707,000","39,396,000","35,927,000","33,799,000","31,252,000","30,154,000","29,913,000","29,221,000","26,013,000","23,356,000","21,695,000","22,652,000","20,863,000","18,428,000","18,858,000","18,299,000","16,989,000",,,,,,,,,,,,,,,,,,,,,,,,,,,,,,,,
	DepreciationAmortizationDepletionIncomeStatement,"19,640,000","4,979,000","5,000,000","5,030,000","4,631,000","4,775,000","4,438,000","4,590,000","4,206,000","2,787,000","2,874,000","3,159,000","3,308,000","3,468,000","3,470,000","3,518,000","3,630,000","3,571,000","3,453,000","3,836,000","3,856,000","3,889,000","3,889,000","4,537,000","5,780,000","5,679,000","5,687,000","6,119,000","6,231,000","6,912,000","6,316,000","5,579,000","5,210,000","5,157,000","5,141,000","5,327,000","3,791,000","3,772,000","3,876,000","3,643,000","3,786,000","3,786,000","3,786,000","4,505,000","4,459,000","4,459,000","4,459,000","2,551,000","2,691,000","2,726,000","2,726,000","2,828,000","3,140,000","5,526,000","5,626,000","5,820,000","5,760,000","5,760,000","4,739,000","4,413,000","4,509,000","5,159,000","4,606,000","5,026,000","8,350,000","8,562,000","13,912,000","14,677,000","10,611,000","20,512,000","18,513,000","24,215,000","23,868,000","-7,081,000","40,338,000","35,534,000","34,906,000","38,136,000","32,499,000","26,502,000","22,142,000","22,731,000","26,475,000","33,103,000","27,932,000","31,711,000","20,648,000","19,868,000","19,666,000","19,385,000","16,833,000","12,856,000","12,457,000",,,,,,,,,,,,,,,,,,,,,"10,400,000","22,000,000","11,600,000","11,100,000","9,900,000","8,400,000","9,500,000","9,800,000","20,300,000","6,600,000","6,600,000","6,300,000","4,900,000","6,400,000","4,400,000","4,400,000","5,100,000","3,200,000",,,,,,,,,,,,,,
		DepreciationAndAmortizationInIncomeStatement,"19,640,000","4,979,000","5,000,000","5,030,000","4,631,000","4,775,000","4,438,000","4,590,000","4,206,000","2,787,000","2,874,000","3,159,000","3,308,000","3,468,000","3,470,000","3,518,000","3,630,000","3,571,000","3,453,000","3,836,000","3,856,000","3,889,000","3,889,000","4,537,000","5,780,000","5,679,000","5,687,000","6,119,000","6,231,000","6,912,000","6,316,000","5,579,000","5,210,000","5,157,000","5,141,000","5,327,000","3,791,000","3,772,000","3,876,000","3,643,000","3,786,000","3,786,000","3,786,000","4,505,000","4,459,000","4,459,000","4,459,000","2,551,000","2,691,000","2,726,000","2,726,000","2,828,000","3,140,000","5,526,000","5,626,000","5,820,000","5,760,000","5,760,000","4,739,000","4,413,000","4,509,000","5,159,000","4,606,000","5,026,000","8,350,000","8,562,000","13,912,000","14,677,000","10,611,000","20,512,000","18,513,000","24,215,000","23,868,000","-7,081,000","40,338,000","35,534,000","34,906,000","38,136,000","32,499,000","26,502,000","22,142,000","22,731,000","26,475,000","33,103,000","27,932,000","31,711,000","20,648,000","19,868,000","19,666,000","19,385,000","16,833,000","12,856,000","12,457,000",,,,,,,,,,,,,,,,,,,,,"10,400,000","22,000,000","11,600,000","11,100,000","9,900,000","8,400,000","9,500,000","9,800,000","20,300,000","6,600,000","6,600,000","6,300,000","4,900,000","6,400,000","4,400,000","4,400,000","5,100,000","3,200,000",,,,,,,,,,,,,,
			Amortization,"19,640,000","4,979,000","5,000,000","5,030,000","4,631,000","4,775,000","4,438,000","4,590,000","4,206,000","2,787,000","2,874,000","3,159,000","3,308,000","3,468,000","3,470,000","3,518,000","3,630,000","3,571,000","3,453,000","3,836,000","3,856,000","3,889,000","3,889,000","4,537,000","5,780,000","5,679,000","5,687,000","6,119,000","6,231,000","6,912,000","6,316,000","5,579,000","5,210,000","5,157,000","5,141,000","5,327,000","3,791,000","3,772,000","3,876,000","3,643,000","3,786,000","3,786,000","3,786,000","4,505,000","4,459,000","4,459,000","4,459,000","2,551,000","2,691,000","2,726,000","2,726,000","2,828,000","3,140,000","5,526,000","5,626,000","5,820,000","5,760,000","5,760,000","4,739,000","4,413,000","4,509,000","5,159,000","4,606,000","5,026,000","8,350,000","8,562,000","13,912,000","14,677,000","10,611,000","20,512,000","18,513,000","24,215,000","23,868,000","-7,081,000","40,338,000","35,534,000","34,906,000","38,136,000","32,499,000","26,502,000","22,142,000","22,731,000","26,475,000","33,103,000","27,932,000","31,711,000","20,648,000","19,868,000","19,666,000","19,385,000","16,833,000","12,856,000","12,457,000",,,,,,,,,,,,,,,,,,,,,,,,,,,,,,,,,,,,,,,,,,,,,,,,,,,,
				AmortizationOfIntangiblesIncomeStatement,"19,640,000","4,979,000","5,000,000","5,030,000","4,631,000","4,775,000","4,438,000","4,590,000","4,206,000","2,787,000","2,874,000","3,159,000","3,308,000","3,468,000","3,470,000","3,518,000","3,630,000","3,571,000","3,453,000","3,836,000","3,856,000","3,889,000","3,889,000","4,537,000","5,780,000","5,679,000","5,687,000","6,119,000","6,231,000","6,912,000","6,316,000","5,579,000","5,210,000","5,157,000","5,141,000","5,327,000","3,791,000","3,772,000","3,876,000","3,643,000","3,786,000","3,786,000","3,786,000","4,505,000","4,459,000","4,459,000","4,459,000","2,551,000","2,691,000","2,726,000","2,726,000","2,828,000","3,140,000","5,526,000","5,626,000","5,820,000","5,760,000","5,760,000","4,739,000","4,413,000","4,509,000","5,159,000","4,606,000","5,026,000","8,350,000","8,562,000","13,912,000","14,677,000","10,611,000","20,512,000","18,513,000","24,215,000","23,868,000","-7,081,000","40,338,000","35,534,000","34,906,000","38,136,000","32,499,000","26,502,000","22,142,000","22,731,000","26,475,000","33,103,000","27,932,000","31,711,000","20,648,000","19,868,000","19,666,000","19,385,000","16,833,000","12,856,000","12,457,000",,,,,,,,,,,,,,,,,,,,,,,,,,,,,,,,,,,,,,,,,,,,,,,,,,,,
	OtherOperatingExpenses,,,,,,,,,,,,,,,,,,,,,,,,,,,,,,,,,,,,,,,,,,,,,,,,,,,,,,,,,"600,000",,,,,,"-428,000",,,,,"8,635,000",,,"2,000,000","7,000,000",,"0","-12,500,000","3,800,000",,,,,,,,,"17,084,000","-3,280,000","10,101,000",,,"13,290,000","12,171,000","19,648,000","14,192,000","-100,696,000","278,333,000",,"85,957,000","9,939,000",,"22,366,000","11,748,000",,,,,,,,,,,"-2,050,000","12,104,000",,,,,,,,,,,,,,,,,,,,,,,,,,,,,,,,
OperatingIncome,"778,041,000","195,567,000","193,797,000","185,011,000","203,666,000","195,523,000","169,285,000","151,675,000","138,284,000","118,708,000","120,640,000","133,362,000","127,707,000","127,389,000","103,458,000","92,609,000","83,842,000","93,456,000","80,330,000","81,761,000","77,814,000","79,459,000","66,943,000","66,832,000","72,622,000","82,187,000","78,204,000","75,906,000","53,644,000","73,641,000","65,076,000","35,471,000","42,708,000","53,204,000","48,016,000","47,798,000","57,988,000","56,325,000","59,498,000","50,663,000","45,299,000","45,782,000","31,744,000","25,708,000","17,503,000","3,243,000","-4,765,000","4,902,000","-6,394,000","2,287,000","-10,316,000","-35,250,000","-48,936,000","-57,659,000","-61,052,000","19,031,000","-27,003,000","112,364,000","80,480,000","72,151,000","45,912,000","102,015,000","66,161,000","42,029,000","13,489,000","90,581,000","34,017,000","23,100,000","15,868,000","77,417,000","35,307,000","12,594,000","-1,604,000","64,535,000","16,958,000","-1,564,000","-21,357,000","190,887,000","21,892,000","42,395,000","53,877,000","49,795,000","50,391,000","30,450,000","12,082,000","57,253,000","17,027,000","6,248,000","-17,113,000","-32,020,000","-53,783,000","-4,347,000","76,569,000","205,789,000","-185,305,000","90,245,000","-5,541,000","83,734,000","74,615,000","37,382,000","38,277,000","-40,729,000","49,982,000","43,433,000","38,573,000","42,588,000","32,666,000","24,117,000","18,489,000","34,097,000","17,136,000","13,000,000","-5,479,000","14,900,000","4,800,000","500,000","-22,600,000","22,800,000","14,900,000","15,800,000","12,400,000","-30,200,000","5,900,000","1,800,000","8,700,000","14,700,000","14,200,000","13,600,000","12,700,000","15,000,000","9,400,000","29,700,000","24,800,000","-26,500,000","18,100,000","15,200,000","13,100,000","-12,300,000","6,100,000","5,700,000","4,900,000","-10,100,000","4,200,000","4,100,000","4,100,000"
NetNonOperatingInterestIncomeExpense,"-14,346,000","-1,617,000","-4,196,000","-4,316,000","-4,217,000","-1,056,000","-5,325,000","-5,914,000","-4,637,000","5,287,000","-4,240,000","-4,976,000","-5,391,000","3,752,000","-5,177,000","-6,669,000","-6,975,000","-2,833,000","-6,225,000","-6,248,000","-6,479,000","-3,447,000","-6,053,000","-5,896,000","-5,357,000","-1,533,000","-4,177,000","-8,180,000","-11,754,000","-11,624,000","-7,016,000","-6,871,000","-6,782,000","-8,777,000","-9,217,000","-9,044,000","-8,837,000","-8,724,000","-8,087,000","-8,566,000","-8,200,000","-10,153,000","-10,512,000","-10,444,000","-10,613,000","-10,116,000","-10,173,000","-7,670,000","-7,183,000","-6,736,000","-7,000,000","-6,516,000","-6,019,000",,,,,,,,,,,,,,,,,,,,,,,,,,,,,,,,,,,,,,,,,,,,,,,,,,,,,,,,,,,,,,,,,,,,,,,,,,,,,,,,,,,,,,,,,,,,
	InterestIncomeNonOperating,"2,634,000",,,,,,,,,,,,,,,,,,,,,,,,,,,,,"337,000","507,000","498,000","486,000","431,000","366,000","484,000","425,000","178,000","650,000",,"337,000","288,000","318,000","324,000","373,000","348,000","303,000","302,000","248,000","544,000","278,000","750,000","1,029,000",,,,,,,,,,,,,,,,,,,,,,,,,,,,,,,,,,,,,,,,,,,,,,,,,,,,,,,,,,,,,,,,,,,,,,,,,,,,,,,,,,,,,,,,,,,,
	InterestExpenseNonOperating,"16,980,000","4,251,000","4,196,000","4,316,000","4,217,000","4,873,000","5,325,000","5,914,000","4,637,000","4,222,000","4,240,000","4,976,000","5,391,000","4,318,000","5,177,000","6,669,000","6,975,000","6,712,000","6,225,000","6,248,000","6,479,000","6,364,000","6,053,000","5,896,000","5,357,000","4,200,000","4,177,000","8,180,000","11,754,000","11,961,000","7,523,000","7,369,000","7,268,000","9,208,000","9,583,000","9,528,000","9,262,000","8,902,000","8,737,000","8,566,000","8,537,000","10,441,000","10,830,000","10,768,000","10,986,000","10,464,000","10,476,000","7,972,000","7,431,000","7,280,000","7,278,000","7,266,000","7,048,000",,,,,,,,,,,,,,,,,,,,,,,,,,,,,,,,,,,,,,,,,,,,,,,,,,,,,,,,,,,,,,,,,,,,,,,,,,,,,,,,,,,,,,,,,,,,
OtherIncomeExpense,"4,740,000","71,000","-921,000","2,612,000","2,978,000","-8,278,000","1,753,000","4,905,000","-3,467,000","-18,570,000","308,000","203,000","5,930,000","-22,504,000","1,278,000","4,085,000","1,302,000","-13,672,000","12,442,000","1,853,000","2,847,000","-23,778,000","2,735,000","2,916,000","-9,823,000","-504,000","1,536,000","1,845,000","422,000","4,687,000","-11,951,000","1,163,000","2,500,000","-14,994,000","2,083,000","-1,122,000","1,898,000","5,127,000","-838,000","3,626,000","2,148,000","-2,404,000","7,359,000","7,319,000","4,137,000","-26,799,000","-1,528,000","-3,085,000","6,800,000","-9,322,000","2,814,000","-21,811,000","-6,658,000","-1,396,493,000","-55,834,000","-6,454,000","-3,612,000","48,000","5,980,000","3,139,000","8,253,000","-33,181,000","145,000","15,029,000","27,980,000","3,192,000","885,000","-29,367,000","-12,982,000","-2,663,000","-7,208,000","-13,144,000","-8,064,000","-15,220,000","-48,079,000","-11,344,000","-792,000","202,450,000","-7,092,000","-92,745,000","-23,805,000","11,881,000","155,095,000","-67,168,000","-17,462,000","3,835,000","-8,528,000","1,407,000","1,046,000","-12,716,000","-11,651,000","-19,507,000","-14,797,000","101,652,000","-277,005,000","2,576,000","-83,338,000","-6,712,000","4,386,000","-19,111,000","3,007,000","-98,970,000","-1,196,000","-764,000","-395,000","245,000","17,208,000","207,000","-423,000","3,866,000","-4,493,000","2,493,000","-11,757,000","900,000","400,000","600,000","500,000","1,600,000","1,300,000","400,000","300,000","1,600,000","1,000,000","1,600,000","1,000,000","1,900,000","400,000","1,200,000","1,100,000","200,000","800,000",,,,,,,,,,,,,,
	GainOnSaleOfSecurity,"3,954,000",,,,,,,,,,,,,,,,,,,,,,,,,,,,,"3,478,000","967,000","1,085,000","2,807,000","104,000","2,064,000","1,922,000","2,081,000","4,846,000","545,000",,"217,000","872,000","6,638,000","8,018,000","3,942,000","2,933,000","-1,802,000","1,344,000","5,591,000","5,607,000","3,684,000","-1,623,000","-6,368,000",,,,,,,,,,,,,,,,,,,,,,,,,,,,,,,,,,,,,,,,,,,,,,,,,,,,,,,,,,,,,,,,,,,,,,,,,,,,,,,,,,,,,,,,,,,,
	EarningsFromEquityInterest,,,,,,,,,,,,,,,,,,,,,,,,,,,,,,,,,,,,,,,"-251,000",,"34,000","-32,000","-39,000","-35,000","-30,000","-28,000","-32,000","-46,000","-27,000","-131,000","-138,000","-85,000","-146,000",,,"-385,000","-333,000","-523,000","-784,000","-1,083,000","-637,000",,,,,,,,,,,,,,,,,,,,,,,,,,,,,,,,,,,,,,,,,,,,,,,,,,,,,,,,,,,,,,,,,,,,,,,,,,,,,,,,,,,,
	SpecialIncomeCharges,"1,048,000","80,000","222,000","469,000","277,000","-10,544,000","-13,000","275,000","1,067,000","-9,809,000","186,000","313,000","689,000","-13,699,000","172,000","447,000","1,991,000","-12,178,000","55,000","929,000","1,788,000","-25,419,000","-101,000","74,000","-14,586,000","-347,000","-303,000","498,000","-4,359,000","1,145,000","-12,983,000","26,000","-396,000","-15,405,000","-86,000","-2,656,000","148,000","-209,000","-1,132,000","3,626,000","1,897,000","-3,244,000","760,000","-664,000","225,000","-29,704,000","306,000","-4,383,000","1,236,000","-14,798,000","-732,000","-20,103,000","-144,000","-1,396,493,000","-55,834,000","-6,069,000","-3,279,000","571,000","6,764,000","4,222,000","8,890,000","-31,981,000","145,000","15,029,000","27,980,000","3,192,000","885,000","-29,367,000","-12,982,000","-2,663,000","-7,208,000","-13,144,000","-8,064,000","-15,220,000","-48,079,000","-11,344,000","-792,000","202,450,000","-7,092,000","-92,745,000","-23,805,000","11,881,000","155,095,000","-67,168,000","-17,462,000","3,835,000","-8,528,000","1,407,000","1,046,000","-12,716,000","-11,651,000","-19,507,000","-14,797,000","101,652,000","-277,005,000","2,576,000","-83,338,000","-6,712,000","4,386,000","-19,111,000","3,007,000","-98,970,000","-1,196,000","-764,000","-395,000","245,000","17,208,000","207,000","-423,000","3,866,000","-4,493,000","2,493,000","-11,757,000","900,000","400,000","600,000","500,000","1,600,000","1,300,000","400,000","300,000","1,600,000","1,000,000","1,600,000","1,000,000","1,900,000","400,000","1,200,000","1,100,000","200,000","800,000",,,,,,,,,,,,,,
		RestructuringAndMergernAcquisition,"-1,048,000","-80,000","-222,000","-469,000","-277,000","10,544,000","13,000","-275,000","-1,067,000","9,809,000","-186,000","-313,000","-689,000","13,699,000","-172,000","-447,000","-1,991,000","12,178,000","-55,000","-929,000","-1,788,000","26,342,000","101,000","-74,000","14,586,000","347,000","303,000","-498,000","4,359,000","-1,145,000","11,027,000","-26,000","396,000","15,405,000","86,000","2,656,000","-148,000","64,000","57,000","43,000","-51,000","83,000","-433,000","751,000","-41,000","13,225,000","-1,682,000","-317,000","-1,074,000","13,543,000","-175,000","18,528,000","-520,000","-1,318,000","48,120,000","-355,000",,"-102,000","-7,066,000","-1,573,000","-945,000","-1,500,000","413,000","-281,000","-430,000","549,000","3,782,000","13,514,000","17,489,000","4,142,000","1,036,000","2,929,000","5,435,000","2,610,000","62,874,000","1,352,000",,"15,965,000","6,600,000","82,923,000","28,808,000","-10,619,000","-154,818,000","67,704,000",,,,,,,,,,,,,,,,,,,,,,,,,,,,,,,,,,,,,,,,,,,,,,,,,,,,,,,,,,,,,
		WriteOff,,,,,,,,,,,,,,,,,,,,,,,,,,,,,,"0","1,956,000",,,"0","0",,,"0","1,081,000",,,"0","0","0",,"0","0","1,500,000","0","-7,000","601,000","613,000","3,993,000",,,,,,,,,,,,,,,,,,,,,,,,,,,,,,,,,,,,,,,,,,,,,,,,,,,,,,,,,,,,,,,,,,,,,,,,,,,,,,,,,,,,,,,,,,,,
		OtherSpecialCharges,,,,,,,,,,,,,,,,,,,,,,,,,,,,,,,,,,,,,,,"-6,000","-3,669,000","-1,846,000","3,161,000","-327,000","-87,000","-184,000","16,479,000","1,376,000","3,200,000","-162,000","1,262,000","306,000","962,000","-3,329,000","32,942,000","7,714,000","6,424,000",,"-469,000","302,000","-2,649,000","-7,945,000","33,481,000","-558,000","-14,748,000","-27,550,000","-3,741,000","-4,667,000","15,853,000","-4,507,000","-1,479,000","6,172,000","10,215,000","2,629,000","12,610,000","-14,795,000","9,992,000",,"-218,415,000","492,000","9,822,000","-5,003,000","-1,262,000","-277,000","-536,000",,,,,,,,,,,,,,,,,,,,,,,,,,,,,,,,,,,,,,,,,,,,,,,,,,,,,,,,,,,,,
	OtherNonOperatingIncomeExpenses,"-262,000","-3,963,000","-1,143,000","2,143,000","2,701,000","-2,090,000","1,766,000","4,630,000","-4,534,000","-5,963,000","122,000","-110,000","5,241,000","-4,526,000","1,106,000","3,638,000","-689,000","-14,173,000","12,387,000","924,000","1,059,000","-9,964,000","2,836,000","2,842,000","4,763,000","-7,763,000","1,839,000","1,347,000","4,781,000","64,000","65,000","52,000","89,000","307,000","105,000","-388,000","-331,000","5,369,000",,,,,,,,,,,,,,,,,,,,,,,,,,,,,,,,,,,,,,,,,,,,,,,,,,,,,,,,,,,,,,,,,,,,,,,,,,,,,,,,,,,,,,,,,,,,,,,,,,,,,,,,,,,
PretaxIncome,"768,435,000","194,054,000","188,695,000","183,265,000","202,421,000","186,189,000","165,713,000","150,666,000","130,180,000","105,425,000","116,708,000","128,589,000","128,246,000","108,637,000","99,559,000","90,025,000","78,169,000","76,951,000","86,547,000","77,366,000","74,182,000","52,234,000","63,625,000","63,852,000","57,442,000","80,150,000","75,563,000","69,571,000","42,312,000","66,704,000","46,109,000","29,763,000","38,426,000","29,433,000","40,882,000","37,632,000","51,049,000","52,728,000","50,573,000","45,723,000","39,247,000","33,225,000","28,591,000","22,583,000","11,027,000","-33,672,000","-16,466,000","-5,853,000","-6,777,000","-13,813,000","-14,502,000","-63,577,000","-61,613,000","-1,436,911,000","-120,066,000","14,756,000","-24,235,000","120,057,000","96,220,000","84,867,000","62,927,000","77,490,000","72,782,000","53,677,000","37,929,000","92,270,000","33,685,000","1,023,000","1,505,000","64,376,000","28,535,000","4,751,000","-11,225,000","48,019,000","-46,013,000","-9,748,000","-22,823,000","163,444,000","14,800,000","-50,350,000","30,072,000","61,676,000","205,486,000","-36,718,000","11,704,000","57,808,000","18,600,000","7,655,000","-16,067,000","-31,446,000","-53,263,000","-4,206,000","45,964,000","206,745,000","-183,977,000","92,821,000","-2,922,000","61,337,000","79,001,000","40,637,000","53,032,000","-39,156,000","48,786,000","42,669,000","38,178,000","42,833,000","49,874,000","24,324,000","18,066,000","27,909,000","12,643,000","13,443,000","-5,132,000",,"5,000,000","1,100,000","-22,000,000","23,600,000","16,100,000","16,000,000","12,600,000","-31,500,000","6,900,000","3,400,000","9,700,000","15,800,000","14,600,000","14,800,000","13,800,000","14,400,000","10,300,000",,,,,,,,,,,,,,
TaxProvision,"72,480,000","17,475,000","12,388,000","27,365,000","15,252,000","12,451,000","4,083,000","19,378,000","6,192,000","-554,250,000","15,194,000","21,354,000","7,691,000","10,212,000","241,000","14,876,000","5,284,000","91,393,000","5,390,000","8,239,000","5,923,000","13,757,000","-1,087,000","14,517,000","6,880,000","-224,000","-2,061,000","11,411,000","6,053,000","1,674,000","8,574,000","6,500,000","5,356,000","-8,272,000","2,382,000","28,203,000","-27,560,000","-261,146,000","-8,011,000","9,337,000","8,143,000","22,333,000","485,000","-4,325,000","4,704,000","3,365,000","-143,219,000","-54,460,000","5,008,000","-15,603,000","-455,000","10,780,000","1,644,000","202,044,000","49,000,000","9,760,000","-5,488,000","554,000","23,488,000","25,271,000","18,506,000","29,125,000","30,722,000","23,289,000","16,568,000","65,704,000","12,414,000","540,000","482,000","4,581,000","8,904,000","948,000","-2,470,000","23,621,000","-31,018,000","-1,895,000","-3,707,000","74,750,000","6,569,000","-4,029,000","8,727,000","22,747,000","78,061,000","-7,829,000","7,882,000","15,319,000","4,929,000","2,029,000","-4,258,000","-8,962,000","-11,817,000","-1,199,000","24,186,000","22,909,000","8,785,000","26,454,000","22,537,000","26,088,000","23,700,000","12,191,000","15,910,000","18,660,000","16,099,000","14,081,000","12,599,000","11,993,000","13,965,000","7,353,000","4,516,000","6,977,000","3,160,000","3,361,000","-1,283,000",,"1,300,000","300,000","-5,700,000","3,600,000","3,400,000","3,100,000","2,900,000","3,600,000","2,300,000","1,100,000","3,200,000","4,500,000","4,100,000","4,900,000","4,800,000","4,800,000","3,600,000",,,,,,,,,,,,,,
NetIncomeCommonStockholders,"695,955,000","176,579,000","176,307,000","155,900,000","187,169,000","173,738,000","161,630,000","131,288,000","123,988,000","659,675,000","101,514,000","107,235,000","120,555,000","98,425,000","99,318,000","75,149,000","72,885,000","-14,442,000","81,157,000","69,127,000","68,259,000","38,477,000","64,712,000","49,335,000","50,562,000","80,374,000","77,624,000","58,160,000","36,259,000","65,030,000","37,535,000","23,263,000","33,070,000","37,705,000","38,500,000","9,429,000","78,609,000","313,874,000","58,584,000","36,386,000","31,104,000","10,892,000","28,106,000","26,908,000","6,323,000","-37,037,000","126,753,000","48,607,000","-11,785,000","1,790,000","-14,047,000","-74,357,000","-63,257,000","-1,638,955,000","-169,066,000","4,996,000","-18,747,000","119,503,000","72,732,000","59,596,000","44,421,000","48,365,000","42,060,000","30,388,000","21,779,000","26,566,000","21,271,000","483,000","1,023,000","59,795,000","19,631,000","3,803,000","-8,755,000","24,398,000","-14,995,000","-7,853,000","-19,116,000","88,694,000","8,231,000","-46,321,000","21,345,000","38,929,000","127,425,000","-28,889,000","3,822,000","42,489,000","13,671,000","5,626,000","-11,809,000","-22,484,000","-41,446,000","-3,007,000","51,778,000","183,836,000","-192,762,000","66,367,000","-25,459,000","48,597,000","55,301,000","28,446,000","37,122,000","-57,816,000","32,687,000","28,588,000","25,579,000","30,840,000","35,909,000","16,971,000","13,550,000","20,932,000","9,483,000","10,082,000","-3,849,000","-1,100,000","3,700,000","800,000","-16,300,000","19,900,000","12,600,000","12,700,000","9,400,000","-36,400,000","4,600,000","2,300,000","6,500,000","11,300,000","10,500,000","9,900,000","9,000,000","9,600,000","6,700,000",,,,,,,,,,,,,,
	NetIncome,"695,955,000","176,579,000","176,307,000","155,900,000","187,169,000","173,738,000","161,630,000","131,288,000","123,988,000","659,675,000","101,514,000","107,235,000","120,555,000","98,425,000","99,318,000","75,149,000","72,885,000","-14,442,000","81,157,000","69,127,000","68,259,000","38,477,000","64,712,000","49,335,000","50,562,000","80,374,000","77,624,000","58,160,000","36,259,000","65,030,000","37,535,000","23,263,000","33,070,000","37,705,000","38,500,000","9,429,000","78,609,000","313,874,000","58,584,000","36,386,000","31,104,000","10,892,000","28,106,000","26,908,000","6,323,000","-37,037,000","126,753,000","48,607,000","-11,785,000","1,790,000","-14,047,000","-74,357,000","-63,257,000","-1,638,955,000","-169,066,000","4,996,000","-18,747,000","119,503,000","72,732,000","59,596,000","44,421,000","48,365,000","42,060,000","30,388,000","21,779,000","26,566,000","21,271,000","483,000","1,023,000","59,795,000","19,631,000","3,803,000","-8,755,000","24,398,000","-14,995,000","-7,853,000","-19,116,000","88,694,000","8,231,000","-46,321,000","21,345,000","38,929,000","127,425,000","-28,889,000","3,822,000","42,489,000","13,671,000","5,626,000","-11,809,000","-22,484,000","-41,446,000","-3,007,000","51,778,000","183,836,000","-192,762,000","66,367,000","-25,459,000","48,597,000","55,301,000","28,446,000","37,122,000","-57,816,000","32,687,000","28,588,000","25,579,000","30,840,000","35,909,000","16,971,000","13,550,000","20,932,000","9,483,000","10,082,000","-3,849,000","-1,100,000","3,700,000","800,000","-16,300,000","20,000,000","12,700,000","12,900,000","9,700,000","-35,100,000","4,600,000","2,300,000","6,500,000","11,300,000","10,500,000","9,900,000","9,000,000","9,600,000","6,700,000",,,,,,,,,,,,,,
		NetIncomeIncludingNoncontrollingInterests,"695,955,000","176,579,000","176,307,000","155,900,000","187,169,000","173,738,000","161,630,000","131,288,000","123,988,000","659,675,000","101,514,000","107,235,000","120,555,000","98,425,000","99,318,000","75,149,000","72,885,000","-14,442,000","81,157,000","69,127,000","68,259,000","38,477,000","64,712,000","49,335,000","50,562,000","80,374,000","77,624,000","58,160,000","36,259,000","65,030,000","37,535,000","23,263,000","33,070,000","37,705,000","38,500,000","9,429,000","78,609,000","313,874,000","58,584,000","36,386,000","31,104,000","10,892,000","28,106,000","26,908,000","6,323,000","-37,037,000","126,753,000","48,607,000","-11,785,000","1,790,000","-14,047,000","-74,357,000","-63,257,000","-1,638,955,000","-169,066,000","4,996,000","-18,747,000","119,503,000","72,732,000","59,596,000","44,421,000","48,365,000","42,060,000","30,388,000","21,779,000","26,566,000","21,271,000","483,000","1,023,000","59,795,000","19,631,000","3,803,000","-8,755,000","24,398,000","-14,995,000","-7,853,000","-19,116,000","88,694,000","8,231,000","-46,321,000","21,345,000","38,929,000","127,425,000","-28,889,000","3,822,000","42,489,000","13,671,000","5,626,000","-11,809,000","-22,484,000","-41,446,000","-3,007,000","51,778,000","183,836,000","-192,762,000","66,367,000","-25,459,000","48,597,000","55,301,000","28,446,000","37,122,000","-57,816,000","32,687,000","28,588,000","25,579,000","30,840,000","35,909,000","16,971,000","13,550,000","20,932,000","9,483,000","10,082,000","-3,849,000","-1,100,000","3,700,000","800,000","-16,300,000","20,000,000","12,700,000","12,900,000","9,700,000","-35,100,000","4,600,000","2,300,000","6,500,000","11,300,000","10,500,000","9,900,000","9,000,000","9,600,000","6,700,000","6,100,000","5,400,000","4,800,000","4,400,000","1,500,000","2,400,000","1,200,000","900,000","800,000","300,000","400,000","400,000","400,000","300,000"
			NetIncomeContinuousOperations,"695,955,000","176,579,000","176,307,000","155,900,000","187,169,000","173,738,000","161,630,000","131,288,000","123,988,000","659,675,000","101,514,000","107,235,000","120,555,000","98,425,000","99,318,000","75,149,000","72,885,000","-14,442,000","81,157,000","69,127,000","68,259,000","38,477,000","64,712,000","49,335,000","50,562,000","80,374,000","77,624,000","58,160,000","36,259,000","65,030,000","37,535,000","23,263,000","33,070,000","37,705,000","38,500,000","9,429,000","78,609,000","313,874,000","58,584,000","36,386,000","31,104,000","10,892,000","28,106,000","26,908,000","6,323,000","-37,037,000","126,753,000","48,607,000","-11,785,000","1,790,000","-14,047,000","-74,357,000","-63,257,000","-1,638,955,000","-169,066,000","4,996,000","-18,747,000","119,503,000","72,732,000","59,596,000","44,421,000","48,365,000","42,060,000","30,388,000","21,361,000","26,566,000","21,271,000","483,000","1,023,000","59,795,000","19,631,000","3,803,000","-8,755,000","24,398,000","-14,995,000","-7,853,000","-19,116,000","88,694,000","8,231,000","-46,321,000","21,345,000","38,929,000","127,425,000","-28,889,000","3,822,000","42,489,000","13,671,000","5,626,000","-11,809,000","-22,484,000","-41,446,000","-3,007,000","51,778,000","183,836,000","-192,762,000","66,367,000","-25,459,000","60,873,000","55,301,000","28,446,000","37,122,000","-57,816,000","32,687,000","28,588,000","25,579,000","30,840,000","35,909,000","16,971,000","13,550,000","20,932,000","9,483,000","10,082,000","-3,849,000","11,100,000","3,700,000","800,000","-16,300,000","20,000,000","12,700,000","12,900,000","9,700,000","-35,100,000","4,600,000","2,300,000","6,500,000","11,300,000","10,500,000","9,900,000","9,000,000","9,600,000","6,700,000","6,100,000","5,400,000","4,800,000","4,400,000","1,500,000","2,400,000","1,200,000","900,000","800,000","300,000","400,000","400,000","400,000","300,000"
			NetIncomeExtraordinary,,,,,,,,,,,,,,,,,,,,,,,,,,,,,,,,,,,,,,,,,,,,,,,,,,,,,,,,,,,,,,"0",,,"418,000",,,,,,,,,,,,,,,,,,,,,,,,,,,,,,,,,,,,,,,,,,,,,,,,,,,,,,,,,,,,,,,,,,,,,,,,,,,,,,,,
	PreferredStockDividends,,,,,,,,,,,,,,,,,,,,,,,,,,,,,,,,,,,,,,,,,,,,,,,,,,,,,,,,,,,,,,,,,,,,,,,,,,,,,,,,,,,,,,,,,,,,,,,,,,,,,,,,,,,,,,,,,,,,,,"100,000","100,000","200,000","300,000",,,,,,,,,,,,,,,,,,,,,,,,
DilutedNIAvailtoComStockholders,"695,955,000","176,579,000","176,307,000","155,900,000","187,169,000","173,738,000","161,630,000","131,288,000","123,988,000","659,675,000","101,514,000","107,235,000","120,555,000","98,425,000","99,318,000","75,149,000","72,885,000","-14,442,000","81,157,000","69,127,000","68,259,000","38,477,000","64,712,000","49,335,000","50,562,000","80,374,000","77,624,000","58,160,000","36,259,000","65,030,000","37,535,000","23,263,000","33,070,000","37,705,000","38,500,000","9,429,000","78,609,000","313,874,000","58,584,000","36,386,000","31,104,000","10,892,000","28,106,000","26,908,000","6,323,000","-37,037,000","126,753,000","48,607,000","-11,785,000","1,790,000","-14,047,000","-74,357,000","-63,257,000","-1,638,955,000","-169,066,000","4,996,000","-18,747,000","119,503,000","72,732,000","59,596,000","44,421,000","48,365,000","42,060,000","30,388,000","21,779,000","26,566,000","21,271,000","483,000","1,023,000","59,795,000","19,631,000","3,803,000","-8,755,000","24,398,000","-14,995,000","-7,853,000","-19,116,000","88,694,000","8,231,000","-46,321,000","21,345,000","38,929,000","127,425,000","-28,889,000","3,822,000","42,489,000","13,671,000","5,626,000","-11,809,000","-22,484,000","-41,446,000","-3,007,000","51,778,000","183,836,000","-192,762,000","66,367,000","-25,459,000","48,597,000","55,301,000","28,446,000","37,122,000","-57,816,000","32,687,000","28,588,000","25,579,000","30,840,000","35,909,000","16,971,000","13,550,000","20,932,000","9,483,000","10,082,000","-3,849,000","-1,100,000","3,700,000","800,000","-16,300,000","19,900,000","12,600,000","12,700,000","9,400,000","-36,400,000","4,600,000","2,300,000","6,500,000","11,300,000","10,500,000","9,900,000","9,000,000","9,600,000","6,700,000",,,,,,,,,,,,,,
BasicEPS,,"0.65","0.65","0.57","0.68","0.63","0.59","0.48","0.45","2.41","0.37","0.39","0.44","0.36","0.36","0.27","0.27","-0.05","0.3","0.25","0.25","0.14","0.23","0.17","0.17","0.27","0.27","0.2","0.13","0.23","0.13","0.08","0.12","0.13","0.14","0.03","0.29","1.15","0.22","0.13","0.12",,"0.11","0.1","0.02",,"0.49","0.19","-0.04",,"-0.05","-0.29","-0.25",,"-0.67","0.02","-0.07",,"0.27","0.22","0.16",,"0.15","0.11","0.08",,"0.08","0.002","0.004",,"0.07","0.01","-0.03",,"-0.06","-0.03","-0.07",,"0.03","-0.18","0.09",,"0.52","-0.12","0.02",,"0.06","0.02","-0.05",,"-0.17","-0.01","0.24",,"-0.91","0.31","-0.12",,"0.24","0.27","0.37",,"0.36","0.31","0.28",,"0.59","0.41","0.32",,"0.22","0.23","-0.09",,"0.02","0.01","-0.09",,"0.07","0.07","0.05",,"0.03","0.02","0.05",,"0.08","0.07","0.07",,"0.06","0.06","0.05",,"0.05","0.02","0.03",,"0.02","0.02","0.01",,"0.01","0.01","0.01"
DilutedEPS,,"0.63","0.63","0.56","0.67","0.62","0.58","0.47","0.44","2.36","0.36","0.38","0.43","0.35","0.35","0.27","0.26","-0.05","0.29","0.25","0.25","0.14","0.23","0.17","0.17","0.26","0.25","0.19","0.12","0.21","0.12","0.08","0.11","0.13","0.13","0.03","0.27","1.1","0.21","0.13","0.11",,"0.1","0.1","0.02",,"0.48","0.19","-0.04",,"-0.05","-0.29","-0.25",,"-0.67","0.02","-0.07",,"0.24","0.2","0.15",,"0.14","0.1","0.07",,"0.07","0.002","0.003",,"0.07","0.01","-0.03",,"-0.06","-0.03","-0.07",,"0.03","-0.18","0.08",,"0.5","-0.12","0.01",,"0.05","0.02","-0.05",,"-0.17","-0.01","0.22",,"-0.91","0.28","-0.12",,"0.24","0.27","0.37",,"0.36","0.31","0.28",,"0.59","0.41","0.32",,"0.22","0.23","-0.09",,"0.02","0.01","-0.09",,"0.07","0.07","0.05",,"0.03","0.02","0.05",,"0.08","0.07","0.07",,"0.06","0.06","0.05",,"0.05","0.02","0.03",,"0.02","0.02","0.01",,"0.01","0.01","0.01"
BasicAverageShares,,"273,066,000","273,194,000","273,565,000","274,021,000","273,985,000","273,996,000","273,432,000","273,476,000","273,234,000","273,329,000","273,159,000","273,066,000","273,680,000","273,716,000","273,564,000","273,773,000","273,157,000","273,156,000","271,887,000","270,173,000","272,578,000","280,622,000","288,191,000","296,615,000","297,433,000","284,818,000","285,297,000","284,523,000","283,928,000","284,462,000","283,344,000","281,615,000","280,083,000","278,977,000","277,146,000","274,936,000","272,884,000","271,350,000","269,739,000","267,940,000",,"264,723,000","263,191,000","261,533,000",,"258,606,000","262,163,000","262,597,000",,"259,193,000","256,883,000","254,302,000",,"252,915,000","252,629,000","262,825,000",,"272,977,000","274,425,000","269,660,000",,"279,329,000","282,313,000","281,642,000",,"281,222,000","277,000,000","274,201,000",,"270,509,000","272,362,000","271,477,000",,"266,755,000","267,887,000","268,358,000",,"267,300,000","251,250,000","249,720,000",,"246,487,000","248,020,000","245,994,000",,"244,597,000","244,404,000","244,629,000",,"242,877,000","241,978,000","217,092,000",,"212,292,000","212,210,000","210,014,000",,"231,388,000","106,458,000","99,652,000",,"90,171,000","91,841,000","91,272,000",,"61,263,000","41,280,000","42,103,000",,"43,044,000","44,576,000","41,208,000",,"185,000,000","181,111,111","181,111,111",,"180,000,000","181,428,571","188,000,000",,"153,333,333","115,000,000","130,000,000",,"131,250,000","141,428,571","128,571,429",,"111,666,667","104,984,000","96,684,000",,"100,284,000","99,404,000","99,404,000",,"45,250,000","44,956,000","44,956,000",,"38,608,000","38,608,000","38,608,000"
DilutedAverageShares,,"278,253,000","278,311,000","278,558,000","280,140,000","280,173,000","280,024,000","279,080,000","279,265,000","279,557,000","280,666,000","281,054,000","280,615,000","280,321,000","281,646,000","280,774,000","281,651,000","273,157,000","281,400,000","279,526,000","277,736,000","278,917,000","287,473,000","295,201,000","303,434,000","310,512,000","313,186,000","313,665,000","311,847,000","310,273,000","309,995,000","305,755,000","301,034,000","294,663,000","296,958,000","294,443,000","292,151,000","286,289,000","283,328,000","275,318,000","277,733,000",,"270,741,000","270,885,000","268,578,000",,"263,302,000","266,423,000","262,597,000",,"259,193,000","256,883,000","254,302,000",,"252,915,000","269,060,000","262,825,000",,"299,506,000","302,746,000","293,603,000",,"312,266,000","317,000,000","315,354,000",,"317,741,000","310,822,000","307,354,000",,"274,877,000","278,645,000","271,477,000",,"266,755,000","267,887,000","268,358,000",,"271,437,000","251,250,000","260,871,000",,"246,487,000","248,020,000","260,451,000",,"262,823,000","258,583,000","244,629,000",,"242,877,000","241,978,000","233,791,000",,"212,292,000","236,205,000","210,014,000",,"231,388,000","106,458,000","99,652,000",,"90,171,000","91,841,000","91,272,000",,"61,263,000","41,280,000","42,103,000",,"43,044,000","44,576,000","41,208,000",,"185,000,000","181,111,111","181,111,111",,"180,000,000","181,428,571","188,000,000",,"153,333,333","115,000,000","130,000,000",,"131,250,000","141,428,571","128,571,429",,"111,666,667","104,984,000","96,684,000",,"100,284,000","99,404,000","99,404,000",,"45,250,000","44,956,000","44,956,000",,"38,608,000","38,608,000","38,608,000"
TotalOperatingIncomeAsReported,"779,089,000","195,680,000","194,034,000","185,438,000","203,937,000","184,979,000","169,272,000","151,950,000","139,351,000","108,899,000","120,826,000","133,675,000","128,396,000","113,690,000","103,630,000","93,056,000","85,833,000","81,278,000","80,385,000","82,690,000","79,602,000","53,117,000","66,842,000","66,906,000","58,036,000","81,840,000","77,901,000","76,404,000","49,285,000","74,786,000","54,049,000","35,497,000","42,312,000","37,799,000","47,930,000","45,142,000","58,136,000","56,261,000","59,441,000","50,620,000","45,350,000","45,699,000","32,177,000","24,957,000","17,544,000","-25,782,000","-3,083,000","5,219,000","-5,320,000","-11,256,000","-10,141,000","-53,778,000","-48,416,000","-1,421,210,000","-109,172,000","19,386,000","-27,003,000","112,466,000","84,868,000","73,724,000","46,857,000","103,515,000","65,748,000","42,310,000","13,019,000","90,032,000","30,235,000","186,000","-1,621,000","64,275,000","34,271,000","9,665,000","-7,039,000","61,925,000","-45,916,000","-2,916,000","-23,057,000","174,922,000","15,292,000","-40,528,000","25,069,000","60,414,000","205,209,000","-37,254,000","12,082,000","57,253,000","17,027,000","6,248,000","-17,113,000","-32,020,000","-53,783,000","-4,347,000","76,569,000","205,789,000","-185,305,000","90,245,000","-5,541,000","83,734,000","74,615,000","37,382,000","38,277,000","-40,729,000","49,982,000","43,433,000","38,573,000","42,588,000","32,666,000","24,117,000","18,489,000","38,750,000","12,483,000","13,000,000","-5,479,000","14,900,000","4,800,000","500,000","-22,600,000","22,800,000","14,900,000","15,800,000","12,400,000","-30,200,000","5,900,000","1,800,000","8,700,000","14,700,000","14,200,000","13,600,000","12,700,000","15,000,000","9,400,000",,,,,,,,,,,,,,
TotalExpenses,"2,210,203,000","577,469,000","557,098,000","543,274,000","532,362,000","564,386,000","497,322,000","486,743,000","479,673,000","480,847,000","458,963,000","447,057,000","449,035,000","442,461,000","429,010,000","425,782,000","433,471,000","408,266,000","405,068,000","397,240,000","399,097,000","389,521,000","379,277,000","386,189,000","375,240,000","358,892,000","355,559,000","339,977,000","357,722,000","349,457,000","335,420,000","343,317,000","335,842,000","323,518,000","318,631,000","314,683,000","296,278,000","289,260,000","279,035,000","275,813,000","270,531,000","262,224,000","260,713,000","257,562,000","248,599,000","245,775,000","242,699,000","222,162,000","228,332,000","217,992,000","226,438,000","245,179,000","255,238,000","284,994,000","293,540,000","310,447,000","314,192,000","345,579,000","320,444,000","318,810,000","319,273,000","329,005,000","299,987,000","316,484,000","314,725,000","287,782,000","303,364,000","297,811,000","276,669,000","265,679,000","266,274,000","274,485,000","267,328,000","254,160,000","251,518,000","278,001,000","277,233,000","85,410,000","305,344,000","302,425,000","290,837,000","328,405,000","309,617,000","317,125,000","332,575,000","333,661,000","315,434,000","292,434,000","274,606,000","300,042,000","279,680,000","268,540,000","228,665,000","139,663,000","493,912,000","201,543,000","275,764,000","199,278,000","160,251,000","173,084,000","149,271,000","252,991,000","138,759,000","133,593,000","124,857,000","121,168,000","107,424,000","104,422,000","97,544,000","87,556,000","92,462,000","88,043,000","102,257,000","82,200,000","95,700,000","91,200,000","101,900,000","98,000,000","91,600,000","90,100,000","89,000,000","251,500,000","52,000,000","51,900,000","50,700,000","54,600,000","45,400,000","35,500,000","33,400,000","41,300,000","22,600,000",,,,,,,,,,,,,,
NetIncomeFromContinuingAndDiscontinuedOperation,"695,955,000","176,579,000","176,307,000","155,900,000","187,169,000","173,738,000","161,630,000","131,288,000","123,988,000","659,675,000","101,514,000","107,235,000","120,555,000","98,425,000","99,318,000","75,149,000","72,885,000","-14,442,000","81,157,000","69,127,000","68,259,000","38,477,000","64,712,000","49,335,000","50,562,000","80,374,000","77,624,000","58,160,000","36,259,000","65,030,000","37,535,000","23,263,000","33,070,000","37,705,000","38,500,000","9,429,000","78,609,000","313,874,000","58,584,000","36,386,000","31,104,000","10,892,000","28,106,000","26,908,000","6,323,000","-37,037,000","126,753,000","48,607,000","-11,785,000","1,790,000","-14,047,000","-74,357,000","-63,257,000","-1,638,955,000","-169,066,000","4,996,000","-18,747,000","119,503,000","72,732,000","59,596,000","44,421,000","48,365,000","42,060,000","30,388,000","21,361,000","26,566,000","21,271,000","483,000","1,023,000","59,795,000","19,631,000","3,803,000","-8,755,000","24,398,000","-14,995,000","-7,853,000","-19,116,000","88,694,000","8,231,000","-46,321,000","21,345,000","38,929,000","127,425,000","-28,889,000","3,822,000","42,489,000","13,671,000","5,626,000","-11,809,000","-22,484,000","-41,446,000","-3,007,000","51,778,000","183,836,000","-192,762,000","66,367,000","-25,459,000","60,873,000","55,301,000","28,446,000","37,122,000","-57,816,000","32,687,000","28,588,000","25,579,000","30,840,000","35,909,000","16,971,000","13,550,000","20,932,000","9,483,000","10,082,000","-3,849,000","-1,100,000","3,700,000","800,000","-16,300,000","20,000,000","12,700,000","12,900,000","9,700,000","-35,100,000","4,600,000","2,300,000","6,500,000","11,300,000","10,500,000","9,900,000","9,000,000","9,600,000","6,700,000",,,,,,,,,,,,,,
NormalizedIncome,"691,423,188","172,908,270.791","176,099,652","155,500,881","186,912,775","179,512,190.441","161,642,675","131,048,475","122,972,216","668,878,110","101,352,180","106,973,958","119,907,340","114,713,047.811","99,146,344","74,775,755","71,029,388","-14,742,600","81,105,410","68,296,474","66,614,040","48,652,772.064","64,772,600","49,277,798","63,397,680","76,018,600","77,805,800","57,743,672","39,994,663","60,523,018.56","47,316,024","22,394,198","30,994,129","47,650,650","36,636,724","9,906,100","77,160,150","310,859,950","58,965,550","33,500,458.019","29,428,614.467","12,433,800","20,833,495.086","22,127,900","3,614,450","-19,635,850","127,725,400","50,582,350","-16,222,550","7,764,150","-16,906,381.051","-60,235,100","-59,024,200","-731,234,550","-132,773,900","8,940,850","-16,210,527.419","118,934,634.865","67,619,141.467","56,631,192.572","38,145,431.643","68,325,782.875","41,973,000","21,370,600","4,573,000","24,650,800","20,712,150.809","18,103,200","9,847,309.635","62,268,500.761","24,589,831.19","14,324,286.466","-2,465,439.198","33,530,000","13,852,400","1,285,739.434","-18,452,639.706","-32,776,000","12,486,200","39,002,557.994","38,241,705.407","31,429,884.477","31,248,227.008","23,957,460.918","14,299,200","39,670,267.039","19,939,080","4,591,933.116","-12,577,794.05","-13,392,015.519","-32,379,906.352","10,939,160.01","60,656,200","93,447,854.836","-26,559,000","64,525,160.416","24,543,800","64,900,200","52,230,783.345","41,823,747.029","35,017,122.681","1,566,000","33,488,329.316","29,099,875.882","25,843,647.31","30,663,598.627","23,519,336.608","16,826,574.864","13,867,261.707","18,032,465.37","12,853,016.531","8,212,296.362","4,968,750","10,560,000","3,404,000","363,636.364","-16,670,454.545","18,644,067.797","11,674,534.161","12,577,500","9,469,047.619","-36,060,000","3,933,333.333","1,217,647.059","5,829,896.907","9,941,139.241","10,212,328.767","9,097,297.297","8,282,608.696","9,466,666.667","6,179,611.65",,,,,,,,,,,,,,
InterestIncome,"2,634,000",,,,,,,,,,,,,,,,,,,,,,,,,,,,,"337,000","507,000","498,000","486,000","431,000","366,000","484,000","425,000","178,000","650,000",,"337,000","288,000","318,000","324,000","373,000","348,000","303,000","302,000","248,000","544,000","278,000","750,000","1,029,000",,,,,,,,,,,,,,,,,,,,,,,,,,,,,,,,,,,,,,,,,,,,,,,,,,,,,,,,,,,,,,,,,,,,,,,,,,,,,,,,,,,,,,,,,,,,
InterestExpense,"16,980,000","4,251,000","4,196,000","4,316,000","4,217,000","4,873,000","5,325,000","5,914,000","4,637,000","4,222,000","4,240,000","4,976,000","5,391,000","4,318,000","5,177,000","6,669,000","6,975,000","6,712,000","6,225,000","6,248,000","6,479,000","6,364,000","6,053,000","5,896,000","5,357,000","4,200,000","4,177,000","8,180,000","11,754,000","11,961,000","7,523,000","7,369,000","7,268,000","9,208,000","9,583,000","9,528,000","9,262,000","8,902,000","8,737,000","8,566,000","8,537,000","10,441,000","10,830,000","10,768,000","10,986,000","10,464,000","10,476,000","7,972,000","7,431,000","7,280,000","7,278,000","7,266,000","7,048,000",,,,,,,,,,,,,,,,,,,,,,,,,,,,,,,,,,,,,,,,,,,,,,,,,,,,,,,,,,,,,,,,,,,,,,,,,,,,,,,,,,,,,,,,,,,,
NetInterestIncome,"-14,346,000","-1,617,000","-4,196,000","-4,316,000","-4,217,000","-1,056,000","-5,325,000","-5,914,000","-4,637,000","5,287,000","-4,240,000","-4,976,000","-5,391,000","3,752,000","-5,177,000","-6,669,000","-6,975,000","-2,833,000","-6,225,000","-6,248,000","-6,479,000","-3,447,000","-6,053,000","-5,896,000","-5,357,000","-1,533,000","-4,177,000","-8,180,000","-11,754,000","-11,624,000","-7,016,000","-6,871,000","-6,782,000","-8,777,000","-9,217,000","-9,044,000","-8,837,000","-8,724,000","-8,087,000","-8,566,000","-8,200,000","-10,153,000","-10,512,000","-10,444,000","-10,613,000","-10,116,000","-10,173,000","-7,670,000","-7,183,000","-6,736,000","-7,000,000","-6,516,000","-6,019,000",,,,,,,,,,,,,,,,,,,,,,,,,,,,,,,,,,,,,,,,,,,,,,,,,,,,,,,,,,,,,,,,,,,,,,,,,,,,,,,,,,,,,,,,,,,,
EBIT,"785,415,000","198,305,000","192,891,000","187,581,000","206,638,000","191,062,000","171,038,000","156,580,000","134,817,000","109,647,000","120,948,000","133,565,000","133,637,000","112,955,000","104,736,000","96,694,000","85,144,000","83,663,000","92,772,000","83,614,000","80,661,000","58,598,000","69,678,000","69,748,000","62,799,000","84,350,000","79,740,000","77,751,000","54,066,000","78,665,000","53,632,000","37,132,000","45,694,000","38,641,000","50,465,000","47,160,000","60,311,000","61,630,000","59,310,000","54,289,000","47,784,000","43,666,000","39,421,000","33,351,000","22,013,000","-23,208,000","-5,990,000","2,119,000","654,000","-6,533,000","-7,224,000","-56,311,000","-54,565,000","-1,485,818,000","-61,052,000","19,031,000","-27,003,000","112,364,000","80,480,000","72,151,000","45,912,000","102,015,000","66,161,000","42,029,000","13,489,000","90,581,000","34,017,000","23,100,000","15,868,000","77,417,000","35,307,000","12,594,000","-1,604,000","64,535,000","16,958,000","-1,564,000","-21,357,000","190,887,000","21,892,000","42,395,000","53,877,000","49,795,000","50,391,000","30,450,000","12,082,000","57,253,000","17,027,000","6,248,000","-17,113,000","-32,020,000","-53,783,000","-4,347,000","76,569,000","205,789,000","-185,305,000","90,245,000","-5,541,000","83,734,000","74,615,000","37,382,000","38,277,000","-40,729,000","49,982,000","43,433,000","38,573,000","42,588,000","32,666,000","24,117,000","18,489,000","34,097,000","17,136,000","13,000,000","-5,479,000","14,900,000","4,800,000","500,000","-22,600,000","22,800,000","14,900,000","15,800,000","12,400,000","-30,200,000","5,900,000","1,800,000","8,700,000","14,700,000","14,200,000","13,600,000","12,700,000","15,000,000","9,400,000","29,700,000","24,800,000","-26,500,000","18,100,000","15,200,000","13,100,000","-12,300,000","6,100,000","5,700,000","4,900,000","-10,100,000","4,200,000","4,100,000","4,100,000"
EBITDA,"916,117,000"
ReconciledCostOfRevenue,"195,944,000","48,048,000","46,873,000","46,513,000","54,510,000","37,258,000","49,043,000","42,428,000","44,642,000","48,449,000","31,865,000","30,667,000","44,153,000","49,874,000","34,203,000","32,585,000","37,450,000","34,936,000","29,634,000","35,258,000","36,754,000","50,075,000","33,529,000","34,792,000","36,603,000","36,422,000","41,855,000","28,344,000","37,383,000","33,689,000","29,708,000","32,400,000","36,292,000","38,561,000","29,173,000","23,275,000","30,300,000","25,516,000","31,711,000","31,323,000","28,433,000","29,837,000","30,953,000","32,535,000","26,719,000","19,768,000","20,816,000","21,843,000","19,841,000","21,311,000","20,064,000","25,089,000","21,060,000","23,792,000","24,876,000","32,919,000","24,512,000","28,059,000","23,653,000","24,589,000","26,979,000","25,825,000","23,023,000","26,270,000","28,005,000","21,078,000","21,850,000","23,952,000","24,945,000","28,457,000","27,909,000","20,313,000","25,869,000","20,107,000","19,587,000","23,158,000","24,762,000","14,960,000","30,862,000","43,984,000","36,975,000","60,715,000","54,632,000","57,410,000","61,910,000","76,387,000","62,158,000","60,900,000","54,495,000","56,147,000","57,222,000","53,655,000","46,923,000","69,415,000","78,013,000","70,913,000","62,334,000","53,793,000","46,812,000","43,592,000","38,897,000","42,807,000","39,262,000","37,765,000","33,639,000","31,767,000","30,349,000","29,451,000","24,963,000","25,401,000","23,096,000","22,569,000","23,541,000","3,200,000","15,400,000","14,300,000","12,500,000","19,000,000","18,100,000","16,900,000","15,200,000","42,400,000","6,100,000","6,600,000","6,200,000","83,500,000","3,800,000","1,900,000","1,800,000","44,300,000","1,200,000",,,,,,,,,,,,,,
ReconciledDepreciation,"130,702,000","26,657,000","34,729,000","35,234,000","34,082,000","41,053,000","37,679,000","37,377,000","34,027,000","27,666,000","31,984,000","33,961,000","29,740,000","29,718,000","29,721,000","29,893,000","29,389,000","28,919,000","28,301,000","29,410,000","28,894,000","29,862,000","26,967,000","31,528,000","31,231,000","30,159,000","29,043,000","29,530,000","29,433,000","31,338,000","30,687,000","27,592,000","26,017,000","25,627,000","25,704,000","25,295,000","21,682,000","22,046,000","23,435,000","21,797,000","21,939,000","22,714,000","22,651,000","23,376,000","22,907,000","23,540,000","23,462,000","19,868,000","21,465,000","21,805,000","21,311,000","23,766,000","26,257,000","31,001,000","32,166,000","32,571,000","32,982,000","33,851,000","33,490,000","31,388,000","31,920,000","33,255,000","34,318,000","38,602,000","40,942,000","40,992,000","48,320,000","51,051,000","44,354,000","50,179,000","51,412,000","55,705,000","53,317,000","57,700,000","60,680,000","57,295,000","57,057,000","71,266,000","60,352,000","58,464,000","52,461,000","53,374,000","56,505,000","62,196,000","58,359,000","56,396,000","54,595,000","46,980,000","48,839,000","45,972,000","41,188,000","41,039,000","35,697,000","37,870,000","22,886,000","22,804,000","18,854,000","14,799,000","18,879,000","9,384,000","13,575,000","11,987,000","15,090,000","12,300,000","12,365,000","10,733,000","12,430,000","11,360,000","11,496,000","11,602,000","8,688,000","13,367,000","10,600,000","10,400,000","10,900,000","11,600,000","11,100,000","9,900,000","8,400,000","9,500,000","9,800,000","20,300,000","6,800,000","6,600,000","6,300,000","4,900,000","6,500,000","4,300,000","4,400,000","5,100,000","3,200,000",,,,,,,,,,,,,,
NetIncomeFromContinuingOperationNetMinorityInterest,"695,955,000","176,579,000","176,307,000","155,900,000","187,169,000","173,738,000","161,630,000","131,288,000","123,988,000","659,675,000","101,514,000","107,235,000","120,555,000","98,425,000","99,318,000","75,149,000","72,885,000","-14,442,000","81,157,000","69,127,000","68,259,000","38,477,000","64,712,000","49,335,000","50,562,000","80,374,000","77,624,000","58,160,000","36,259,000","65,030,000","37,535,000","23,263,000","33,070,000","37,705,000","38,500,000","9,429,000","78,609,000","313,874,000","58,584,000","36,386,000","31,104,000","10,892,000","28,106,000","26,908,000","6,323,000","-37,037,000","126,753,000","48,607,000","-11,785,000","1,790,000","-14,047,000","-74,357,000","-63,257,000","-1,638,955,000","-169,066,000","4,996,000","-18,747,000","119,503,000","72,732,000","59,596,000","44,421,000","48,365,000","42,060,000","30,388,000","21,361,000","26,566,000","21,271,000","483,000","1,023,000","59,795,000","19,631,000","3,803,000","-8,755,000","24,398,000","-14,995,000","-7,853,000","-19,116,000","88,694,000","8,231,000","-46,321,000","21,345,000","38,929,000","127,425,000","-28,889,000","3,822,000","42,489,000","13,671,000","5,626,000","-11,809,000","-22,484,000","-41,446,000","-3,007,000","51,778,000","183,836,000","-192,762,000","66,367,000","-25,459,000","60,873,000","55,301,000","28,446,000","37,122,000","-57,816,000","32,687,000","28,588,000","25,579,000","30,840,000","35,909,000","16,971,000","13,550,000","20,932,000","9,483,000","10,082,000","-3,849,000","11,100,000","3,700,000","800,000","-16,300,000","20,000,000","12,700,000","12,900,000","9,700,000","-35,100,000","4,600,000","2,300,000","6,500,000","11,300,000","10,500,000","9,900,000","9,000,000","9,600,000","6,700,000",,,,,,,,,,,,,,
TotalUnusualItemsExcludingGoodwill,"5,002,000","4,034,000","222,000","469,000","277,000","-6,188,000","-13,000","275,000","1,067,000","-12,607,000","186,000","313,000","689,000","-17,978,000","172,000","447,000","1,991,000","501,000","55,000","929,000","1,788,000","-13,814,000","-101,000","74,000","-14,586,000","7,259,000","-303,000","498,000","-4,359,000","4,623,000","-12,016,000","1,111,000","2,411,000","-15,301,000","1,978,000","-734,000","2,229,000","4,637,000","-587,000","3,626,000","2,114,000","-2,372,000","7,398,000","7,354,000","4,167,000","-26,771,000","-1,496,000","-3,039,000","6,827,000","-9,191,000","2,952,000","-21,726,000","-6,512,000","-1,396,493,000","-55,834,000","-6,069,000","-3,279,000","571,000","6,764,000","4,222,000","8,890,000","-31,981,000","145,000","15,029,000","27,980,000","3,192,000","885,000","-29,367,000","-12,982,000","-2,663,000","-7,208,000","-13,144,000","-8,064,000","-15,220,000","-48,079,000","-11,344,000","-792,000","202,450,000","-7,092,000","-92,745,000","-23,805,000","11,881,000","155,095,000","-67,168,000","-17,462,000","3,835,000","-8,528,000","1,407,000","1,046,000","-12,716,000","-11,651,000","-19,507,000","-14,797,000","101,652,000","-277,005,000","2,576,000","-83,338,000","-6,712,000","4,386,000","-19,111,000","3,007,000","-98,970,000","-1,196,000","-764,000","-395,000","245,000","17,208,000","207,000","-423,000","3,866,000","-4,493,000","2,493,000","-11,757,000","900,000","400,000","600,000","500,000","1,600,000","1,300,000","400,000","300,000","1,600,000","1,000,000","1,600,000","1,000,000","1,900,000","400,000","1,200,000","1,100,000","200,000","800,000",,,,,,,,,,,,,,
TotalUnusualItems,"5,002,000","4,034,000","222,000","469,000","277,000","-6,188,000","-13,000","275,000","1,067,000","-12,607,000","186,000","313,000","689,000","-17,978,000","172,000","447,000","1,991,000","501,000","55,000","929,000","1,788,000","-13,814,000","-101,000","74,000","-14,586,000","7,259,000","-303,000","498,000","-4,359,000","4,623,000","-12,016,000","1,111,000","2,411,000","-15,301,000","1,978,000","-734,000","2,229,000","4,637,000","-587,000","3,626,000","2,114,000","-2,372,000","7,398,000","7,354,000","4,167,000","-26,771,000","-1,496,000","-3,039,000","6,827,000","-9,191,000","2,952,000","-21,726,000","-6,512,000","-1,396,493,000","-55,834,000","-6,069,000","-3,279,000","571,000","6,764,000","4,222,000","8,890,000","-31,981,000","145,000","15,029,000","27,980,000","3,192,000","885,000","-29,367,000","-12,982,000","-2,663,000","-7,208,000","-13,144,000","-8,064,000","-15,220,000","-48,079,000","-11,344,000","-792,000","202,450,000","-7,092,000","-92,745,000","-23,805,000","11,881,000","155,095,000","-67,168,000","-17,462,000","3,835,000","-8,528,000","1,407,000","1,046,000","-12,716,000","-11,651,000","-19,507,000","-14,797,000","101,652,000","-277,005,000","2,576,000","-83,338,000","-6,712,000","4,386,000","-19,111,000","3,007,000","-98,970,000","-1,196,000","-764,000","-395,000","245,000","17,208,000","207,000","-423,000","3,866,000","-4,493,000","2,493,000","-11,757,000","900,000","400,000","600,000","500,000","1,600,000","1,300,000","400,000","300,000","1,600,000","1,000,000","1,600,000","1,000,000","1,900,000","400,000","1,200,000","1,100,000","200,000","800,000",,,,,,,,,,,,,,
NormalizedEBITDA,"911,115,000","220,928,000","227,398,000","222,346,000","240,443,000","238,303,000","208,730,000","193,682,000","167,777,000","149,920,000","152,746,000","167,213,000","162,688,000","160,651,000","134,285,000","126,140,000","112,542,000","112,081,000","121,018,000","112,095,000","107,767,000","102,274,000","96,746,000","101,202,000","108,616,000","107,250,000","109,086,000","106,783,000","87,858,000","105,380,000","96,335,000","63,613,000","69,300,000","79,569,000","74,191,000","73,189,000","79,764,000","79,039,000","83,332,000","72,460,000","67,609,000","68,752,000","54,674,000","49,373,000","40,753,000","27,103,000","18,968,000","25,026,000","15,292,000","24,463,000","11,135,000","-10,819,000","-21,796,000","-58,324,000","26,948,000","57,671,000","9,258,000","145,644,000","107,206,000","99,317,000","68,942,000","167,251,000","100,334,000","65,602,000","26,451,000","128,381,000","81,452,000","103,518,000","73,204,000","130,259,000","93,927,000","81,443,000","59,777,000","137,455,000","125,717,000","67,075,000","36,492,000","59,703,000","89,336,000","193,604,000","130,143,000","91,288,000","-48,199,000","159,814,000","87,903,000","109,814,000","80,150,000","51,821,000","30,680,000","26,668,000","-944,000","56,199,000","127,063,000","142,007,000","114,586,000","110,473,000","96,651,000","105,245,000","89,108,000","65,877,000","48,845,000","70,228,000","66,268,000","56,497,000","51,333,000","53,076,000","27,888,000","35,270,000","30,408,000","41,833,000","30,317,000","23,874,000","16,878,000","24,400,000","26,400,000","11,500,000","-12,000,000","31,100,000","22,000,000","24,900,000","21,900,000","-11,500,000","11,700,000","6,800,000","14,000,000","17,700,000","20,300,000","16,800,000","16,000,000","19,900,000","11,800,000","29,700,000","24,800,000","-26,500,000","18,100,000","15,200,000","13,100,000","-12,300,000","6,100,000","5,700,000","4,900,000","-10,100,000","4,200,000","4,100,000","4,100,000"
TaxRateForCalcs,"0.094","0.09","0.066","0.149","0.075","0.067","0.025","0.129","0.048","0.27","0.13","0.166","0.06","0.094","0.002","0.165","0.068","0.4","0.062","0.106","0.08","0.263","0.4","0.227","0.12","0.4","0.4","0.164","0.143","0.025","0.186","0.218","0.139","0.35","0.058","0.35","0.35","0.35","0.35","0.204","0.207","0.35","0.017","0.35","0.35","0.35","0.35","0.35","0.35","0.35","0.031","0.35","0.35","0.35","0.35","0.35","0.226","0.005","0.244","0.298","0.294","0.376","0.4","0.4","0.4","0.4","0.369","0.4","0.32","0.071","0.312","0.2","0.22","0.4","0.4","0.194","0.162","0.4","0.4","0.08","0.29","0.369","0.38","0.213","0.4","0.265","0.265","0.265","0.265","0.285","0.222","0.285","0.4","0.111","0.4","0.285","0.4","0.4","0.3","0.3","0.3","0.4","0.33","0.33","0.33","0.28","0.28","0.302","0.25","0.25","0.25","0.25","0.25","0.4","0.26","0.273","0.259","0.153","0.211","0.194","0.23","0.4","0.333","0.324","0.33","0.285","0.281","0.331","0.348","0.333","0.35",,,,,,,,,,,,,,
TaxEffectOfUnusualItems,"470,188","363,270.791","14,652","69,881","20,775","-413,809.559","-325","35,475","51,216","-3,403,890","24,180","51,958","41,340","-1,689,952.189","344","73,755","135,388","200,400","3,410","98,474","143,040","-3,638,227.936","-40,400","16,798","-1,750,320","2,903,600","-121,200","81,672","-623,337","116,018.56","-2,234,976","242,198","335,129","-5,355,350","114,724","-256,900","780,150","1,622,950","-205,450","740,458.019","438,614.467","-830,200","125,495.086","2,573,900","1,458,450","-9,369,850","-523,600","-1,063,650","2,389,450","-3,216,850","92,618.949","-7,604,100","-2,279,200","-488,772,550","-19,541,900","-2,124,150","-742,527.419","2,634.865","1,651,141.467","1,257,192.572","2,614,431.643","-12,020,217.125","58,000","6,011,600","11,192,000","1,276,800","326,150.809","-11,746,800","-4,157,690.365","-189,499.239","-2,249,168.81","-2,622,713.534","-1,774,439.198","-6,088,000","-19,231,600","-2,205,260.566","-128,639.706","80,980,000","-2,836,800","-7,421,442.006","-6,908,294.593","4,381,884.477","58,918,227.008","-14,321,539.082","-6,984,800","1,016,267.039","-2,259,920","372,933.116","277,205.95","-3,624,015.519","-2,584,906.352","-5,560,839.99","-5,918,800","11,263,854.836","-110,802,000","734,160.416","-33,335,200","-2,684,800","1,315,783.345","-5,733,252.971","902,122.681","-39,588,000","-394,670.684","-252,124.118","-130,352.69","68,598.627","4,818,336.608","62,574.864","-105,738.293","966,465.37","-1,122,983.469","623,296.362","-2,939,250","360,000","104,000","163,636.364","129,545.455","244,067.797","274,534.161","77,500","69,047.619","640,000","333,333.333","517,647.059","329,896.907","541,139.241","112,328.767","397,297.297","382,608.696","66,666.667","279,611.65",,,,,,,,,,,,,,