name,ttm,12/31/2021,09/30/2021,06/30/2021,03/31/2021,12/31/2020,09/30/2020,06/30/2020,03/31/2020,12/31/2019,09/30/2019,06/30/2019,03/31/2019,12/31/2018,09/30/2018,06/30/2018,03/31/2018,12/31/2017,09/30/2017,06/30/2017,03/31/2017,12/31/2016,09/30/2016,06/30/2016,03/31/2016,12/31/2015,09/30/2015,06/30/2015,03/31/2015,12/31/2014,09/30/2014,06/30/2014,03/31/2014,12/31/2013,09/30/2013,06/30/2013,03/31/2013,12/31/2012,09/30/2012,06/30/2012,03/31/2012,12/31/2011,09/30/2011,06/30/2011,03/31/2011,12/31/2010,09/30/2010,06/30/2010,03/31/2010,12/31/2009,09/30/2009,06/30/2009,03/31/2009,12/31/2008,09/30/2008,06/30/2008,03/31/2008,12/31/2007,09/30/2007,06/30/2007,03/31/2007,12/31/2006,09/30/2006,06/30/2006,03/31/2006,12/31/2005,09/30/2005,06/30/2005,03/31/2005,12/31/2004,09/30/2004,06/30/2004,03/31/2004,12/31/2003,09/30/2003,06/30/2003,03/31/2003,12/31/2002,09/30/2002,06/30/2002,03/31/2002,12/31/2001,09/30/2001,06/30/2001,03/31/2001,12/31/2000,09/30/2000,06/30/2000,03/31/2000,12/31/1999,09/30/1999,06/30/1999,03/31/1999,12/31/1998,09/30/1998,06/30/1998,03/31/1998,12/31/1997,09/30/1997,06/30/1997,03/31/1997,12/31/1996,09/30/1996,06/30/1996,03/31/1996,12/31/1995,09/30/1995,06/30/1995,03/31/1995,12/31/1994,09/30/1994,06/30/1994,03/31/1994,12/31/1993,09/30/1993,06/30/1993,03/31/1993,12/31/1992,09/30/1992,06/30/1992,03/31/1992,12/31/1991,09/30/1991,06/30/1991,03/31/1991,12/31/1990,09/30/1990,06/30/1990,03/31/1990,12/31/1989,09/30/1989,06/30/1989,03/31/1989,12/31/1988,09/30/1988,06/30/1988,03/31/1988,12/31/1987,09/30/1987,06/30/1987,03/31/1987,12/31/1986,09/30/1986,06/30/1986,03/31/1986,12/31/1985,09/30/1985
TotalRevenue,"5,190,100,000","1,368,700,000","1,311,400,000","1,271,100,000","1,238,900,000","1,295,300,000","1,241,000,000","1,194,300,000","1,165,200,000","1,144,200,000","1,089,400,000","1,079,400,000","1,044,700,000","1,074,400,000","1,037,600,000","1,027,900,000","1,006,000,000","1,033,100,000","967,900,000","898,000,000","877,200,000","896,000,000","870,700,000","877,400,000","849,000,000","873,600,000","861,800,000","847,100,000","812,300,000","865,500,000","841,800,000","808,300,000","782,000,000","822,600,000","804,800,000","787,600,000","779,300,000","809,700,000","725,200,000","696,400,000","690,600,000","731,100,000","701,000,000","674,900,000","642,300,000","656,879,000","656,901,000","640,887,000","634,553,000","670,779,000","646,157,000","623,119,000","580,867,000","644,900,000","630,672,000","593,959,000","552,867,000","579,695,000","580,438,000","546,472,000","514,335,000","526,108,000","518,578,000","458,584,000","442,391,000","431,274,000","442,743,000","441,815,000","420,674,000","404,976,000","420,310,000","340,785,000","295,991,000","286,747,000","265,566,000","256,263,000","248,298,000","268,098,000","263,786,000","258,463,000","256,802,000","296,615,000","270,627,000","257,095,000","256,527,000","204,383,000","199,847,000","199,863,000","191,632,000","183,000,000","185,900,000","186,400,000","174,700,000","182,000,000","176,800,000","173,500,000","152,000,000","157,100,000","146,300,000","141,900,000","129,600,000","134,500,000","137,100,000","134,600,000","121,500,000","118,300,000","120,500,000","129,000,000","118,000,000","116,300,000","132,600,000","130,700,000","111,500,000","109,700,000","133,800,000","135,700,000","128,500,000","139,400,000","133,000,000","128,400,000","115,500,000","135,000,000","123,200,000","117,900,000","109,400,000","118,700,000","107,700,000","104,100,000","98,000,000","100,900,000","100,000,000","95,700,000","91,000,000","90,800,000","88,600,000","84,400,000","83,000,000","87,900,000","85,900,000","75,100,000","69,900,000","75,600,000","72,700,000","62,800,000","64,300,000","63,200,000","61,500,000"
	OperatingRevenue,"5,190,100,000","1,368,700,000","1,311,400,000","1,271,100,000","1,238,900,000","1,295,300,000","1,241,000,000","1,194,300,000","1,165,200,000","1,144,200,000","1,089,400,000","1,079,400,000","1,044,700,000","1,074,400,000","1,037,600,000","1,027,900,000","1,006,000,000","1,033,100,000","967,900,000","898,000,000","877,200,000","896,000,000","870,700,000","877,400,000","849,000,000","873,600,000","861,800,000","847,100,000","812,300,000","865,500,000","841,800,000","808,300,000","782,000,000","822,600,000","804,800,000","787,600,000","779,300,000","809,700,000","725,200,000","696,400,000","690,600,000","731,100,000","701,000,000","674,900,000","642,300,000","656,879,000","656,901,000","640,887,000","634,553,000","670,779,000","646,157,000","623,119,000","580,867,000","644,900,000","630,672,000","593,959,000","552,867,000","579,695,000","580,438,000","546,472,000","514,335,000","526,108,000","518,578,000","458,584,000","442,391,000","431,274,000","442,743,000","441,815,000","420,674,000","404,976,000","420,310,000","340,785,000","295,991,000","286,747,000","265,566,000","256,263,000","248,298,000","268,098,000","263,786,000","258,463,000","256,802,000","296,615,000","270,627,000","257,095,000","256,527,000","204,383,000","199,847,000","199,863,000","191,632,000","183,000,000","185,900,000","186,400,000","174,700,000","182,000,000","176,800,000","173,500,000","152,000,000","157,100,000","146,300,000","141,900,000","129,600,000","134,500,000","137,100,000","134,600,000","121,500,000","118,300,000","120,500,000","129,000,000","118,000,000","116,300,000","132,600,000","130,700,000","111,500,000","109,700,000","133,800,000","135,700,000","128,500,000","139,400,000","133,000,000","128,400,000","115,500,000","135,000,000","123,200,000","117,900,000","109,400,000","118,700,000","107,700,000","104,100,000","98,000,000","100,900,000","100,000,000","95,700,000","91,000,000","90,800,000","88,600,000","84,400,000","83,000,000","87,900,000","85,900,000","75,100,000","69,900,000","75,600,000","72,700,000","62,800,000","64,300,000","63,200,000","61,500,000"
CostOfRevenue,"2,926,600,000","787,500,000","732,200,000","718,900,000","688,000,000","737,900,000","675,800,000","634,700,000","633,200,000","620,200,000","581,700,000","597,900,000","573,900,000","600,100,000","577,500,000","573,000,000","554,500,000","551,700,000","529,400,000","487,600,000","477,900,000","488,000,000","475,100,000","469,400,000","470,000,000","476,200,000","476,000,000","474,000,000","456,800,000","475,900,000","474,300,000","451,900,000","442,600,000","450,900,000","439,600,000","436,600,000","429,200,000","451,300,000","397,700,000","393,400,000","388,100,000","414,600,000","391,100,000","374,900,000","354,200,000","364,433,000","367,962,000","350,002,000","349,058,000","385,583,000","361,272,000","341,568,000","331,509,000","390,862,000","379,578,000","351,479,000","328,761,000","357,773,000","351,031,000","329,779,000","314,459,000","321,716,000","315,618,000","273,791,000","273,399,000","290,942,000","275,213,000","272,914,000","260,437,000","248,415,000","259,721,000","221,109,000","199,429,000","202,705,000","185,024,000","176,690,000","174,464,000","187,265,000","182,586,000","182,525,000","183,552,000","191,162,000","166,524,000","160,096,000","162,429,000","116,452,000","104,728,000","104,129,000","101,558,000","98,300,000","96,200,000","97,500,000","93,100,000","86,600,000","97,000,000","94,700,000","83,700,000","87,900,000","79,700,000","77,600,000","71,300,000","77,800,000","74,800,000","73,400,000","66,400,000","71,300,000","67,800,000","72,100,000","65,500,000","75,900,000","69,500,000","69,800,000","61,100,000","60,000,000","65,700,000","69,100,000","64,100,000","71,300,000","68,900,000","67,600,000","59,200,000","74,400,000","67,900,000","66,600,000","63,700,000","68,600,000","62,100,000","61,900,000","60,700,000","62,800,000","63,500,000",,,,,,,,,,,,,,,,
GrossProfit,"2,263,500,000","581,200,000","579,200,000","552,200,000","550,900,000","557,400,000","565,200,000","559,600,000","532,000,000","524,000,000","507,700,000","481,500,000","470,800,000","474,300,000","460,100,000","454,900,000","451,500,000","481,400,000","438,500,000","410,400,000","399,300,000","408,000,000","395,600,000","408,000,000","379,000,000","397,400,000","385,800,000","373,100,000","355,500,000","389,600,000","367,500,000","356,400,000","339,400,000","371,700,000","365,200,000","351,000,000","350,100,000","358,400,000","327,500,000","303,000,000","302,500,000","316,500,000","309,900,000","300,000,000","288,100,000","292,446,000","288,939,000","290,885,000","285,495,000","285,196,000","284,885,000","281,551,000","249,358,000","254,038,000","251,094,000","242,480,000","224,106,000","221,922,000","229,407,000","216,693,000","199,876,000","204,392,000","202,960,000","184,793,000","168,992,000","140,332,000","167,530,000","168,901,000","160,237,000","156,561,000","160,589,000","119,676,000","96,562,000","84,042,000","80,542,000","79,573,000","73,834,000","80,833,000","81,200,000","75,938,000","73,250,000","105,453,000","104,103,000","96,999,000","94,098,000","87,931,000","95,119,000","95,734,000","90,074,000","84,700,000","89,700,000","88,900,000","81,600,000","95,400,000","79,800,000","78,800,000","68,300,000","69,200,000","66,600,000","64,300,000","58,300,000","56,700,000","62,300,000","61,200,000","55,100,000","47,000,000","52,700,000","56,900,000","52,500,000","40,400,000","63,100,000","60,900,000","50,400,000","49,700,000","68,100,000","66,600,000","64,400,000","68,100,000","64,100,000","60,800,000","56,300,000","60,600,000","55,300,000","51,300,000","45,700,000","50,100,000","45,600,000","42,200,000","37,300,000","38,100,000","36,500,000",,,,,,,,,,,,,,,,
OperatingExpense,"1,184,400,000","404,800,000","277,800,000","253,500,000","248,300,000","366,800,000","291,400,000","308,900,000","217,400,000","328,800,000","290,900,000","294,100,000","230,000,000","280,900,000","255,900,000","281,100,000","231,200,000","266,700,000","239,800,000","287,200,000","203,200,000","234,600,000","199,600,000","232,700,000","199,500,000","228,200,000","195,200,000","230,800,000","183,400,000","225,800,000","190,300,000","218,200,000","177,400,000","227,100,000","197,400,000","210,500,000","180,800,000","223,800,000","182,100,000","180,600,000","159,800,000","199,100,000","183,600,000","182,200,000","157,000,000","212,392,000","175,984,000","170,895,000","153,541,000","193,867,000","166,984,000","182,549,000","144,698,000","173,899,000","165,546,000","160,597,000","131,344,000","164,376,000","140,792,000","140,143,000","117,733,000","160,155,000","134,071,000","118,137,000","96,672,000","108,427,000","113,641,000","109,071,000","93,085,000","118,097,000","107,188,000","78,248,000","58,102,000","54,895,000","51,668,000","54,524,000","45,053,000","55,988,000","53,051,000","51,645,000","46,023,000","81,224,000","78,268,000","74,494,000","73,146,000","72,081,000","74,902,000","76,393,000","71,410,000","72,700,000","72,200,000","73,900,000","70,100,000","81,900,000","67,800,000","71,000,000","59,800,000","62,700,000","57,400,000","55,700,000","52,100,000","49,700,000","55,300,000","52,700,000","50,400,000","50,500,000","47,300,000","50,200,000","52,700,000","46,500,000","65,700,000","52,500,000","48,600,000","47,600,000","53,500,000","56,900,000","55,100,000","56,000,000","49,500,000","49,600,000","49,500,000","51,100,000","43,000,000","42,800,000","35,700,000","43,400,000","35,200,000","34,700,000","28,000,000","30,900,000","24,700,000",,,,,,,,,,,,,,,,
	SellingGeneralAndAdministration,"1,184,400,000","404,800,000","277,800,000","253,500,000","248,300,000","366,800,000","291,400,000","308,900,000","217,400,000","328,800,000","290,900,000","294,100,000","230,000,000","280,900,000","255,900,000","281,100,000","231,200,000","266,700,000","239,800,000","287,200,000","203,200,000","234,600,000","199,600,000","232,700,000","199,500,000","228,200,000","195,200,000","230,800,000","183,400,000","225,800,000","190,300,000","218,200,000","177,400,000","227,100,000","197,400,000","210,500,000","180,800,000","223,800,000","182,100,000","180,600,000","159,800,000","199,100,000","183,600,000","182,200,000","157,000,000","212,392,000","175,984,000","170,895,000","153,541,000","213,867,000","166,984,000","182,549,000","144,698,000","173,899,000","165,546,000","160,597,000","131,344,000","164,196,000","140,792,000","140,143,000","117,733,000","160,155,000","134,071,000","118,137,000","96,672,000","108,427,000","113,641,000","109,071,000","93,085,000","118,097,000","107,188,000","78,248,000","58,102,000","54,895,000","51,668,000","54,524,000","45,053,000","55,988,000","53,051,000","51,645,000","46,023,000","81,884,000","78,268,000","74,494,000","73,146,000","65,091,000","69,927,000","70,501,000","65,813,000","67,700,000","67,400,000","68,900,000","65,600,000","77,900,000","63,600,000","66,800,000","55,700,000","58,900,000","53,900,000","52,200,000","48,700,000","46,400,000","51,900,000","49,200,000","47,000,000","47,300,000","43,800,000","47,000,000","49,500,000","43,700,000","62,700,000","49,400,000","45,500,000","46,800,000","47,000,000","53,600,000","51,900,000","53,500,000","46,500,000","46,600,000","46,500,000","48,400,000","40,200,000","39,900,000","33,000,000","40,700,000","32,600,000","32,000,000","25,500,000","28,300,000","22,200,000",,,,,,,,,,,,,,,,
		GeneralAndAdministrativeExpense,"606,700,000","203,700,000","116,900,000","136,500,000","149,600,000","165,200,000","120,500,000","186,600,000","121,000,000","166,200,000","165,700,000","165,000,000","131,900,000","154,500,000","135,400,000","144,700,000","131,300,000","146,100,000","127,900,000","156,300,000","112,400,000","118,300,000","101,400,000","112,500,000","107,000,000","108,100,000","102,400,000","115,000,000","94,600,000","106,700,000","93,700,000","104,800,000","89,600,000","109,600,000","97,700,000","106,800,000","101,900,000","115,100,000","89,900,000","92,200,000","91,800,000","93,500,000","91,800,000","94,700,000","87,800,000","116,354,000","85,769,000","88,109,000","84,602,000","120,581,000","66,759,000","88,845,000","78,325,000",,,,"77,859,000",,,,,,,,,,,,,,,,,,,,,"31,530,000","30,299,000","29,492,000","29,191,000","30,625,000","26,018,000","28,176,000","27,013,000",,,,,,,,,,,,,,,,,,,,,,,,,,,,,,,,,,,,,,,,,,,,,,,,,,,,,,,,,,,,,,
			OtherGandA,"606,700,000","203,700,000","116,900,000","136,500,000","149,600,000","165,200,000","120,500,000","186,600,000","121,000,000","166,200,000","165,700,000","165,000,000","131,900,000","154,500,000","135,400,000","144,700,000","131,300,000","146,100,000","127,900,000","156,300,000","112,400,000","118,300,000","101,400,000","112,500,000","107,000,000","108,100,000","102,400,000","115,000,000","94,600,000","106,700,000","93,700,000","104,800,000","89,600,000","109,600,000","97,700,000","106,800,000","101,900,000","115,100,000","89,900,000","92,200,000","91,800,000","93,500,000","91,800,000","94,700,000","87,800,000","116,354,000","85,769,000","88,109,000","84,602,000","120,581,000","66,759,000","88,845,000","78,325,000",,,,"77,859,000",,,,,,,,,,,,,,,,,,,,,"31,530,000","30,299,000","29,492,000","29,191,000","30,625,000","26,018,000","28,176,000","27,013,000",,,,,,,,,,,,,,,,,,,,,,,,,,,,,,,,,,,,,,,,,,,,,,,,,,,,,,,,,,,,,,
		SellingAndMarketingExpense,"577,700,000","201,100,000","160,900,000","117,000,000","98,700,000","201,600,000","170,900,000","122,300,000","96,400,000","162,600,000","125,200,000","129,100,000","98,100,000","126,400,000","120,500,000","136,400,000","99,900,000","120,600,000","111,900,000","130,900,000","90,800,000","116,300,000","98,200,000","120,200,000","92,500,000","120,100,000","92,800,000","115,800,000","88,800,000","119,100,000","96,600,000","113,400,000","87,800,000","117,500,000","99,700,000","103,700,000","78,900,000","108,700,000","92,200,000","88,400,000","68,000,000","105,600,000","91,800,000","87,500,000","69,200,000","96,038,000","90,215,000","82,786,000","68,939,000","93,286,000","100,225,000","93,704,000","66,373,000",,,,"53,485,000",,,,,,,,,,,,,,,,,,,,,"24,458,000","22,752,000","22,153,000","16,832,000","51,259,000","52,250,000","46,318,000","46,133,000",,,,,,,,,,,,,,,,,,,,,,,,,,,,,,,,,,,,,,,,,,,,,,,,,,,,,,,,,,,,,,
	DepreciationAmortizationDepletionIncomeStatement,,,,,,,,,,,,,,,,,,,,,,,,,,,,,,,,,,,,,,,,,,,,,,,,,,,,,,,,,,,,,,,,,,,,,,,,,,,,,,,,,,,,,,"6,990,000","4,975,000","5,892,000","5,597,000","5,000,000","4,800,000","5,000,000","4,500,000","4,000,000","4,200,000","4,200,000","4,100,000","3,800,000","3,500,000","3,500,000","3,400,000","3,300,000","3,400,000","3,500,000","3,400,000","3,200,000","3,500,000","3,200,000","3,200,000","2,800,000","3,000,000","3,100,000","3,100,000","800,000","6,500,000","3,300,000","3,200,000","2,500,000","3,000,000","3,000,000","3,000,000","2,700,000","2,800,000","2,900,000","2,700,000","2,700,000","2,600,000","2,700,000","2,500,000","2,600,000","2,500,000",,,,,,,,,,,,,,,,
		DepreciationAndAmortizationInIncomeStatement,,,,,,,,,,,,,,,,,,,,,,,,,,,,,,,,,,,,,,,,,,,,,,,,,,,,,,,,,,,,,,,,,,,,,,,,,,,,,,,,,,,,,,"6,990,000","4,975,000","5,892,000","5,597,000","5,000,000","4,800,000","5,000,000","4,500,000","4,000,000","4,200,000","4,200,000","4,100,000","3,800,000","3,500,000","3,500,000","3,400,000","3,300,000","3,400,000","3,500,000","3,400,000","3,200,000","3,500,000","3,200,000","3,200,000","2,800,000","3,000,000","3,100,000","3,100,000","800,000","6,500,000","3,300,000","3,200,000","2,500,000","3,000,000","3,000,000","3,000,000","2,700,000","2,800,000","2,900,000","2,700,000","2,700,000","2,600,000","2,700,000","2,500,000","2,600,000","2,500,000",,,,,,,,,,,,,,,,
OperatingIncome,"1,079,100,000","176,400,000","301,400,000","298,700,000","302,600,000","190,600,000","273,800,000","250,700,000","314,600,000","195,200,000","216,800,000","187,400,000","240,800,000","193,400,000","204,200,000","173,800,000","220,300,000","214,700,000","198,700,000","123,200,000","196,100,000","173,400,000","196,000,000","175,300,000","179,500,000","169,200,000","190,600,000","142,300,000","172,100,000","163,800,000","177,200,000","138,200,000","162,000,000","144,600,000","167,800,000","140,500,000","169,300,000","134,600,000","145,400,000","122,400,000","142,700,000","117,400,000","126,300,000","117,800,000","131,100,000","80,054,000","112,955,000","119,990,000","131,954,000","91,329,000","117,901,000","99,002,000","104,660,000","80,139,000","85,548,000","81,883,000","92,762,000","57,546,000","88,615,000","76,550,000","82,143,000","44,237,000","68,889,000","66,656,000","72,320,000","31,905,000","53,889,000","59,830,000","67,152,000","38,464,000","53,401,000","41,428,000","38,460,000","29,147,000","28,874,000","25,049,000","28,781,000","24,845,000","28,149,000","24,293,000","27,227,000","24,229,000","25,835,000","22,505,000","20,952,000","15,850,000","20,217,000","19,341,000","18,664,000","12,000,000","17,500,000","15,000,000","11,500,000","13,500,000","12,000,000","7,800,000","8,500,000","6,500,000","9,200,000","8,600,000","6,200,000","7,000,000","7,000,000","8,500,000","4,700,000","-3,500,000","5,400,000","6,700,000","-200,000","-6,100,000","-2,600,000","8,400,000","1,800,000","2,100,000","14,600,000","9,700,000","9,300,000","12,100,000","14,600,000","11,200,000","6,800,000","9,500,000","12,300,000","8,500,000","10,000,000","6,700,000","10,400,000","7,500,000","9,300,000","7,200,000","11,800,000","95,700,000","91,000,000","-228,900,000","88,600,000","84,400,000","83,000,000","-207,700,000","85,900,000","75,100,000","69,900,000","-181,500,000","72,700,000","62,800,000","64,300,000","-146,700,000","61,500,000"
NetNonOperatingInterestIncomeExpense,"-54,500,000","-13,000,000","-13,400,000","-14,100,000","-14,000,000","-14,000,000","-13,900,000","-16,800,000","-16,300,000","-18,000,000","-18,900,000","-18,900,000","-17,800,000","-19,700,000","-19,400,000","-20,200,000","-20,100,000","-18,700,000","-16,400,000","-9,300,000","-8,200,000","-7,000,000","-6,800,000","-7,100,000","-6,800,000","-7,600,000","-7,400,000","-7,900,000","-7,600,000","-6,900,000","-6,900,000","-6,900,000","-6,700,000","-6,700,000","-7,000,000","-7,000,000","-7,000,000","-7,400,000","-2,200,000","-2,200,000","-2,200,000","-700,000","-1,600,000","-2,300,000","-2,200,000","-5,638,000","-8,052,000","-5,326,000","-8,164,000","-8,979,000","-8,609,000","-9,231,000","-8,749,000",,,,,,,,,,,,,,,,,,,,,,,,,,,,,,,,,,,,,,,,,,,,,,,,,,,,,,,,,,,,,,,,,,,,,,,,,,,,,,,,,,,,,,,,,,,,,,
	InterestIncomeNonOperating,,,,,,,,,,,,,,,,,,,,,,,,,,,,,,,,,,,,,,,"400,000","200,000","500,000","500,000","600,000","300,000","500,000",,,,,,,,,,,,,,,,,,,,,,,,,,,,,,,,,,,,,,,,,,,,,,,,,,,,,,,,,,,,,,,,,,,,,,,,,,,,,,,,,,,,,,,,,,,,,,,,,,,,,,
	InterestExpenseNonOperating,"54,500,000","13,000,000","13,400,000","14,100,000","14,000,000","14,000,000","13,900,000","16,800,000","16,300,000","18,000,000","18,900,000","18,900,000","17,800,000","19,700,000","19,400,000","20,200,000","20,100,000","18,700,000","16,400,000","9,300,000","8,200,000","7,000,000","6,800,000","7,100,000","6,800,000","7,600,000","7,400,000","7,900,000","7,600,000","6,900,000","6,900,000","6,900,000","6,700,000","6,700,000","7,000,000","7,000,000","7,000,000","6,300,000","2,600,000","2,400,000","2,700,000","1,200,000","2,200,000","2,600,000","2,700,000","6,235,000","8,052,000","5,326,000","8,164,000","8,979,000","8,609,000","9,231,000","8,749,000",,,,,,,,,,,,,,,,,,,,,,,,,,,,,,,,,,,,,,,,,,,,,,,,,,,,,,,,,,,,,,,,,,,,,,,,,,,,,,,,,,,,,,,,,,,,,,
OtherIncomeExpense,"7,100,000","700,000","1,300,000","2,700,000","2,400,000","300,000","1,600,000","2,100,000","1,100,000","500,000","2,700,000","1,800,000","2,100,000","2,400,000","2,500,000","1,800,000","500,000","2,700,000","4,700,000","2,900,000","2,300,000","3,100,000","3,200,000","2,800,000","300,000","3,300,000","2,500,000","-14,900,000","800,000","3,100,000","2,900,000","3,700,000","1,400,000","1,300,000","2,400,000","-1,300,000","900,000","3,000,000","2,800,000","2,900,000","2,700,000","1,300,000","1,300,000","3,500,000","2,700,000","-3,755,000","928,000","1,751,000","1,559,000","2,743,000","3,375,000","5,214,000","3,581,000","2,848,000","669,000","4,209,000","7,147,000","6,414,000","5,093,000","3,803,000","3,479,000","4,285,000","2,319,000","3,194,000","5,222,000","-43,375,000","1,108,000","3,061,000","1,313,000","-11,226,000","2,554,000","-4,944,000","10,249,000","2,353,000","5,337,000","13,140,000","8,157,000","-19,832,000","4,354,000","10,910,000","1,289,000","-6,407,000","1,136,000","1,257,000","434,000","1,400,000","-20,931,000","1,053,000","1,423,000","6,300,000","1,800,000","2,300,000","9,000,000","-1,400,000","1,400,000","5,400,000","1,600,000","2,200,000","1,500,000","3,100,000","2,100,000","2,100,000","1,500,000","1,300,000","1,600,000","5,900,000","-2,400,000","2,600,000","2,800,000","2,500,000","2,200,000","2,400,000","2,100,000","9,300,000","2,000,000","500,000","600,000","900,000","600,000","800,000","300,000","700,000","500,000","1,100,000","1,000,000","1,900,000","4,400,000","1,700,000","800,000","-4,700,000","-500,000",,,,,,,,,,,,,,,,
	GainOnSaleOfSecurity,,,,"200,000","-100,000","100,000",,"300,000","100,000","600,000","300,000","200,000","500,000","1,000,000","300,000","100,000","500,000","600,000","800,000","300,000","400,000","600,000","400,000","400,000","300,000","300,000","200,000","500,000","500,000","600,000","600,000","600,000","500,000","600,000","600,000","700,000","700,000",,,,,,,,,,,,,,,,,,,,,,,,,,,,,,,,,,,,,,,,,,,,,,,,,,,,,,,,,,,,,,,,,,,,,,,,,,,,,,,,,,,,,,,,,,,,,,,,,,,,,,,,,,,,,,
	EarningsFromEquityInterest,"9,400,000","2,000,000","2,000,000","2,800,000","2,600,000","1,200,000","1,900,000","2,000,000","1,600,000","1,100,000","2,100,000","1,700,000","1,700,000","2,200,000","2,500,000","2,400,000","2,100,000","2,900,000","2,700,000","3,100,000","2,100,000","2,500,000","2,500,000","2,500,000","1,700,000","2,600,000","3,100,000","-13,800,000","2,300,000","3,700,000","3,400,000","2,900,000","1,600,000","1,400,000","1,900,000","-1,100,000","600,000","1,600,000","2,400,000","2,400,000","2,500,000","1,700,000","2,900,000","3,200,000","2,200,000","1,391,000","799,000","1,585,000","1,262,000","2,649,000","2,704,000","3,993,000","2,705,000","4,359,000","2,443,000","2,152,000","2,380,000","2,419,000","1,797,000","1,760,000","2,260,000","1,858,000","1,877,000","1,740,000","1,660,000","911,000","709,000","1,900,000","1,270,000","1,356,000","1,143,000","2,792,000","9,824,000","2,788,000","5,164,000","12,528,000","8,152,000","3,786,000","5,453,000","11,364,000","917,000",,"886,000","1,151,000","1,032,000",,,,,,,,,,,,,,,,,,,,,,,,,,,,,,,,,,,,,,,,,,,,,,,,,,,,,,,,,,,,,,
	SpecialIncomeCharges,,,,,,,,,,,,,,,,,,,,,,,,,,,,,,,,,,,,,,,"400,000","500,000","200,000",,,"300,000","500,000","-5,146,000","129,000","166,000","297,000","94,000","671,000","1,221,000","876,000","-1,511,000","-1,774,000","2,057,000","4,767,000","3,995,000","3,296,000","2,043,000","1,219,000","2,427,000","442,000","1,454,000","3,562,000","-44,286,000","399,000","1,161,000","43,000","-12,582,000","1,411,000","-7,736,000","425,000","-435,000","173,000","612,000","5,000","-23,618,000","-1,099,000","-454,000","372,000","-3,338,000","250,000","106,000","-598,000","1,400,000","-20,931,000","1,053,000","1,423,000","6,300,000","1,800,000","2,300,000","9,000,000","-1,400,000","1,400,000","5,400,000","1,600,000","2,200,000","1,500,000","3,100,000","2,100,000","2,100,000","1,500,000","1,300,000","1,600,000","5,900,000","-2,400,000","2,600,000","2,800,000","2,500,000","2,200,000","2,400,000","2,100,000","9,300,000","2,000,000","500,000","600,000","900,000","600,000","800,000","300,000","700,000","500,000","1,100,000","1,000,000","1,900,000","4,400,000","1,700,000","800,000","-4,700,000","-500,000",,,,,,,,,,,,,,,,
	OtherNonOperatingIncomeExpenses,"-2,300,000","-1,200,000","-700,000","-300,000","-100,000","-1,000,000","-300,000","-200,000","-600,000","-1,200,000","300,000","-100,000","-100,000","-800,000","-300,000","-700,000","-2,100,000","-800,000","1,200,000","-500,000","-200,000","0","300,000","-100,000","-1,700,000","400,000","-800,000","-1,600,000","-2,000,000","-1,200,000","-1,100,000","200,000","-700,000","-700,000","-100,000","-900,000","-400,000","-6,000,000",,,,,"-1,600,000",,,,,,,,,,,,,,,,,,,,,,,,,,,,,,,,,,,,,,,,,,,,,,,,,,,,,,,,,,,,,,,,,,,,,,,,,,,,,,,,,,,,,,,,,,,,,,,,,,,,,,,,
PretaxIncome,"1,031,700,000","164,100,000","289,300,000","287,300,000","291,000,000","176,900,000","261,500,000","236,000,000","299,400,000","177,700,000","200,600,000","170,300,000","225,100,000","176,100,000","187,300,000","155,400,000","200,700,000","198,700,000","187,000,000","116,800,000","190,200,000","169,500,000","192,400,000","171,000,000","173,000,000","164,900,000","185,700,000","119,500,000","165,300,000","160,000,000","173,200,000","135,000,000","156,700,000","139,200,000","163,200,000","132,200,000","163,200,000","130,200,000","146,000,000","123,100,000","143,200,000","118,000,000","126,000,000","119,000,000","131,600,000","70,661,000","105,831,000","116,415,000","125,349,000","85,092,000","112,667,000","94,985,000","99,492,000","70,761,000","74,640,000","75,454,000","87,402,000","49,127,000","79,228,000","66,144,000","70,426,000","31,926,000","56,607,000","58,312,000","66,253,000","20,807,000","44,112,000","52,092,000","57,864,000","15,167,000","38,169,000","29,458,000","44,636,000","21,689,000","29,390,000","33,818,000","32,053,000","22,847,000","26,840,000","29,066,000","22,339,000","10,647,000","23,664,000","20,812,000","18,732,000","16,514,000","-2,105,000","18,810,000","18,655,000","17,700,000","18,300,000","16,500,000","19,900,000","11,600,000","12,600,000","12,600,000","9,500,000","8,300,000","10,600,000","11,600,000","8,200,000","8,800,000","8,400,000","9,700,000","6,100,000","2,200,000","2,900,000","9,000,000","2,100,000","-3,900,000","-800,000","10,600,000","3,800,000","11,200,000","16,500,000","10,200,000","9,800,000","13,100,000","15,100,000","11,800,000","7,100,000","10,100,000","12,500,000","9,000,000","10,400,000","7,800,000","13,900,000","8,200,000","9,100,000","-1,700,000","11,300,000",,,,,,,,,,,,,,,,
TaxProvision,"204,200,000","6,000,000","58,900,000","69,000,000","70,300,000","26,700,000","45,300,000","46,300,000","69,600,000","33,300,000","43,300,000","31,800,000","49,400,000","33,300,000","41,000,000","33,700,000","42,900,000","-206,900,000","53,600,000","43,900,000","58,700,000","59,100,000","68,400,000","59,400,000","60,000,000","55,800,000","65,300,000","45,800,000","58,100,000","53,400,000","57,300,000","46,200,000","54,100,000","47,000,000","55,300,000","45,600,000","55,500,000","49,400,000","52,100,000","43,800,000","47,400,000","54,200,000","46,400,000","36,400,000","48,000,000","23,687,000","36,357,000","42,142,000","45,376,000","32,328,000","42,643,000","36,828,000","36,916,000","26,532,000","25,651,000","29,684,000","31,211,000","17,450,000","27,512,000","25,611,000","25,327,000","8,016,000","17,943,000","21,906,000","26,306,000","4,671,000","9,514,000","17,720,000","20,163,000","3,252,000","10,764,000","9,885,000","14,730,000","5,814,000","9,861,000","9,192,000","11,107,000","7,307,000","9,265,000","10,414,000","7,416,000","4,534,000","8,418,000","7,334,000","6,585,000","5,826,000","-869,000","6,435,000","6,923,000","6,500,000","6,900,000","6,000,000","7,500,000","2,900,000","4,800,000","4,700,000","3,600,000","2,700,000","4,200,000","4,300,000","3,000,000","2,800,000","3,200,000","3,600,000","2,300,000","400,000","1,300,000","3,400,000","1,000,000","-1,500,000","-500,000","4,200,000","1,400,000","4,000,000","6,800,000","3,800,000","3,700,000","4,800,000","5,700,000","4,400,000","2,700,000","3,500,000","4,700,000","3,300,000","3,900,000","2,800,000","6,700,000","3,000,000","3,300,000","1,000,000","4,100,000",,,,,,,,,,,,,,,,
NetIncomeCommonStockholders,"827,500,000","158,100,000","230,400,000","218,300,000","220,700,000","150,200,000","216,200,000","189,700,000","229,800,000","144,400,000","157,300,000","138,500,000","175,700,000","142,800,000","146,300,000","121,700,000","157,800,000","405,600,000","133,400,000","72,900,000","131,500,000","110,400,000","124,000,000","111,600,000","113,000,000","109,100,000","120,400,000","73,700,000","107,200,000","106,600,000","115,900,000","88,800,000","102,600,000","92,200,000","107,900,000","86,600,000","107,700,000","80,800,000","93,900,000","79,300,000","95,800,000","63,800,000","79,600,000","82,600,000","83,600,000","46,993,000","69,478,000","74,275,000","79,971,000","52,780,000","70,028,000","58,156,000","62,569,000","44,229,000","48,989,000","45,765,000","56,191,000","31,677,000","51,716,000","40,533,000","45,099,000","23,910,000","38,664,000","36,406,000","39,947,000","16,227,000","34,598,000","34,380,000","37,701,000","11,928,000","27,401,000","19,573,000","29,906,000","15,867,000","19,522,000","24,626,000","20,946,000","15,540,000","17,575,000","18,652,000","14,923,000","6,113,000","15,246,000","13,478,000","12,147,000","10,688,000","-1,236,000","12,375,000","11,732,000","11,200,000","11,400,000","10,500,000","12,400,000","8,700,000","7,800,000","7,900,000","5,900,000","5,600,000","6,400,000","7,300,000","5,200,000","6,000,000","5,200,000","6,100,000","3,800,000","1,800,000","1,600,000","5,600,000","1,100,000","-2,400,000","-300,000","6,400,000","2,400,000","6,700,000","9,700,000","6,400,000","3,400,000","8,300,000","9,400,000","7,400,000","4,400,000","6,600,000","7,800,000","5,700,000","6,500,000","5,000,000","7,200,000","5,200,000","5,800,000","-2,700,000","7,200,000",,,,,,,,,,,,,,,,
	NetIncome,"827,500,000","158,100,000","230,400,000","218,300,000","220,700,000","150,200,000","216,200,000","189,700,000","229,800,000","144,400,000","157,300,000","138,500,000","175,700,000","142,800,000","146,300,000","121,700,000","157,800,000","405,600,000","133,400,000","72,900,000","131,500,000","110,400,000","124,000,000","111,600,000","113,000,000","109,100,000","120,400,000","73,700,000","107,200,000","106,600,000","115,900,000","88,800,000","102,600,000","92,200,000","107,900,000","86,600,000","107,700,000","80,800,000","93,900,000","79,300,000","95,800,000","63,800,000","79,600,000","82,600,000","83,600,000","46,993,000","69,478,000","74,275,000","79,971,000","52,780,000","70,028,000","58,156,000","62,576,000","44,229,000","48,989,000","45,765,000","56,191,000","31,677,000","51,716,000","40,533,000","45,099,000","23,910,000","38,664,000","36,406,000","39,947,000","16,227,000","34,598,000","34,380,000","37,701,000","11,928,000","27,401,000","19,573,000","29,906,000","15,867,000","19,522,000","24,626,000","20,946,000","15,540,000","17,575,000","18,652,000","14,923,000","6,113,000","15,246,000","13,478,000","12,147,000","10,688,000","-1,236,000","12,375,000","11,732,000","11,200,000","11,400,000","10,500,000","12,400,000","8,700,000","7,800,000","7,900,000","5,900,000","5,600,000","6,400,000","7,300,000","5,200,000","6,000,000","5,200,000","6,100,000","3,800,000","1,800,000","1,600,000","5,600,000","1,100,000","-2,400,000","-300,000","6,400,000","2,400,000","6,700,000","9,700,000","6,400,000","3,400,000","8,300,000","9,400,000","7,400,000","4,400,000","6,600,000","7,800,000","5,700,000","6,500,000","5,000,000","7,200,000","5,200,000","5,800,000","-2,700,000","7,200,000",,,,,,,,,,,,,,,,
		NetIncomeIncludingNoncontrollingInterests,"827,500,000","158,100,000","230,400,000","218,300,000","220,700,000","150,200,000","216,200,000","189,700,000","229,800,000","144,400,000","157,300,000","138,500,000","175,700,000","142,800,000","146,300,000","121,700,000","157,800,000","405,600,000","133,400,000","72,900,000","131,500,000","110,400,000","124,000,000","111,600,000","113,000,000","109,100,000","120,400,000","73,700,000","107,200,000","106,600,000","115,900,000","88,800,000","102,600,000","92,200,000","107,900,000","86,600,000","107,700,000","80,800,000","93,900,000","79,300,000","95,800,000","63,800,000","79,600,000","82,600,000","83,600,000","46,974,000","69,474,000","74,273,000","79,973,000","52,764,000","70,024,000","58,157,000","62,583,000","44,230,000","48,989,000","45,770,000","56,193,000","31,704,000","51,707,000","40,526,000","45,094,000","23,907,000","38,660,000","36,409,000","39,947,000","16,161,000","34,590,000","34,372,000","37,692,000","11,915,000","27,405,000","19,580,000","29,912,000","15,875,000","19,529,000","24,632,000","20,955,000","15,554,000","17,575,000","18,692,000","15,012,000","6,219,000","15,275,000","15,248,000","14,131,000","10,651,000","-1,074,000","12,482,000","11,787,000","11,300,000","11,600,000","10,700,000","12,400,000","8,700,000","7,800,000","7,900,000","5,900,000","5,600,000","6,400,000","7,300,000","5,200,000","6,000,000","5,200,000","6,100,000","3,800,000","1,800,000","1,600,000","5,600,000","1,100,000","-2,400,000","-300,000","6,400,000","2,400,000","6,700,000","9,700,000","6,400,000","3,400,000","8,300,000","9,400,000","7,400,000","4,400,000","6,600,000","7,800,000","5,700,000","6,500,000","5,000,000","7,200,000","5,200,000","5,800,000","-2,700,000","7,200,000","2,100,000","2,000,000","2,900,000","4,700,000","3,900,000","4,900,000","4,600,000","5,200,000","3,000,000","1,200,000","3,500,000","4,200,000","2,100,000","3,100,000","3,700,000","3,900,000"
			NetIncomeContinuousOperations,"827,500,000","158,100,000","230,400,000","218,300,000","220,700,000","150,200,000","216,200,000","189,700,000","229,800,000","144,400,000","157,300,000","138,500,000","175,700,000","142,800,000","146,300,000","121,700,000","157,800,000","405,600,000","133,400,000","72,900,000","131,500,000","110,400,000","124,000,000","111,600,000","113,000,000","109,100,000","120,400,000","73,700,000","107,200,000","106,600,000","115,900,000","88,800,000","102,600,000","92,200,000","107,900,000","86,600,000","107,700,000","80,800,000","93,900,000","79,300,000","95,800,000","63,800,000","79,600,000","82,600,000","83,600,000","46,974,000","69,474,000","74,273,000","79,973,000","52,764,000","70,024,000","58,157,000","62,583,000","44,237,000","48,989,000","45,765,000","56,191,000","31,677,000","51,716,000","40,533,000","45,099,000","23,910,000","38,664,000","36,406,000","39,947,000","16,227,000","34,598,000","34,380,000","37,701,000","11,928,000","27,401,000","19,573,000","29,906,000","15,867,000","19,522,000","24,626,000","20,946,000","15,540,000","17,575,000","18,652,000","14,923,000","6,113,000","15,246,000","13,478,000","12,147,000","10,688,000","-1,236,000","12,375,000","11,732,000","11,200,000","11,400,000","10,500,000","12,400,000","8,700,000","7,800,000","7,900,000","5,900,000","5,600,000","6,400,000","7,300,000","5,200,000","6,000,000","5,200,000","6,100,000","3,800,000","1,800,000","1,600,000","5,600,000","1,100,000","-2,400,000","-300,000","6,400,000","2,400,000","7,200,000","9,700,000","6,400,000","6,100,000","8,300,000","9,400,000","7,400,000","4,400,000","6,600,000","7,800,000","5,700,000","6,500,000","5,000,000","7,200,000","5,200,000","5,800,000","-2,700,000","7,200,000","2,100,000","2,000,000","2,900,000","4,700,000","3,900,000","4,900,000","4,600,000","5,200,000","3,000,000","1,200,000","3,500,000","4,200,000","2,100,000","3,100,000","3,700,000","3,900,000"
			NetIncomeExtraordinary,,,,,,,,,,,,,,,,,,,,,,,,,,,,,,,,,,,,,,,,,,,,,,,,,,,,,,,,,,,,,,,,,,,,,,,,,,,,,,,,,,,,,,,,,,,,,,,,,,,,,,,,,,,,,,,,,,"-500,000",,,"-2,700,000",,,,,,,,,,,,,,,,,,,,,,,,,,,,,,
		MinorityInterests,,,,,,,,,,,,,,,,,,,,,,,,,,,,,,,,,,,,,,,"0","0","0","0","0","0","0","19,000","4,000","2,000","-2,000","16,000","4,000","-1,000","-7,000","-1,000",,"-5,000","-2,000","-27,000","9,000","7,000","5,000","3,000","4,000","-3,000",,"66,000","8,000","8,000","9,000","13,000","-4,000","-7,000","-6,000","-8,000","-7,000","-6,000","-9,000","-14,000",,"-40,000","-89,000","-106,000","-29,000","-1,770,000","-1,984,000","37,000","-162,000","-107,000","-55,000","-100,000","-200,000","-200,000",,,,,,,,,,,,,,,,,,,,,,,,,,,,,,,,,,,,,,,,,,,,,,,,,,,,,,,
	OtherunderPreferredStockDividend,,,,,,,,,,,,,,,,,,,,,,,,,,,,,,,,,,,,,,,,,,,,,,,,,,,,,"7,000",,,,,,,,,,,,,,,,,,,,,,,,,,,,,,,,,,,,,,,,,,,,,,,,,,,,,,,,,,,,,,,,,,,,,,,,,,,,,,,,,,,,,,,,,,,,,,
DilutedNIAvailtoComStockholders,"827,500,000","158,100,000","230,400,000","218,300,000","220,700,000","150,200,000","216,200,000","189,700,000","229,800,000","144,400,000","157,300,000","138,500,000","175,700,000","142,800,000","146,300,000","121,700,000","157,800,000","405,600,000","133,400,000","72,900,000","131,500,000","110,400,000","124,000,000","111,600,000","113,000,000","109,100,000","120,400,000","73,700,000","107,200,000","106,600,000","115,900,000","88,800,000","102,600,000","92,200,000","107,900,000","86,600,000","107,700,000","80,800,000","93,900,000","79,300,000","95,800,000","63,800,000","79,600,000","82,600,000","83,600,000","46,993,000","69,478,000","74,275,000","79,971,000","52,780,000","70,028,000","58,156,000","62,569,000","44,229,000","48,989,000","45,765,000","56,191,000","31,677,000","51,716,000","40,533,000","45,099,000","23,910,000","38,664,000","36,406,000","39,947,000","16,227,000","34,598,000","34,380,000","37,701,000","11,928,000","27,401,000","19,573,000","29,906,000","15,867,000","19,522,000","24,626,000","20,946,000","15,540,000","17,575,000","18,652,000","14,923,000","6,113,000","15,246,000","13,478,000","12,147,000","10,688,000","-1,236,000","12,375,000","11,732,000","11,200,000","11,400,000","10,500,000","12,400,000","8,700,000","7,800,000","7,900,000","5,900,000","5,600,000","6,400,000","7,300,000","5,200,000","6,000,000","5,200,000","6,100,000","3,800,000","1,800,000","1,600,000","5,600,000","1,100,000","-2,400,000","-300,000","6,400,000","2,400,000","6,700,000","9,700,000","6,400,000","3,400,000","8,300,000","9,400,000","7,400,000","4,400,000","6,600,000","7,800,000","5,700,000","6,500,000","5,000,000","7,200,000","5,200,000","5,800,000","-2,700,000","7,200,000",,,,,,,,,,,,,,,,
BasicEPS,,"0.65","0.94","0.89","0.9","0.61","0.87","0.77","0.94","0.59","0.64","0.56","0.71","0.58","0.6","0.5","0.64","1.63","0.53","0.29","0.52","0.43","0.48","0.435","0.435","0.42","0.46","0.28","0.405","0.4","0.435","0.33","0.37","0.33","0.39","0.31","0.39","0.29","0.335","0.285","0.335",,"0.275","0.29","0.293",,"0.245","0.263","0.283",,"0.248","0.208","0.223",,"0.18","0.173","0.213",,"0.195","0.155","0.173",,"0.15","0.14","0.155",,"0.135","0.135","0.15",,"0.11","0.08","0.122",,"0.08","0.102","0.087",,"0.073","0.078","0.063",,"0.065","0.058","0.053",,"-0.005","0.053","0.05",,"0.048","0.045","0.053",,"0.033","0.035","0.025",,"0.028","0.032","0.023",,"0.023","0.027","0.017",,"0.007","0.025","0.005",,"-0.002","0.027","0.01",,"0.04","0.027","0.013",,"0.038","0.03","0.018",,"0.032","0.025","0.028",,"0.03","0.022","0.023",,"0.03","0.008","0.008",,"0.018","0.015","0.018",,"0.02","0.012","0.005",,"0.017","0.008","0.013",,"0.017"
DilutedEPS,,"0.64","0.92","0.87","0.88","0.59","0.85","0.75","0.92","0.58","0.62","0.55","0.7","0.57","0.58","0.49","0.63","1.6","0.52","0.29","0.51","0.42","0.47","0.425","0.43","0.41","0.45","0.275","0.4","0.39","0.425","0.325","0.365","0.325","0.38","0.305","0.38","0.285","0.33","0.28","0.33",,"0.27","0.285","0.288",,"0.24","0.258","0.278",,"0.245","0.203","0.22",,"0.173","0.165","0.203",,"0.188","0.148","0.165",,"0.143","0.135","0.15",,"0.128","0.128","0.14",,"0.105","0.075","0.117",,"0.077","0.098","0.083",,"0.07","0.075","0.06",,"0.062","0.055","0.05",,"-0.005","0.052","0.048",,"0.047","0.043","0.052",,"0.033","0.033","0.025",,"0.027","0.032","0.022",,"0.022","0.027","0.017",,"0.007","0.025","0.005",,"-0.002","0.027","0.01",,"0.04","0.027","0.013",,"0.038","0.03","0.018",,"0.032","0.023","0.027",,"0.028","0.02","0.023",,"0.028","0.008","0.008",,"0.018","0.015","0.018",,"0.02","0.012","0.005",,"0.017","0.008","0.013",,"0.017"
BasicAverageShares,,"244,100,000","245,300,000","245,200,000","245,200,000","247,900,000","247,700,000","246,200,000","245,600,000","245,300,000","246,800,000","246,400,000","246,100,000","246,600,000","245,700,000","244,800,000","244,900,000","248,900,000","249,700,000","249,800,000","254,100,000","256,400,000","258,000,000","257,000,000","258,800,000","261,200,000","262,200,000","261,800,000","264,000,000","267,800,000","267,400,000","269,600,000","276,000,000","278,000,000","277,600,000","277,000,000","276,600,000","278,400,000","279,000,000","279,000,000","284,600,000",,"287,400,000","286,600,000","285,600,000",,"284,436,000","284,024,000","283,092,000",,"281,676,000","281,368,000","280,936,000",,"273,600,000","266,296,000","265,372,000",,"263,652,000","263,216,000","262,280,000",,"259,864,000","258,808,000","257,912,000",,"256,408,000","254,684,000","253,284,000",,"248,020,000","246,260,868","245,169,416",,"241,787,108","240,671,664","239,550,224",,"238,644,676","237,385,308","235,484,256",,"233,949,024","233,049,476","231,112,444",,"229,295,352","228,912,000","232,074,000",,"235,744,197","233,216,725","232,383,808",,"233,883,058","225,601,485","235,882,059",,"225,769,468","230,411,110","222,745,770",,"222,745,770","228,635,682","227,886,057",,"239,880,060","223,888,056","219,890,055",,"179,910,045","239,880,060","239,880,060",,"242,378,811","239,880,060","254,872,564",,"245,094,844","246,543,395","239,880,060",,"246,192,693","227,886,057","229,297,116",,"239,880,060","239,880,060","248,447,205",,"239,880,060","248,407,796","251,874,064",,"266,338,832","266,338,832","263,736,132",,"263,724,136","263,352,324","248,959,520",,"248,515,744","241,739,132","240,887,556",,"239,880,060"
DilutedAverageShares,,"248,700,000","249,800,000","250,000,000","249,800,000","253,000,000","253,300,000","251,300,000","251,000,000","250,800,000","252,900,000","252,700,000","251,900,000","252,500,000","251,100,000","249,300,000","250,000,000","253,700,000","255,300,000","255,600,000","259,700,000","260,300,000","262,700,000","261,800,000","263,600,000","266,200,000","267,200,000","266,800,000","269,200,000","272,600,000","272,000,000","274,600,000","281,200,000","283,200,000","282,600,000","282,200,000","281,800,000","283,400,000","284,400,000","284,400,000","289,800,000",,"292,600,000","291,800,000","290,400,000",,"288,912,000","288,852,000","288,028,000",,"286,496,000","285,712,000","285,248,000",,"285,084,000","284,268,000","283,268,000",,"281,364,000","281,288,000","280,096,000",,"276,260,000","275,072,000","274,196,000",,"278,136,000","276,888,000","276,008,000",,"259,740,000","259,262,368","257,805,096",,"253,361,320","252,305,848","250,986,508",,"251,124,436","251,004,496","248,803,600",,"246,098,952","244,977,512","241,877,060",,"237,697,152","237,900,000","242,694,000",,"244,163,632","242,186,599","239,880,060",,"233,883,058","236,881,559","235,882,059",,"239,880,060","230,411,110","239,880,060",,"239,880,060","228,635,682","227,886,057",,"239,880,060","223,888,056","219,890,055",,"179,910,045","239,880,060","239,880,060",,"242,378,811","239,880,060","254,872,564",,"245,094,844","246,543,395","239,880,060",,"246,192,693","244,163,632","243,628,186",,"253,990,652","259,870,065","248,447,205",,"253,990,652","248,407,796","251,874,064",,"266,338,832","266,338,832","263,736,132",,"263,724,136","263,352,324","248,959,520",,"248,515,744","241,739,132","240,887,556",,"239,880,060"
TotalOperatingIncomeAsReported,"1,079,100,000","176,400,000","301,400,000","298,700,000","302,600,000","190,600,000","273,800,000","250,700,000","314,600,000","195,200,000","216,800,000","187,400,000","240,800,000","193,400,000","204,200,000","173,800,000","220,300,000","214,700,000","198,700,000","123,200,000","196,100,000","173,400,000","196,000,000","175,300,000","179,500,000","169,200,000","190,600,000","142,300,000","172,100,000","163,800,000","177,200,000","138,200,000","162,000,000","144,600,000","167,800,000","140,500,000","169,300,000","134,600,000","145,400,000","122,400,000","142,700,000","117,400,000","126,300,000","117,800,000","131,100,000","80,054,000","112,955,000","119,990,000","131,954,000","91,329,000","117,901,000","99,002,000","104,660,000","80,139,000","85,548,000","81,883,000","92,762,000","57,726,000","88,615,000","76,550,000","82,143,000","44,237,000","68,889,000","66,656,000","72,320,000","31,905,000","53,889,000","59,830,000","67,152,000","38,464,000","53,401,000","41,428,000","38,460,000","29,147,000","28,874,000","25,049,000","28,781,000","24,845,000","28,149,000","24,293,000","27,227,000","24,229,000","25,835,000","22,505,000","20,952,000","15,850,000","20,217,000","19,341,000","18,664,000","12,000,000","17,500,000","15,000,000","11,500,000","13,500,000","12,000,000","7,800,000","8,500,000","6,500,000","9,200,000","8,600,000","6,200,000","7,000,000","7,000,000","8,500,000","4,700,000","-3,500,000","5,400,000","6,700,000","-200,000","-6,100,000","-2,600,000","8,400,000","1,800,000","2,100,000","14,600,000","9,700,000","9,300,000","12,100,000","14,600,000","11,200,000","6,800,000","9,500,000","12,300,000","8,500,000","10,000,000","6,700,000","10,400,000","7,500,000","9,300,000","7,200,000","11,800,000",,,,,,,,,,,,,,,,
TotalExpenses,"4,111,000,000","1,192,300,000","1,010,000,000","972,400,000","936,300,000","1,104,700,000","967,200,000","943,600,000","850,600,000","949,000,000","872,600,000","892,000,000","803,900,000","881,000,000","833,400,000","854,100,000","785,700,000","818,400,000","769,200,000","774,800,000","681,100,000","722,600,000","674,700,000","702,100,000","669,500,000","704,400,000","671,200,000","704,800,000","640,200,000","701,700,000","664,600,000","670,100,000","620,000,000","678,000,000","637,000,000","647,100,000","610,000,000","675,100,000","579,800,000","574,000,000","547,900,000","613,700,000","574,700,000","557,100,000","511,200,000","576,825,000","543,946,000","520,897,000","502,599,000","579,450,000","528,256,000","524,117,000","476,207,000","564,761,000","545,124,000","512,076,000","460,105,000","522,149,000","491,823,000","469,922,000","432,192,000","481,871,000","449,689,000","391,928,000","370,071,000","399,369,000","388,854,000","381,985,000","353,522,000","366,512,000","366,909,000","299,357,000","257,531,000","257,600,000","236,692,000","231,214,000","219,517,000","243,253,000","235,637,000","234,170,000","229,575,000","272,386,000","244,792,000","234,590,000","235,575,000","188,533,000","179,630,000","180,522,000","172,968,000","171,000,000","168,400,000","171,400,000","163,200,000","168,500,000","164,800,000","165,700,000","143,500,000","150,600,000","137,100,000","133,300,000","123,400,000","127,500,000","130,100,000","126,100,000","116,800,000","121,800,000","115,100,000","122,300,000","118,200,000","122,400,000","135,200,000","122,300,000","109,700,000","107,600,000","119,200,000","126,000,000","119,200,000","127,300,000","118,400,000","117,200,000","108,700,000","125,500,000","110,900,000","109,400,000","99,400,000","112,000,000","97,300,000","96,600,000","88,700,000","93,700,000","88,200,000",,,,,,,,,,,,,,,,
NetIncomeFromContinuingAndDiscontinuedOperation,"827,500,000","158,100,000","230,400,000","218,300,000","220,700,000","150,200,000","216,200,000","189,700,000","229,800,000","144,400,000","157,300,000","138,500,000","175,700,000","142,800,000","146,300,000","121,700,000","157,800,000","405,600,000","133,400,000","72,900,000","131,500,000","110,400,000","124,000,000","111,600,000","113,000,000","109,100,000","120,400,000","73,700,000","107,200,000","106,600,000","115,900,000","88,800,000","102,600,000","92,200,000","107,900,000","86,600,000","107,700,000","80,800,000","93,900,000","79,300,000","95,800,000","63,800,000","79,600,000","82,600,000","83,600,000","46,993,000","69,478,000","74,275,000","79,971,000","52,780,000","70,028,000","58,156,000","62,576,000","44,229,000","48,989,000","45,765,000","56,191,000","31,677,000","51,716,000","40,533,000","45,099,000","23,910,000","38,664,000","36,406,000","39,947,000","16,227,000","34,598,000","34,380,000","37,701,000","11,928,000","27,401,000","19,573,000","29,906,000","15,867,000","19,522,000","24,626,000","20,946,000","15,540,000","17,575,000","18,652,000","14,923,000","6,113,000","15,246,000","13,478,000","12,147,000","10,688,000","-1,236,000","12,375,000","11,732,000","11,200,000","11,400,000","10,500,000","12,400,000","8,700,000","7,800,000","7,900,000","5,900,000","5,600,000","6,400,000","7,300,000","5,200,000","6,000,000","5,200,000","6,100,000","3,800,000","1,800,000","1,600,000","5,600,000","1,100,000","-2,400,000","-300,000","6,400,000","2,400,000","7,200,000","9,700,000","6,400,000","6,100,000","8,300,000","9,400,000","7,400,000","4,400,000","6,600,000","7,800,000","5,700,000","6,500,000","5,000,000","7,200,000","5,200,000","5,800,000","-2,700,000","7,200,000",,,,,,,,,,,,,,,,
NormalizedIncome,"827,500,000","158,100,000","230,400,000","218,148,000","220,775,800","150,115,093.273","216,200,000","189,458,800","229,723,200","143,912,436.691","157,064,755.733","138,337,400","175,309,500","141,989,097.104","146,065,700","121,621,700","157,407,000","405,240,000","132,829,600","72,712,800","131,223,600","110,009,203.54","123,742,400","111,338,800","112,804,100","108,901,516.07","120,270,400","73,391,500","106,875,500","106,200,250","115,498,600","88,405,200","102,272,500","91,802,586.207","107,503,400","86,141,500","107,238,000","80,427,649.77","93,642,739.726","78,977,904.143","95,666,201.117","63,800,000","79,600,000","82,391,764.706","83,282,370.821","50,413,956.454","69,393,316.438","74,169,091.672","79,781,513.199","52,721,712.311","69,610,964.808","57,408,411.465","62,025,035.34","45,173,447.068","50,153,341.988","44,517,234.607","53,126,281.836","29,101,031.286","49,564,539.203","39,281,050.934","44,318,383.736","22,092,372.674","38,362,102.92","35,498,222.458","37,799,305.345","50,571,158.024","34,285,055.631","33,613,934.347","37,672,983.565","21,812,257.269","26,387,914.643","24,713,088.533","29,621,251.143","16,185,392.964","19,407,045.356","24,180,346.443","20,942,732.599","31,604,416.335","18,294,632.079","18,943,337.233","14,674,494.874","8,115,800","15,084,932.556","13,409,353.642","12,534,780.589","9,781,908.199","11,322,600","11,682,236.842","10,837,085.178","7,213,559.322","10,278,688.525","9,036,363.636","6,791,959.799","9,750,000","6,933,333.333","4,514,285.714","4,906,315.789","4,115,662.651","5,494,339.623","5,349,137.931","3,868,292.683","4,568,181.818","4,271,428.571","5,282,474.227","2,803,278.689","-3,027,272.727","3,040,000","3,982,222.222","-580,000","-3,938,461.538","-1,620,000","4,950,943.396","1,073,684.211","1,221,428.571","8,500,000","6,086,274.51","5,726,530.612","7,729,770.992","9,026,490.066","6,898,305.085","4,214,084.507","6,142,574.257","7,488,000","5,003,333.333","5,875,000","3,782,051.282","4,560,000","4,121,951.22","5,290,109.89","120,000","7,518,584.071",,,,,,,,,,,,,,,,
InterestIncome,,,,,,,,,,,,,,,,,,,,,,,,,,,,,,,,,,,,,,,"400,000","200,000","500,000","500,000","600,000","300,000","500,000",,,,,,,,,,,,,,,,,,,,,,,,,,,,,,,,,,,,,,,,,,,,,,,,,,,,,,,,,,,,,,,,,,,,,,,,,,,,,,,,,,,,,,,,,,,,,,,,,,,,,,
InterestExpense,"54,500,000","13,000,000","13,400,000","14,100,000","14,000,000","14,000,000","13,900,000","16,800,000","16,300,000","18,000,000","18,900,000","18,900,000","17,800,000","19,700,000","19,400,000","20,200,000","20,100,000","18,700,000","16,400,000","9,300,000","8,200,000","7,000,000","6,800,000","7,100,000","6,800,000","7,600,000","7,400,000","7,900,000","7,600,000","6,900,000","6,900,000","6,900,000","6,700,000","6,700,000","7,000,000","7,000,000","7,000,000","6,300,000","2,600,000","2,400,000","2,700,000","1,200,000","2,200,000","2,600,000","2,700,000","6,235,000","8,052,000","5,326,000","8,164,000","8,979,000","8,609,000","9,231,000","8,749,000",,,,,,,,,,,,,,,,,,,,,,,,,,,,,,,,,,,,,,,,,,,,,,,,,,,,,,,,,,,,,,,,,,,,,,,,,,,,,,,,,,,,,,,,,,,,,,
NetInterestIncome,"-54,500,000","-13,000,000","-13,400,000","-14,100,000","-14,000,000","-14,000,000","-13,900,000","-16,800,000","-16,300,000","-18,000,000","-18,900,000","-18,900,000","-17,800,000","-19,700,000","-19,400,000","-20,200,000","-20,100,000","-18,700,000","-16,400,000","-9,300,000","-8,200,000","-7,000,000","-6,800,000","-7,100,000","-6,800,000","-7,600,000","-7,400,000","-7,900,000","-7,600,000","-6,900,000","-6,900,000","-6,900,000","-6,700,000","-6,700,000","-7,000,000","-7,000,000","-7,000,000","-7,400,000","-2,200,000","-2,200,000","-2,200,000","-700,000","-1,600,000","-2,300,000","-2,200,000","-5,638,000","-8,052,000","-5,326,000","-8,164,000","-8,979,000","-8,609,000","-9,231,000","-8,749,000",,,,,,,,,,,,,,,,,,,,,,,,,,,,,,,,,,,,,,,,,,,,,,,,,,,,,,,,,,,,,,,,,,,,,,,,,,,,,,,,,,,,,,,,,,,,,,
EBIT,"1,086,200,000","177,100,000","302,700,000","301,400,000","305,000,000","190,900,000","275,400,000","252,800,000","315,700,000","195,700,000","219,500,000","189,200,000","242,900,000","195,800,000","206,700,000","175,600,000","220,800,000","217,400,000","203,400,000","126,100,000","198,400,000","176,500,000","199,200,000","178,100,000","179,800,000","172,500,000","193,100,000","127,400,000","172,900,000","166,900,000","180,100,000","141,900,000","163,400,000","145,900,000","170,200,000","139,200,000","170,200,000","136,500,000","148,600,000","125,500,000","145,900,000","119,200,000","128,200,000","121,600,000","134,300,000","76,896,000","113,883,000","121,741,000","133,513,000","94,071,000","121,276,000","104,216,000","108,241,000","95,004,000","85,548,000","81,883,000","92,762,000","57,546,000","88,615,000","76,550,000","82,143,000","44,237,000","68,889,000","66,656,000","72,320,000","31,905,000","53,889,000","59,830,000","67,152,000","38,464,000","53,401,000","41,428,000","38,460,000","29,147,000","28,874,000","25,049,000","28,781,000","24,845,000","28,149,000","24,293,000","27,227,000","24,229,000","25,835,000","22,505,000","20,952,000","15,850,000","20,217,000","19,341,000","18,664,000","12,000,000","17,500,000","15,000,000","11,500,000","13,500,000","12,000,000","7,800,000","8,500,000","6,500,000","9,200,000","8,600,000","6,200,000","7,000,000","7,000,000","8,500,000","4,700,000","-3,500,000","5,400,000","6,700,000","-200,000","-6,100,000","-2,600,000","8,400,000","1,800,000","2,100,000","14,600,000","9,700,000","9,300,000","12,100,000","14,600,000","11,200,000","6,800,000","9,500,000","12,300,000","8,500,000","10,000,000","6,700,000","10,400,000","7,500,000","9,300,000","7,200,000","11,800,000","95,700,000","91,000,000","-228,900,000","88,600,000","84,400,000","83,000,000","-207,700,000","85,900,000","75,100,000","69,900,000","-181,500,000","72,700,000","62,800,000","64,300,000","-146,700,000","61,500,000"
EBITDA,"1,305,300,000"
ReconciledCostOfRevenue,"2,926,600,000","787,500,000","732,200,000","718,900,000","688,000,000","737,900,000","675,800,000","634,700,000","633,200,000","620,200,000","581,700,000","597,900,000","573,900,000","600,100,000","577,500,000","573,000,000","554,500,000","551,700,000","529,400,000","487,600,000","477,900,000","488,000,000","475,100,000","469,400,000","470,000,000","476,200,000","476,000,000","474,000,000","456,800,000","475,900,000","474,300,000","451,900,000","442,600,000","450,900,000","439,600,000","436,600,000","429,200,000","451,300,000","397,700,000","393,400,000","388,100,000","414,600,000","391,100,000","374,900,000","354,200,000","364,433,000","367,962,000","350,002,000","349,058,000","385,583,000","361,272,000","341,568,000","331,509,000","390,862,000","379,578,000","351,479,000","328,761,000","357,773,000","351,031,000","329,779,000","314,459,000","321,716,000","315,618,000","273,791,000","273,399,000","290,942,000","275,213,000","272,914,000","260,437,000","248,415,000","259,721,000","221,109,000","199,429,000","202,705,000","185,024,000","176,690,000","174,464,000","187,265,000","182,586,000","182,525,000","183,552,000","191,162,000","166,524,000","160,096,000","162,429,000","116,452,000","104,728,000","104,129,000","101,558,000","98,300,000","96,200,000","97,500,000","93,100,000","86,600,000","97,000,000","94,700,000","83,700,000","87,900,000","79,700,000","77,600,000","71,300,000","77,800,000","74,800,000","73,400,000","66,400,000","71,300,000","67,800,000","72,100,000","65,500,000","75,900,000","69,900,000","69,700,000","61,100,000","60,000,000","68,900,000","69,100,000","64,100,000","71,300,000","69,000,000","67,500,000","59,200,000","74,400,000","67,900,000","66,500,000","63,700,000","68,600,000","62,100,000","61,900,000","60,700,000","62,800,000","63,500,000",,,,,,,,,,,,,,,,
ReconciledDepreciation,"219,100,000","54,200,000","54,600,000","55,400,000","54,900,000","50,800,000","46,500,000","46,200,000","46,200,000","46,500,000","47,000,000","44,300,000","38,600,000","35,700,000","35,500,000","34,200,000","35,700,000","33,800,000","32,400,000","29,900,000","29,300,000","27,400,000","25,800,000","26,500,000","27,900,000","24,700,000","24,900,000","25,400,000","26,000,000","23,500,000","22,000,000","22,900,000","22,800,000","22,600,000","21,600,000","22,700,000","23,600,000","25,600,000","20,100,000","20,100,000","19,200,000","18,400,000","19,500,000","19,800,000","19,400,000","17,134,000","18,084,000","18,169,000","18,185,000","20,461,000","21,285,000","21,936,000","21,670,000","19,386,000","20,367,000","16,439,000","15,212,000","13,574,000","14,064,000","14,419,000","14,614,000","13,585,000","13,219,000","12,439,000","12,484,000","10,736,000","11,308,000","11,219,000","10,895,000","10,202,000","10,240,000","9,667,000","8,984,000","7,924,000","7,412,000","7,380,000","7,508,000","6,571,000","7,334,000","7,503,000","6,482,000","8,194,000","7,299,000","6,109,000","6,241,000","6,990,000","4,975,000","5,892,000","5,597,000","5,000,000","4,800,000","5,000,000","4,500,000","4,000,000","4,200,000","4,200,000","4,100,000","3,800,000","3,500,000","3,500,000","3,400,000","3,300,000","3,400,000","3,500,000","3,400,000","3,200,000","3,500,000","3,200,000","3,200,000","2,800,000","2,600,000","3,200,000","3,100,000","800,000","3,300,000","3,300,000","3,200,000","2,500,000","2,900,000","3,100,000","3,000,000","2,700,000","2,800,000","3,000,000","2,700,000","2,700,000","2,600,000","2,700,000","2,500,000","2,600,000","2,500,000",,,,,,,,,,,,,,,,
NetIncomeFromContinuingOperationNetMinorityInterest,"827,500,000","158,100,000","230,400,000","218,300,000","220,700,000","150,200,000","216,200,000","189,700,000","229,800,000","144,400,000","157,300,000","138,500,000","175,700,000","142,800,000","146,300,000","121,700,000","157,800,000","405,600,000","133,400,000","72,900,000","131,500,000","110,400,000","124,000,000","111,600,000","113,000,000","109,100,000","120,400,000","73,700,000","107,200,000","106,600,000","115,900,000","88,800,000","102,600,000","92,200,000","107,900,000","86,600,000","107,700,000","80,800,000","93,900,000","79,300,000","95,800,000","63,800,000","79,600,000","82,600,000","83,600,000","46,993,000","69,478,000","74,275,000","79,971,000","52,780,000","70,028,000","58,156,000","62,576,000","44,229,000","48,989,000","45,765,000","56,191,000","31,677,000","51,716,000","40,533,000","45,099,000","23,910,000","38,664,000","36,406,000","39,947,000","16,227,000","34,598,000","34,380,000","37,701,000","11,928,000","27,401,000","19,573,000","29,906,000","15,867,000","19,522,000","24,626,000","20,946,000","15,540,000","17,575,000","18,652,000","14,923,000","6,113,000","15,246,000","13,478,000","12,147,000","10,688,000","-1,236,000","12,375,000","11,732,000","11,200,000","11,400,000","10,500,000","12,400,000","8,700,000","7,800,000","7,900,000","5,900,000","5,600,000","6,400,000","7,300,000","5,200,000","6,000,000","5,200,000","6,100,000","3,800,000","1,800,000","1,600,000","5,600,000","1,100,000","-2,400,000","-300,000","6,400,000","2,400,000","7,200,000","9,700,000","6,400,000","6,100,000","8,300,000","9,400,000","7,400,000","4,400,000","6,600,000","7,800,000","5,700,000","6,500,000","5,000,000","7,200,000","5,200,000","5,800,000","-2,700,000","7,200,000",,,,,,,,,,,,,,,,
TotalUnusualItemsExcludingGoodwill,,,,"200,000","-100,000","100,000",,"300,000","100,000","600,000","300,000","200,000","500,000","1,000,000","300,000","100,000","500,000","600,000","800,000","300,000","400,000","600,000","400,000","400,000","300,000","300,000","200,000","500,000","500,000","600,000","600,000","600,000","500,000","600,000","600,000","700,000","700,000","600,000","400,000","500,000","200,000",,,"300,000","500,000","-5,146,000","129,000","166,000","297,000","94,000","671,000","1,221,000","876,000","-1,511,000","-1,774,000","2,057,000","4,767,000","3,995,000","3,296,000","2,043,000","1,219,000","2,427,000","442,000","1,454,000","3,562,000","-44,286,000","399,000","1,161,000","43,000","-12,582,000","1,411,000","-7,736,000","425,000","-435,000","173,000","612,000","5,000","-23,618,000","-1,099,000","-454,000","372,000","-3,338,000","250,000","106,000","-598,000","1,400,000","-20,931,000","1,053,000","1,423,000","6,300,000","1,800,000","2,300,000","9,000,000","-1,400,000","1,400,000","5,400,000","1,600,000","2,200,000","1,500,000","3,100,000","2,100,000","2,100,000","1,500,000","1,300,000","1,600,000","5,900,000","-2,400,000","2,600,000","2,800,000","2,500,000","2,200,000","2,400,000","2,100,000","9,300,000","2,000,000","500,000","600,000","900,000","600,000","800,000","300,000","700,000","500,000","1,100,000","1,000,000","1,900,000","4,400,000","1,700,000","800,000","-4,700,000","-500,000",,,,,,,,,,,,,,,,
TotalUnusualItems,,,,"200,000","-100,000","100,000",,"300,000","100,000","600,000","300,000","200,000","500,000","1,000,000","300,000","100,000","500,000","600,000","800,000","300,000","400,000","600,000","400,000","400,000","300,000","300,000","200,000","500,000","500,000","600,000","600,000","600,000","500,000","600,000","600,000","700,000","700,000","600,000","400,000","500,000","200,000",,,"300,000","500,000","-5,146,000","129,000","166,000","297,000","94,000","671,000","1,221,000","876,000","-1,511,000","-1,774,000","2,057,000","4,767,000","3,995,000","3,296,000","2,043,000","1,219,000","2,427,000","442,000","1,454,000","3,562,000","-44,286,000","399,000","1,161,000","43,000","-12,582,000","1,411,000","-7,736,000","425,000","-435,000","173,000","612,000","5,000","-23,618,000","-1,099,000","-454,000","372,000","-3,338,000","250,000","106,000","-598,000","1,400,000","-20,931,000","1,053,000","1,423,000","6,300,000","1,800,000","2,300,000","9,000,000","-1,400,000","1,400,000","5,400,000","1,600,000","2,200,000","1,500,000","3,100,000","2,100,000","2,100,000","1,500,000","1,300,000","1,600,000","5,900,000","-2,400,000","2,600,000","2,800,000","2,500,000","2,200,000","2,400,000","2,100,000","9,300,000","2,000,000","500,000","600,000","900,000","600,000","800,000","300,000","700,000","500,000","1,100,000","1,000,000","1,900,000","4,400,000","1,700,000","800,000","-4,700,000","-500,000",,,,,,,,,,,,,,,,
NormalizedEBITDA,"1,305,300,000","231,300,000","357,300,000","356,600,000","360,000,000","241,600,000","321,900,000","298,700,000","361,800,000","241,600,000","266,200,000","233,300,000","281,000,000","230,500,000","241,900,000","209,700,000","256,000,000","250,600,000","235,000,000","155,700,000","227,300,000","203,300,000","224,600,000","204,200,000","207,400,000","196,900,000","217,800,000","152,300,000","198,400,000","189,800,000","201,500,000","164,200,000","185,700,000","167,900,000","191,200,000","161,200,000","193,100,000","161,500,000","168,300,000","145,100,000","164,900,000","137,600,000","147,700,000","141,100,000","153,200,000","99,176,000","131,838,000","139,744,000","151,401,000","114,438,000","141,890,000","124,931,000","129,035,000","115,901,000","107,689,000","96,265,000","103,207,000","67,125,000","99,383,000","88,926,000","95,538,000","55,395,000","81,666,000","77,641,000","81,242,000","86,927,000","64,798,000","69,888,000","78,004,000","61,248,000","62,230,000","58,831,000","47,019,000","37,506,000","36,113,000","31,817,000","36,284,000","55,034,000","36,582,000","32,250,000","33,337,000","35,761,000","32,884,000","28,508,000","27,791,000","21,440,000","46,123,000","24,180,000","22,838,000","10,700,000","20,500,000","17,700,000","7,000,000","18,900,000","14,800,000","6,600,000","11,000,000","8,100,000","11,200,000","9,000,000","7,500,000","8,200,000","8,900,000","10,700,000","6,500,000","-6,200,000","11,300,000","7,300,000","200,000","-5,800,000","-1,800,000","9,200,000","2,800,000","-6,400,000","19,100,000","12,500,000","11,900,000","13,700,000","17,000,000","13,500,000","9,500,000","11,500,000","14,600,000","10,400,000","11,700,000","7,500,000","8,600,000","8,500,000","11,000,000","14,500,000","14,800,000","95,700,000","91,000,000","-228,900,000","88,600,000","84,400,000","83,000,000","-207,700,000","85,900,000","75,100,000","69,900,000","-181,500,000","72,700,000","62,800,000","64,300,000","-146,700,000","61,500,000"
TaxRateForCalcs,"0.198","0.037","0.204","0.24","0.242","0.151","0.173","0.196","0.232","0.187","0.216","0.187","0.219","0.189","0.219","0.217","0.214","0.4","0.287","0.376","0.309","0.349","0.356","0.347","0.347","0.338","0.352","0.383","0.351","0.334","0.331","0.342","0.345","0.338","0.339","0.345","0.34","0.379","0.357","0.356","0.331","0.35","0.368","0.306","0.365","0.335","0.344","0.362","0.362","0.38","0.378","0.388","0.371","0.375","0.344","0.393","0.357","0.355","0.347","0.387","0.36","0.251","0.317","0.376","0.397","0.224","0.216","0.34","0.348","0.214","0.282","0.336","0.33","0.268","0.336","0.272","0.347","0.32","0.345","0.358","0.332","0.4","0.356","0.352","0.352","0.353","0.4","0.342","0.371","0.367","0.377","0.364","0.377","0.25","0.381","0.373","0.379","0.325","0.396","0.371","0.366","0.318","0.381","0.371","0.377","0.182","0.4","0.378","0.4","0.385","0.4","0.396","0.368","0.357","0.4","0.373","0.378","0.366","0.377","0.373","0.38","0.347","0.376","0.367","0.375","0.359","0.4","0.366","0.363","0.4","0.363",,,,,,,,,,,,,,,,
TaxEffectOfUnusualItems,"0","0","0","48,000","-24,200","15,093.273","0","58,800","23,200","112,436.691","64,755.733","37,400","109,500","189,097.104","65,700","21,700","107,000","240,000","229,600","112,800","123,600","209,203.54","142,400","138,800","104,100","101,516.07","70,400","191,500","175,500","200,250","198,600","205,200","172,500","202,586.207","203,400","241,500","238,000","227,649.77","142,739.726","177,904.143","66,201.117","0","0","91,764.706","182,370.821","-1,725,043.546","44,316.438","60,091.672","107,513.199","35,712.311","253,964.808","473,411.465","325,035.34","-566,552.932","-609,658.012","809,234.607","1,702,281.836","1,419,031.286","1,144,539.203","791,050.934","438,383.736","609,372.674","140,102.92","546,222.458","1,414,305.345","-9,941,841.976","86,055.631","394,934.347","14,983.565","-2,697,742.731","397,914.643","-2,595,911.467","140,251.143","-116,607.036","58,045.356","166,346.443","1,732.599","-7,553,583.665","-379,367.921","-162,662.767","123,494.874","-1,335,200","88,932.556","37,353.642","-210,219.411","493,908.199","-8,372,400","360,236.842","528,085.178","2,313,559.322","678,688.525","836,363.636","3,391,959.799","-350,000","533,333.333","2,014,285.714","606,315.789","715,662.651","594,339.623","1,149,137.931","768,292.683","668,181.818","571,428.571","482,474.227","603,278.689","1,072,727.273","-960,000","982,222.222","1,120,000","961,538.462","880,000","950,943.396","773,684.211","3,321,428.571","800,000","186,274.51","226,530.612","329,770.992","226,490.066","298,305.085","114,084.507","242,574.257","188,000","403,333.333","375,000","682,051.282","1,760,000","621,951.22","290,109.89","-1,880,000","-181,415.929",,,,,,,,,,,,,,,,