name,ttm,12/31/2021,09/30/2021,06/30/2021,03/31/2021,12/31/2020,09/30/2020,06/30/2020,03/31/2020,12/31/2019,09/30/2019,06/30/2019,03/31/2019,12/31/2018,09/30/2018,06/30/2018,03/31/2018,12/31/2017,09/30/2017,06/30/2017,03/31/2017,12/31/2016,09/30/2016,06/30/2016,03/31/2016,12/31/2015,09/30/2015,06/30/2015,03/31/2015,12/31/2014,09/30/2014,06/30/2014,03/31/2014,12/31/2013,09/30/2013,06/30/2013,03/31/2013,12/31/2012,09/30/2012,06/30/2012,03/31/2012,12/31/2011,09/30/2011,06/30/2011,03/31/2011,12/31/2010,09/30/2010,06/30/2010,03/31/2010,12/31/2009,09/30/2009,06/30/2009,03/31/2009,12/31/2008,09/30/2008,06/30/2008,03/31/2008,12/31/2007,09/30/2007,06/30/2007,03/31/2007,12/31/2006,09/30/2006,06/30/2006,03/31/2006,12/31/2005,09/30/2005,06/30/2005,03/31/2005,12/31/2004,09/30/2004,06/30/2004,03/31/2004,12/31/2003,09/30/2003,06/30/2003,03/31/2003,12/31/2002,09/30/2002,06/30/2002,03/31/2002,12/31/2001,09/30/2001,06/30/2001,03/31/2001,12/31/2000,09/30/2000,06/30/2000,03/31/2000,12/31/1999,09/30/1999,06/30/1999,03/31/1999,12/31/1998,09/30/1998,06/30/1998,03/31/1998,12/31/1997,09/30/1997,06/30/1997,03/31/1997,12/31/1996,09/30/1996,06/30/1996,03/31/1996,12/31/1995,09/30/1995,06/30/1995,03/31/1995,12/31/1994,09/30/1994,06/30/1994,03/31/1994,12/31/1993,09/30/1993,06/30/1993,03/31/1993,12/31/1992,09/30/1992,06/30/1992,03/31/1992,12/31/1991,09/30/1991,06/30/1991,03/31/1991,12/31/1990,09/30/1990,06/30/1990,03/31/1990,12/31/1989,09/30/1989,06/30/1989,03/31/1989,12/31/1988,09/30/1988,06/30/1988,03/31/1988,12/31/1987,09/30/1987,06/30/1987,03/31/1987,12/31/1986,09/30/1986,06/30/1986,03/31/1986,12/31/1985,09/30/1985
TotalRevenue,"174,272,000,000","45,768,000,000","44,332,000,000","43,190,000,000","40,981,000,000","41,865,000,000","40,979,000,000","39,297,000,000","38,436,000,000","38,338,000,000","38,607,000,000","38,842,000,000","37,956,000,000","14,255,000,000","11,457,000,000","11,477,000,000","11,380,000,000","10,531,000,000","10,382,000,000","10,318,000,000","10,385,000,000","9,944,000,000","9,880,000,000","9,960,000,000","9,884,000,000","9,528,000,000","9,389,000,000","9,492,000,000","9,467,000,000","8,928,000,000","8,757,000,000","8,733,000,000","8,496,000,000","8,151,000,000","8,066,000,000","7,980,000,000","8,183,000,000","7,516,000,000","7,358,000,000","7,457,000,000","6,788,000,000","5,463,000,000","5,613,000,000","5,509,000,000","5,413,000,000","5,429,000,000","5,266,000,000","5,353,000,000","5,205,000,000","4,636,000,000","4,517,000,000","4,488,000,000","4,773,000,000","4,817,000,000","4,852,000,000","4,863,000,000","4,569,000,000","4,455,000,000","4,413,000,000","4,381,000,000","4,374,000,000","4,205,000,000","4,137,000,000","4,098,000,000","4,107,000,000","4,210,000,000","4,022,000,000","4,107,000,000","4,345,000,000","4,342,000,000","4,479,000,000","4,633,000,000","4,722,000,000","4,501,000,000","4,773,000,000","4,634,000,000","4,900,000,000","4,332,000,000","5,218,000,000","4,971,000,000","4,827,000,000","4,942,000,000","4,778,000,000","4,663,000,000","4,732,000,000","5,106,000,000","5,026,000,000","4,971,000,000","4,891,000,000","7,689,000,000","3,781,000,000","3,724,000,000","4,263,000,000","9,328,000,000","4,093,000,000","4,115,000,000","3,901,000,000","9,243,000,000","3,925,000,000","3,482,000,000","3,388,000,000","8,617,000,000","3,444,000,000","3,499,000,000","3,390,000,000","8,615,000,000","3,408,000,000","3,514,000,000","3,418,000,000","8,085,000,000","3,497,000,000","3,444,000,000","3,366,000,000","3,660,000,000","3,298,000,000","3,493,000,000","3,261,000,000","3,657,000,000","3,363,000,000","3,453,000,000","3,451,000,000","3,679,000,000","3,412,000,000","3,596,000,000","3,608,000,000","3,759,000,000","3,645,000,000","3,726,000,000","2,856,000,000","3,024,400,000","2,937,400,000",,,,,,,,,,,,,,,,
	OperatingRevenue,"174,272,000,000","45,768,000,000","44,332,000,000","43,190,000,000","40,981,000,000","41,865,000,000","40,979,000,000","39,297,000,000","38,436,000,000","38,338,000,000","38,607,000,000","38,842,000,000","37,956,000,000","14,255,000,000","11,457,000,000","11,477,000,000","11,380,000,000","10,531,000,000","10,382,000,000","10,318,000,000","10,385,000,000","9,944,000,000","9,880,000,000","9,960,000,000","9,884,000,000","9,528,000,000","9,389,000,000","9,492,000,000","9,467,000,000","8,928,000,000","8,757,000,000","8,733,000,000","8,496,000,000","8,151,000,000","8,066,000,000","7,980,000,000","8,183,000,000","7,516,000,000","7,358,000,000","7,457,000,000","6,788,000,000","5,463,000,000","5,613,000,000","5,509,000,000","5,413,000,000","5,429,000,000","5,266,000,000","5,353,000,000","5,205,000,000","4,636,000,000","4,517,000,000","4,488,000,000","4,773,000,000","4,817,000,000","4,852,000,000","4,863,000,000","4,569,000,000","4,455,000,000","4,413,000,000","4,381,000,000","4,374,000,000","4,205,000,000","4,137,000,000","4,098,000,000","4,107,000,000","4,210,000,000","4,022,000,000","4,107,000,000","4,345,000,000","4,342,000,000","4,479,000,000","4,633,000,000","4,722,000,000","4,501,000,000","4,773,000,000","4,634,000,000","4,900,000,000","4,332,000,000","5,218,000,000","4,971,000,000","4,827,000,000","4,942,000,000","4,778,000,000","4,663,000,000","4,732,000,000","5,106,000,000","5,026,000,000","4,971,000,000","4,891,000,000","7,689,000,000","3,781,000,000","3,724,000,000","4,263,000,000","9,328,000,000","4,093,000,000","4,115,000,000","3,901,000,000","9,243,000,000","3,925,000,000","3,482,000,000","3,388,000,000","8,617,000,000","3,444,000,000","3,499,000,000","3,390,000,000","8,615,000,000","3,408,000,000","3,514,000,000","3,418,000,000","8,085,000,000","3,497,000,000","3,444,000,000","3,366,000,000","3,660,000,000","3,298,000,000","3,493,000,000","3,261,000,000","3,657,000,000","3,363,000,000","3,453,000,000","3,451,000,000","3,679,000,000","3,412,000,000","3,596,000,000","3,608,000,000","3,759,000,000","3,645,000,000","3,726,000,000","2,856,000,000","3,024,400,000","2,937,400,000",,,,,,,,,,,,,,,,
OperatingIncome,,,,,,,,,,,,,,,,,,,"824,000,000",,,,,,,,,,,,,,,"536,000,000",,,,,,,,,,,,,,,,,"487,000,000",,,,"232,000,000",,,,,"328,000,000",,"349,000,000",,,,"308,000,000",,"437,000,000",,,,,"327,000,000","417,000,000","281,000,000",,,,,"325,000,000",,,,,,"401,000,000",,,,,,,,,,,,,,,,,,,,,,,,,,,,,,,,,,,,,,,,,,,,,,,,,,,,,,,,,,,,,
NetNonOperatingInterestIncomeExpense,"-1,208,000,000","-293,000,000","-303,000,000","-298,000,000","-314,000,000","-337,000,000","-336,000,000","-374,000,000","-391,000,000","-391,000,000","-411,000,000","-428,000,000","-452,000,000",,,,,,,,,,,,,,,,,,,,,,,,,,"-68,000,000","-67,000,000","-66,000,000","-61,000,000","-49,000,000","-92,000,000",,,"-47,000,000",,,,,,,,,,,,,,,,,,,,,,,,,,,,,,,,,,,,,,,,,,,,,,,,,,,,,,,,,,,,,,,,,,,,,,,,,,,,,,,,,,,,,,,,,,,,,,,,,,,,
	InterestExpenseNonOperating,"1,208,000,000","293,000,000","303,000,000","298,000,000","314,000,000","337,000,000","336,000,000","374,000,000","391,000,000","391,000,000","411,000,000","428,000,000","452,000,000",,,,,,,,,,,,,,,,,,,,,,,,,,"68,000,000","67,000,000","66,000,000","61,000,000","49,000,000","92,000,000",,,"47,000,000",,,,,,,,,,,,,,,,,,,,,,,,,,,,,,,,,,,,,,,,,,,,,,,,,,,,,,,,,,,,,,,,,,,,,,,,,,,,,,,,,,,,,,,,,,,,,,,,,,,,
OtherIncomeExpense,"121,413,000,000","32,328,000,000","31,013,000,000","30,047,000,000","28,025,000,000","28,305,000,000","27,802,000,000","26,564,000,000","25,098,000,000","25,645,000,000","25,987,000,000","26,288,000,000","25,179,000,000","3,257,000,000","747,000,000","758,000,000","717,000,000","779,000,000","733,000,000","757,000,000","710,000,000","759,000,000","762,000,000","748,000,000","697,000,000","690,000,000","643,000,000","625,000,000","578,000,000","413,000,000","649,000,000","616,000,000","561,000,000","555,000,000","536,000,000","493,000,000","443,000,000","479,000,000","427,000,000","492,000,000","346,000,000","349,000,000","555,000,000","422,000,000","375,000,000","397,000,000","337,000,000","544,000,000","402,000,000","385,000,000","255,000,000","233,000,000","529,000,000","-114,000,000","740,000,000","661,000,000","718,000,000","656,000,000","669,000,000","624,000,000","666,000,000","634,000,000","704,000,000","729,000,000","839,000,000","666,000,000","641,000,000","699,000,000","983,000,000","852,000,000","864,000,000","1,126,000,000","1,098,000,000","675,000,000","932,000,000","775,000,000","985,000,000","764,000,000","1,184,000,000","836,000,000","827,000,000","917,000,000","989,000,000","909,000,000","933,000,000","933,000,000","916,000,000","915,000,000","902,000,000",,,,,,,,,,,,,,,,,,,,,,,,,,,,,,,,,,,,,,,,,,,,,,,,,,,,,,,,,,
	SpecialIncomeCharges,"-141,000,000","0","0","-10,000,000","-131,000,000","4,203,000,000","0","-14,000,000","-185,000,000",,,,,,,,,,,,,,,,,,,,,,,,,"0",,,,,,,,,,,,,,,,,,,,,,,,,,,,,,,,,,,,,,,,,,,,,,,,,,,,,,,,,,,,,,,,,,,,,,,,,,,,,,,,,,,,,,,,,,,,,,,,,,,,,,,,,,,,,,,,,
		OtherSpecialCharges,"141,000,000","0",,"10,000,000","131,000,000","-4,203,000,000",,"14,000,000","185,000,000",,,,,,,,,,,,,,,,,,,,,,,,,,,,,,,,,,,,,,,,,,,,,,,,,,,,,,,,,,,,,,,,,,,,,,,,,,,,,,,,,,,,,,,,,,,,,,,,,,,,,,,,,,,,,,,,,,,,,,,,,,,,,,,,,,,,,,,,,,
PretaxIncome,"6,782,000,000","1,312,000,000","2,059,000,000","1,898,000,000","1,513,000,000","5,378,000,000","1,804,000,000","2,289,000,000","1,397,000,000","1,261,000,000","1,763,000,000","1,758,000,000","1,788,000,000","228,000,000","1,033,000,000","1,102,000,000","1,218,000,000","758,000,000","824,000,000","1,134,000,000","890,000,000","605,000,000","742,000,000","813,000,000","819,000,000","659,000,000","878,000,000","936,000,000","854,000,000","732,000,000","818,000,000","901,000,000","853,000,000","536,000,000","799,000,000","767,000,000","74,000,000","619,000,000","718,000,000","588,000,000","552,000,000","455,000,000","297,000,000","616,000,000","600,000,000","545,000,000","464,000,000","439,000,000","422,000,000","508,000,000","487,000,000","630,000,000","273,000,000","-340,000,000","232,000,000","413,000,000","73,000,000","388,000,000","502,000,000","328,000,000","413,000,000","349,000,000","446,000,000","408,000,000","528,000,000","308,000,000","383,000,000","437,000,000","665,000,000","758,000,000","514,000,000","776,000,000","327,000,000","417,000,000","281,000,000","-77,000,000","282,000,000","59,000,000","-1,284,000,000","325,000,000","331,000,000","281,000,000","411,000,000","385,000,000","420,000,000","401,000,000","430,000,000","246,000,000","420,000,000","1,219,000,000","0","0","0","2,010,000,000","0","0","0","1,650,000,000","0","0","0","1,601,000,000","0","0","0","251,000,000","0","0","0","805,000,000","0","0","0","0","0","0","0","0","0","0","0","0","0","0",,"0","0","0","0","0","0",,,,,,,,,,,,,,,,
TaxProvision,"1,367,000,000","179,000,000","424,000,000","422,000,000","342,000,000","1,236,000,000","406,000,000","529,000,000","208,000,000","277,000,000","409,000,000","348,000,000","416,000,000","81,000,000","259,000,000","294,000,000","301,000,000","491,000,000","262,000,000","324,000,000","297,000,000","231,000,000","290,000,000","310,000,000","305,000,000","241,000,000","334,000,000","352,000,000","323,000,000","270,000,000","287,000,000","329,000,000","324,000,000","176,000,000","246,000,000","261,000,000","15,000,000","212,000,000","252,000,000","208,000,000","181,000,000","165,000,000","97,000,000","208,000,000","170,000,000","83,000,000","156,000,000","144,000,000","138,000,000","177,000,000","157,000,000","195,000,000","65,000,000","-130,000,000","62,000,000","140,000,000","18,000,000","125,000,000","139,000,000","111,000,000","136,000,000","117,000,000","144,000,000","135,000,000","176,000,000","98,000,000","124,000,000","66,000,000","229,000,000","233,000,000","194,000,000","261,000,000","110,000,000","127,000,000","86,000,000","-24,000,000","94,000,000","11,000,000","-407,000,000","111,000,000","113,000,000","90,000,000","141,000,000","133,000,000","144,000,000","124,000,000","152,000,000","85,000,000","149,000,000","153,000,000","69,000,000","166,000,000","151,000,000","141,000,000","141,000,000","163,000,000","273,000,000","135,000,000","148,000,000","132,000,000","149,000,000","158,000,000","153,000,000","114,000,000","120,000,000","146,000,000","-317,000,000","99,000,000","112,000,000","71,000,000","55,000,000","69,000,000","56,000,000","70,000,000","-167,000,000","34,000,000","-6,000,000","-39,000,000","-196,000,000","36,000,000","41,000,000","35,000,000","23,000,000","73,000,000",,"5,000,000","-33,000,000","54,000,000","8,000,000","64,800,000","1,000,000",,,,,,,,,,,,,,,,
EarningsFromEquityInterestNetOfTax,,,,,,,,,,,,,,,,,,,,,,,,,,,,,,,,,,,,,,,,,,,,,,,,,,,,,,,,,,,,,,,,,,,,,,,,,,,,,,,,,,,,,,,,,,,"-63,000,000","469,000,000","430,000,000",,"392,000,000","471,000,000","768,000,000",,"427,000,000","411,000,000","437,000,000",,"434,000,000","345,000,000","358,000,000",,"-883,000,000","304,000,000","402,000,000",,"178,000,000","204,000,000","170,000,000","264,000,000","-261,000,000","122,000,000","40,000,000","12,000,000","-141,000,000","161,000,000","147,000,000","147,000,000","146,000,000","243,000,000",,"112,000,000","-22,000,000","212,000,000","50,000,000","256,700,000","59,500,000",,,,,,,,,,,,,,,,
NetIncomeCommonStockholders,"5,365,000,000","1,116,000,000","1,621,000,000","1,467,000,000","1,161,000,000","4,135,000,000","1,388,000,000","1,754,000,000","1,181,000,000","977,000,000","1,351,000,000","1,408,000,000","1,368,000,000","144,000,000","772,000,000","806,000,000","915,000,000","266,000,000","560,000,000","813,000,000","598,000,000","382,000,000","456,000,000","510,000,000","519,000,000","426,000,000","547,000,000","588,000,000","533,000,000","467,000,000","534,000,000","573,000,000","528,000,000","361,000,000","553,000,000","505,000,000","57,000,000","406,000,000","466,000,000","380,000,000","371,000,000","290,000,000","200,000,000","408,000,000","429,000,000","461,000,000","307,000,000","294,000,000","283,000,000","330,000,000","329,000,000","435,000,000","208,000,000","-209,000,000","171,000,000","272,000,000","58,000,000","263,000,000","365,000,000","198,000,000","289,000,000","232,000,000","298,000,000","273,000,000","352,000,000","210,000,000","259,000,000","720,000,000","436,000,000","525,000,000","320,000,000","515,000,000","78,000,000","290,000,000","195,000,000","-53,000,000","236,000,000","47,000,000","-877,000,000","214,000,000","218,000,000","191,000,000","270,000,000","252,000,000","276,000,000","277,000,000","278,000,000","161,000,000","271,000,000","292,000,000","1,062,000,000","232,000,000","188,000,000","238,000,000","251,000,000","308,000,000","495,000,000","240,000,000","279,000,000","279,000,000","288,000,000","306,000,000","281,000,000","231,000,000","238,000,000","282,000,000","-566,000,000","205,000,000","290,000,000","182,000,000","123,000,000","135,000,000","114,000,000","194,000,000","-94,000,000","88,000,000","46,000,000","25,000,000","55,000,000","125,000,000","106,000,000","108,000,000","123,000,000","170,000,000","48,000,000","119,000,000","11,000,000","158,000,000","42,000,000","179,100,000","140,400,000","144,000,000","85,500,000","115,900,000","114,200,000","145,100,000","71,000,000","78,300,000","183,600,000","219,200,000","160,700,000","153,400,000","146,600,000","111,100,000","71,700,000","-1,009,400,000","137,400,000"
	NetIncome,"5,365,000,000","1,116,000,000","1,621,000,000","1,467,000,000","1,161,000,000","4,135,000,000","1,388,000,000","1,754,000,000","1,181,000,000","977,000,000","1,351,000,000","1,408,000,000","1,368,000,000","144,000,000","772,000,000","806,000,000","915,000,000","266,000,000","560,000,000","813,000,000","598,000,000","382,000,000","456,000,000","510,000,000","519,000,000","426,000,000","547,000,000","588,000,000","533,000,000","467,000,000","534,000,000","573,000,000","528,000,000","361,000,000","553,000,000","505,000,000","57,000,000","406,000,000","466,000,000","380,000,000","371,000,000","290,000,000","200,000,000","408,000,000","429,000,000","461,000,000","307,000,000","294,000,000","283,000,000","330,000,000","329,000,000","435,000,000","208,000,000","-209,000,000","171,000,000","272,000,000","58,000,000","263,000,000","365,000,000","198,000,000","289,000,000","232,000,000","298,000,000","273,000,000","352,000,000","210,000,000","259,000,000","720,000,000","436,000,000","525,000,000","320,000,000","515,000,000","78,000,000","290,000,000","195,000,000","-53,000,000","236,000,000","47,000,000","-877,000,000","214,000,000","218,000,000","191,000,000","270,000,000","252,000,000","276,000,000","277,000,000","278,000,000","161,000,000","271,000,000","292,000,000","1,062,000,000","232,000,000","188,000,000","238,000,000","251,000,000","308,000,000","495,000,000","240,000,000","279,000,000","279,000,000","288,000,000","306,000,000","281,000,000","231,000,000","238,000,000","282,000,000","-566,000,000","205,000,000","290,000,000","182,000,000","123,000,000","135,000,000","114,000,000","194,000,000","-94,000,000","88,000,000","46,000,000","25,000,000","55,000,000","125,000,000","106,000,000","108,000,000","123,000,000","170,000,000","48,000,000","119,000,000","11,000,000","158,000,000","42,000,000","192,100,000","140,400,000","144,000,000","85,500,000","141,900,000","114,200,000","145,100,000","71,000,000","122,100,000","183,600,000","219,200,000","160,700,000","205,500,000","146,600,000","111,100,000","71,700,000","-1,009,400,000","137,400,000"
		NetIncomeIncludingNoncontrollingInterests,"5,415,000,000","1,133,000,000","1,635,000,000","1,476,000,000","1,171,000,000","4,142,000,000","1,398,000,000","1,760,000,000","1,189,000,000","984,000,000","1,354,000,000","1,410,000,000","1,372,000,000","147,000,000","774,000,000","808,000,000","917,000,000","267,000,000","562,000,000","810,000,000","593,000,000","374,000,000","452,000,000","503,000,000","514,000,000","418,000,000","544,000,000","584,000,000","531,000,000","462,000,000","531,000,000","572,000,000","529,000,000","360,000,000","553,000,000","506,000,000","59,000,000","407,000,000","466,000,000","380,000,000","371,000,000","290,000,000","200,000,000","408,000,000","430,000,000","462,000,000","308,000,000","295,000,000","284,000,000","331,000,000","330,000,000","435,000,000","209,000,000","-209,000,000","171,000,000","272,000,000","58,000,000","263,000,000","365,000,000","198,000,000","289,000,000","232,000,000","298,000,000","273,000,000","352,000,000","210,000,000","259,000,000","720,000,000","436,000,000","525,000,000","320,000,000","515,000,000","78,000,000","290,000,000","195,000,000","-53,000,000","236,000,000","47,000,000","-877,000,000","214,000,000","218,000,000","191,000,000","270,000,000","252,000,000","276,000,000","277,000,000","278,000,000","161,000,000","271,000,000","292,000,000","1,062,000,000","232,000,000","188,000,000","238,000,000","251,000,000","308,000,000","495,000,000","240,000,000","279,000,000","279,000,000","288,000,000","306,000,000","281,000,000","231,000,000","238,000,000","282,000,000","-566,000,000","205,000,000","290,000,000","182,000,000","123,000,000","135,000,000","114,000,000","194,000,000","-94,000,000","88,000,000","46,000,000","25,000,000","55,000,000","125,000,000","106,000,000","108,000,000","123,000,000","170,000,000","48,000,000","119,000,000","11,000,000","158,000,000","42,000,000","192,100,000","140,400,000","144,000,000","85,500,000","141,900,000","114,200,000","145,100,000","71,000,000","122,100,000","183,600,000","219,200,000","160,700,000","205,500,000","146,600,000","111,100,000","71,700,000","-1,009,400,000","137,400,000"
			NetIncomeContinuousOperations,"5,415,000,000","1,133,000,000","1,635,000,000","1,476,000,000","1,171,000,000","4,142,000,000","1,398,000,000","1,760,000,000","1,189,000,000","984,000,000","1,354,000,000","1,410,000,000","1,372,000,000","147,000,000","774,000,000","808,000,000","917,000,000","267,000,000","562,000,000","810,000,000","593,000,000","374,000,000","452,000,000","503,000,000","514,000,000","418,000,000","544,000,000","584,000,000","531,000,000","462,000,000","531,000,000","572,000,000","529,000,000","360,000,000","553,000,000","506,000,000","59,000,000","407,000,000","466,000,000","380,000,000","371,000,000","290,000,000","200,000,000","408,000,000","430,000,000","462,000,000","308,000,000","295,000,000","284,000,000","331,000,000","330,000,000","435,000,000","208,000,000","-210,000,000","170,000,000","273,000,000","55,000,000","263,000,000","363,000,000","217,000,000","277,000,000","232,000,000","302,000,000","273,000,000","352,000,000","210,000,000","259,000,000","371,000,000","436,000,000","525,000,000","320,000,000","515,000,000","217,000,000","290,000,000","195,000,000","-53,000,000","188,000,000","48,000,000","-877,000,000","214,000,000","218,000,000","191,000,000","270,000,000","252,000,000","276,000,000","277,000,000","278,000,000","161,000,000","271,000,000","292,000,000","-132,000,000","303,000,000","279,000,000","238,000,000","251,000,000","308,000,000","495,000,000","240,000,000","279,000,000","279,000,000","288,000,000","306,000,000","281,000,000","231,000,000","238,000,000","282,000,000","-566,000,000","205,000,000","290,000,000","182,000,000","123,000,000","135,000,000","114,000,000","194,000,000","-94,000,000","88,000,000","46,000,000","51,000,000","55,000,000","125,000,000","106,000,000","112,000,000","123,000,000","170,000,000","48,000,000","107,000,000","11,000,000","158,000,000","42,000,000","191,900,000","58,500,000","134,800,000","72,800,000","132,300,000","97,700,000","128,700,000","59,300,000","171,100,000","163,300,000","168,200,000","113,900,000","205,500,000","146,600,000","111,100,000","71,700,000","-1,009,400,000","137,400,000"
			NetIncomeDiscontinuousOperations,,,,,,,,,,,,,,,,,,,,,,,,,,,,,,,,,,,,,,,,,,,,,,"0",,"0","0","0","0","0","1,000,000","1,000,000","1,000,000","-1,000,000","3,000,000","0","2,000,000","-19,000,000","12,000,000","0","-4,000,000","0",,"0","0","349,000,000",,"0","0","0","0","0","0","0","48,000,000",,,,,,,,,"0","0","0","0","0","1,194,000,000","-71,000,000",,,,,,,,,,,,,,,,,,,,,,,,,,,,,,,,,,,,,,"200,000","81,900,000","9,200,000","12,700,000","9,600,000","16,500,000","16,400,000","11,700,000","-49,000,000","20,300,000","51,000,000","46,800,000",,,,,,
			NetIncomeExtraordinary,,,,,,,,,,,,,,,,,,,,,,,,,,,,,,,,,,,,,,,,,,,,,,,,,,,,,,,,,,,,,,,,,,"0","0","0","0","0","0","0","-139,990,000",,,,,,,,,,,,,"0","0","0","0","0",,,"-91,000,000",,,,,,,,,,,,,,,,,,,,,,,,,,,,,,,,,,,,,,,,,,,,,,,,,,,,,,
		MinorityInterests,"-50,000,000","-17,000,000","-14,000,000","-9,000,000","-10,000,000","-7,000,000","-10,000,000","-6,000,000","-8,000,000","-8,000,000","-3,000,000","-2,000,000","-3,000,000","-3,000,000","-2,000,000","-2,000,000","-2,000,000","-1,000,000","-2,000,000","3,000,000","5,000,000","8,000,000","4,000,000","7,000,000","5,000,000","8,000,000","3,000,000","4,000,000","2,000,000","5,000,000","3,000,000","1,000,000","-1,000,000","1,000,000","0","-1,000,000","-2,000,000","-1,000,000","0","0","0","0","0","0","-1,000,000","-1,000,000","-1,000,000","-1,000,000","-1,000,000","-1,000,000","-1,000,000","0","-1,000,000",,,,,,,,,,,,,,,,,,,,,,,,,,,,,,,,,,,,,,,,,,,,,,,,,,,,,,,,,,,,,,,,,,,,,,,,,,,,,,,,,,,,,,,,,,,,,,
DilutedNIAvailtoComStockholders,"5,365,000,000","1,116,000,000","1,621,000,000","1,467,000,000","1,161,000,000","4,135,000,000","1,388,000,000","1,754,000,000","1,181,000,000","977,000,000","1,351,000,000","1,408,000,000","1,368,000,000","144,000,000","772,000,000","806,000,000","915,000,000","266,000,000","560,000,000","813,000,000","598,000,000","382,000,000","456,000,000","510,000,000","519,000,000","426,000,000","547,000,000","588,000,000","533,000,000","467,000,000","534,000,000","573,000,000","528,000,000","361,000,000","553,000,000","505,000,000","57,000,000","406,000,000","466,000,000","380,000,000","371,000,000","290,000,000","200,000,000","408,000,000","429,000,000","461,000,000","307,000,000","294,000,000","283,000,000","330,000,000","329,000,000","435,000,000","208,000,000","-209,000,000","171,000,000","272,000,000","58,000,000","263,000,000","365,000,000","198,000,000","289,000,000","232,000,000","298,000,000","273,000,000","352,000,000","210,000,000","259,000,000","720,000,000","436,000,000","525,000,000","320,000,000","515,000,000","78,000,000","290,000,000","195,000,000","-53,000,000","236,000,000","47,000,000","-877,000,000","214,000,000","218,000,000","191,000,000","270,000,000","252,000,000","276,000,000","277,000,000","278,000,000","161,000,000","271,000,000","292,000,000","1,062,000,000","232,000,000","188,000,000","238,000,000","251,000,000","308,000,000","495,000,000","240,000,000","279,000,000","279,000,000","288,000,000","306,000,000","281,000,000","231,000,000","238,000,000","282,000,000","-566,000,000","205,000,000","290,000,000","182,000,000","123,000,000","135,000,000","114,000,000","194,000,000","-94,000,000","88,000,000","46,000,000","25,000,000","55,000,000","125,000,000","106,000,000","108,000,000","123,000,000","170,000,000","48,000,000","119,000,000","11,000,000","158,000,000","42,000,000","179,100,000","140,400,000","144,000,000","85,500,000","115,900,000","114,200,000","145,100,000","71,000,000","78,300,000","183,600,000","219,200,000","160,700,000","153,400,000","146,600,000","111,100,000","71,700,000","-1,009,400,000","137,400,000"
BasicEPS,,,"4.84","4.3","3.33",,"3.81","4.77","3.19",,"3.6","3.73","3.61",,"3.18","3.32","3.78",,"2.25","3.2","2.34",,"1.78","2","2.04",,"2.14","2.3","2.08",,"2.04","2.16","1.96",,"1.99","1.79","0.2",,"1.64","1.33","1.3",,"0.74","1.52","1.59",,"1.13","1.07","1.03",,"1.2","1.59","0.76",,"0.63","0.98","0.21",,"1.3","0.7","0.997",,"0.933","0.79","0.977",,"0.68","1.86","1.113",,"0.79","1.237","0.187",,"0.467","-0.127","0.563",,"-2.09","0.507","0.513",,"0.61","0.563","0.607",,"0.593","0.333","0.537",,"1.812","0.383","0.306",,"0.4","0.48","0.766",,"0.42","0.42","0.436",,"0.416","0.34","0.35",,"-0.859","0.313","0.443",,"0.19","0.206","0.176",,"-0.147","0.137","0.07",,"0.087","0.193","0.163",,"0.19","0.263","0.073",,"0.017","0.226","0.06",,"0.193","0.196","0.113",,"0.157","0.193","0.09",,"0.246","0.286","0.206",,"0.19","0.147","0.093",,"0.19"
DilutedEPS,,,"4.8","4.25","3.3",,"3.78","4.73","3.15",,"3.57","3.7","3.56",,"3.14","3.29","3.72",,"2.21","3.15","2.3",,"1.76","1.97","2",,"2.1","2.26","2.04",,"2.01","2.12","1.92",,"1.95","1.76","0.2",,"1.61","1.31","1.28",,"0.74","1.5","1.57",,"1.13","1.06","1.02",,"1.19","1.58","0.76",,"0.62","0.97","0.21",,"1.28","0.68","0.977",,"0.917","0.777","0.957",,"0.667","1.827","1.093",,"0.78","1.223","0.183",,"0.463","-0.127","0.56",,"-2.09","0.5","0.507",,"0.603","0.553","0.593",,"0.58","0.33","0.533",,"1.812","0.376","0.303",,"0.396","0.473","0.756",,"0.416","0.416","0.433",,"0.413","0.336","0.346",,"-0.859","0.303","0.426",,"0.19","0.206","0.176",,"-0.147","0.137","0.07",,"0.087","0.193","0.163",,"0.19","0.263","0.073",,"0.017","0.226","0.06",,"0.193","0.196","0.113",,"0.157","0.193","0.09",,"0.246","0.286","0.206",,"0.19","0.147","0.093",,"0.19"
BasicAverageShares,,,"335,166,000","341,479,000","348,248,000",,"364,427,000","367,396,000","370,440,000",,"374,842,000","377,962,000","379,387,000",,"242,577,000","242,453,000","242,179,000",,"249,242,000","254,087,000","255,680,000",,"255,519,000","255,381,000","254,822,000",,"256,070,000","255,730,000","256,707,000",,"261,402,000","265,377,000","269,979,000",,"278,054,000","282,043,000","283,804,000",,"284,891,000","285,690,000","285,159,000",,"268,569,000","268,557,000","270,377,000",,"270,497,000","275,107,000","275,688,000",,"274,398,000","274,086,000","272,591,000",,"272,705,000","277,551,020","276,190,476",,"280,769,231","282,857,143","289,966,555",,"319,285,714","345,569,620","360,409,556",,"380,882,353","387,096,774","391,616,766",,"405,063,291","416,442,049","417,857,143",,"417,857,143","418,421,053","418,934,911",,"419,617,225","422,368,421","424,675,325",,"442,622,951","447,337,278","454,945,055",,"468,539,326","483,000,000","504,968,944",,"586,248,013","605,823,215","613,657,135",,"628,128,128","642,308,976","646,298,472",,"664,950,665","664,950,665","660,202,187",,"675,075,075","680,091,857","680,680,681",,"658,798,333","654,910,229","654,790,128",,"648,016,437","653,879,686","645,928,948",,"641,550,642","644,546,986","657,800,658",,"635,250,635","647,198,923","649,629,221",,"648,016,437","646,215,836","655,200,655",,"660,660,661","697,756,580","700,700,701",,"726,933,830","732,936,326","755,166,932",,"729,665,836","751,268,510","789,678,567",,"745,069,394","765,416,579","778,359,004",,"772,351,299","758,258,258","768,983,269",,"723,881,777"
DilutedAverageShares,,,"337,579,000","341,479,000","348,248,000",,"364,427,000","367,396,000","370,440,000",,"374,842,000","380,540,541","384,024,000",,"246,112,000","242,453,000","255,680,000",,"253,410,000","258,061,000","259,774,000",,"259,754,000","259,500,000","259,447,000",,"260,519,000","260,097,000","261,246,000",,"265,891,000","269,921,000","283,804,000",,"283,563,000","287,086,000","289,258,000",,"289,875,000","285,690,000","285,159,000",,"268,569,000","272,733,000","273,873,000",,"270,497,000","277,536,000","278,100,000",,"276,130,000","275,055,000","272,591,000",,"272,705,000","280,412,371","276,190,476",,"285,156,250","291,176,471","295,904,437",,"325,090,909","351,502,146","367,944,251",,"388,500,000","394,160,584","398,780,488",,"410,256,410","420,980,926","425,454,545",,"420,863,309","418,421,053","421,428,571",,"419,617,225","428,000,000","430,263,158",,"447,513,812","455,421,687","465,168,539",,"479,310,345","487,878,788","508,125,000",,"586,248,013","616,545,749","620,400,620",,"633,406,516","651,355,581","654,839,862",,"670,270,270","670,270,270","665,280,665",,"680,519,229","686,825,439","687,225,687",,"658,798,333","676,500,677","680,367,868",,"648,016,437","653,879,686","645,928,948",,"641,550,642","644,546,986","657,800,658",,"635,250,635","647,198,923","649,629,221",,"648,016,437","646,215,836","655,200,655",,"660,660,661","697,756,580","700,700,701",,"726,933,830","732,936,326","755,166,932",,"729,665,836","751,268,510","789,678,567",,"745,069,394","765,416,579","778,359,004",,"772,351,299","758,258,258","768,983,269",,"723,881,777"
TotalExpenses,"167,490,000,000","44,456,000,000","42,273,000,000","41,292,000,000","39,468,000,000","36,487,000,000","39,175,000,000","37,008,000,000","37,039,000,000","37,077,000,000","36,844,000,000","37,084,000,000","36,168,000,000","14,027,000,000","10,424,000,000","10,375,000,000","10,162,000,000","9,773,000,000","9,558,000,000","9,184,000,000","9,495,000,000","9,339,000,000","9,138,000,000","9,147,000,000","9,065,000,000","8,869,000,000","8,511,000,000","8,556,000,000","8,613,000,000","8,196,000,000","7,939,000,000","7,832,000,000","7,643,000,000","7,615,000,000","7,267,000,000","7,213,000,000","8,109,000,000","6,897,000,000","6,640,000,000","6,869,000,000","6,236,000,000","5,008,000,000","5,316,000,000","4,893,000,000","4,813,000,000","4,884,000,000","4,802,000,000","4,914,000,000","4,783,000,000","4,128,000,000","4,030,000,000","3,858,000,000","4,500,000,000","5,157,000,000","4,620,000,000","4,450,000,000","4,496,000,000","4,067,000,000","3,911,000,000","4,053,000,000","3,961,000,000","3,856,000,000","3,691,000,000","3,690,000,000","3,579,000,000","3,902,000,000","3,639,000,000","3,670,000,000","3,680,000,000","3,584,000,000","3,965,000,000","3,857,000,000","4,395,000,000","4,084,000,000","4,492,000,000","4,711,000,000","4,618,000,000","4,273,000,000","6,502,000,000","4,646,000,000","4,496,000,000","4,661,000,000","4,367,000,000","4,278,000,000","4,312,000,000","4,705,000,000","4,596,000,000","4,725,000,000","4,471,000,000",,,,,,,,,,,,,,,,,,,,,,,,,,,,,,,,,,,,,,,,,,,,,,,,,,,,,,,,,,
NetIncomeFromContinuingAndDiscontinuedOperation,"5,365,000,000","1,116,000,000","1,621,000,000","1,467,000,000","1,161,000,000","4,135,000,000","1,388,000,000","1,754,000,000","1,181,000,000","977,000,000","1,351,000,000","1,408,000,000","1,368,000,000","144,000,000","772,000,000","806,000,000","915,000,000","266,000,000","560,000,000","813,000,000","598,000,000","382,000,000","456,000,000","510,000,000","519,000,000","426,000,000","547,000,000","588,000,000","533,000,000","467,000,000","534,000,000","573,000,000","528,000,000","361,000,000","553,000,000","505,000,000","57,000,000","406,000,000","466,000,000","380,000,000","371,000,000","290,000,000","200,000,000","408,000,000","429,000,000","461,000,000","307,000,000","294,000,000","283,000,000","330,000,000","329,000,000","435,000,000","208,000,000","-209,000,000","171,000,000","272,000,000","58,000,000","263,000,000","365,000,000","198,000,000","289,000,000","232,000,000","298,000,000","273,000,000","352,000,000","210,000,000","259,000,000","720,000,000","436,000,000","525,000,000","320,000,000","515,000,000","217,990,000","290,000,000","195,000,000","-53,000,000","236,000,000","47,000,000","-877,000,000","214,000,000","218,000,000","191,000,000","270,000,000","252,000,000","276,000,000","277,000,000","278,000,000","161,000,000","271,000,000","292,000,000","1,062,000,000","232,000,000","279,000,000","238,000,000","251,000,000","308,000,000","495,000,000","240,000,000","279,000,000","279,000,000","288,000,000","306,000,000","281,000,000","231,000,000","238,000,000","282,000,000","-566,000,000","205,000,000","290,000,000","182,000,000","123,000,000","135,000,000","114,000,000","194,000,000","-94,000,000","88,000,000","46,000,000","51,000,000","55,000,000","125,000,000","106,000,000","112,000,000","123,000,000","170,000,000","48,000,000","119,000,000","11,000,000","158,000,000","42,000,000","192,100,000","140,400,000","144,000,000","85,500,000","141,900,000","114,200,000","145,100,000","71,000,000","122,100,000","183,600,000","219,200,000","160,700,000","205,500,000","146,600,000","111,100,000","71,700,000","-1,009,400,000","137,400,000"
NormalizedIncome,"5,477,518,000","1,116,000,000","1,621,000,000","1,474,780,000","1,262,394,000","897,955,373.745","1,388,000,000","1,764,766,000","1,338,435,000","977,000,000","1,351,000,000","1,408,000,000","1,368,000,000","144,000,000","772,000,000","806,000,000","915,000,000","266,000,000","560,000,000","813,000,000","598,000,000","382,000,000","456,000,000","510,000,000","519,000,000","426,000,000","547,000,000","588,000,000","533,000,000","467,000,000","534,000,000","573,000,000","528,000,000","361,000,000","553,000,000","505,000,000","57,000,000","406,000,000","466,000,000","380,000,000","371,000,000","290,000,000","200,000,000","408,000,000","429,000,000","461,000,000","307,000,000","294,000,000","283,000,000","330,000,000","329,000,000","435,000,000","207,000,000","-210,000,000","170,000,000","273,000,000","55,000,000","263,000,000","363,000,000","217,000,000","277,000,000","232,000,000","302,000,000","273,000,000","352,000,000","210,000,000","259,000,000","371,000,000","436,000,000","525,000,000","320,000,000","515,000,000","217,990,000","290,000,000","195,000,000","-53,000,000","188,000,000","48,000,000","-877,000,000","214,000,000","218,000,000","191,000,000","270,000,000","252,000,000","276,000,000","277,000,000","278,000,000","161,000,000","271,000,000","292,000,000","-132,000,000","303,000,000","279,000,000","238,000,000","251,000,000","308,000,000","495,000,000","240,000,000","279,000,000","279,000,000","288,000,000","306,000,000","281,000,000","231,000,000","238,000,000","282,000,000","-566,000,000","205,000,000","290,000,000","182,000,000","123,000,000","135,000,000","114,000,000","194,000,000","-94,000,000","88,000,000","46,000,000","51,000,000","55,000,000","125,000,000","106,000,000","112,000,000","123,000,000","170,000,000","48,000,000","107,000,000","11,000,000","158,000,000","42,000,000","191,900,000","58,500,000","134,800,000","72,800,000","132,300,000","97,700,000","128,700,000","59,300,000","171,100,000","163,300,000","168,200,000","113,900,000","205,500,000","146,600,000","111,100,000","71,700,000","-1,009,400,000","137,400,000"
InterestExpense,"1,208,000,000","293,000,000","303,000,000","298,000,000","314,000,000","337,000,000","336,000,000","374,000,000","391,000,000","391,000,000","411,000,000","428,000,000","452,000,000",,,,,,,,,,,,,,,,,,,,,,,,,,"68,000,000","67,000,000","66,000,000","61,000,000","49,000,000","92,000,000",,,"47,000,000",,,,,,,,,,,,,,,,,,,,,,,,,,,,,,,,,,,,,,,,,,,,,,,,,,,,,,,,,,,,,,,,,,,,,,,,,,,,,,,,,,,,,,,,,,,,,,,,,,,,
NetInterestIncome,"-1,208,000,000","-293,000,000","-303,000,000","-298,000,000","-314,000,000","-337,000,000","-336,000,000","-374,000,000","-391,000,000","-391,000,000","-411,000,000","-428,000,000","-452,000,000",,,,,,,,,,,,,,,,,,,,,,,,,,"-68,000,000","-67,000,000","-66,000,000","-61,000,000","-49,000,000","-92,000,000",,,"-47,000,000",,,,,,,,,,,,,,,,,,,,,,,,,,,,,,,,,,,,,,,,,,,,,,,,,,,,,,,,,,,,,,,,,,,,,,,,,,,,,,,,,,,,,,,,,,,,,,,,,,,,
EBIT,"7,990,000,000","1,605,000,000","2,362,000,000","2,196,000,000","1,827,000,000","5,715,000,000","2,140,000,000","2,663,000,000","1,788,000,000","1,652,000,000","2,174,000,000","2,186,000,000","2,240,000,000",,,,,,"885,000,000",,,,,,,,,,,,,,,"597,000,000",,,,,"786,000,000","655,000,000","618,000,000","516,000,000","346,000,000","708,000,000",,,"511,000,000",,,,"487,000,000",,,,"232,000,000",,,,,"328,000,000",,"349,000,000",,,,"308,000,000",,"437,000,000",,,,,"327,000,000","417,000,000","281,000,000",,,,,"325,000,000",,,,,,"401,000,000",,,,,,,,,,,,,,,,,,,,,,,,,,,,,,,,,,,,,,,,,,,,,,,,,,,,,,,,,,,,,
ReconciledDepreciation,"2,923,000,000","743,000,000","734,000,000","731,000,000","715,000,000","713,000,000","702,000,000","694,000,000","693,000,000","927,000,000","913,000,000","914,000,000","897,000,000","257,000,000","162,000,000","136,000,000","140,000,000","141,000,000","139,000,000","140,000,000","146,000,000","150,000,000","150,000,000","152,000,000","158,000,000","134,000,000","149,000,000","151,000,000","151,000,000","153,000,000","146,000,000","139,000,000","150,000,000","152,000,000","146,000,000","149,000,000","150,000,000","154,000,000","136,000,000","144,000,000","126,000,000","93,000,000","86,000,000","83,000,000","83,000,000","88,000,000","76,000,000","67,000,000","61,000,000","61,000,000","62,000,000","76,000,000","69,000,000","63,000,000","64,000,000","64,000,000","53,000,000","47,000,000","49,000,000","44,000,000","54,000,000","53,000,000","48,000,000","53,000,000","54,000,000","51,000,000","58,000,000","50,000,000","62,000,000","56,000,000","61,000,000","51,000,000","62,000,000","59,000,000","70,000,000","54,000,000","63,000,000","55,000,000","63,000,000","40,000,000","63,000,000","65,000,000","64,000,000","56,000,000","59,000,000","67,000,000","51,000,000","59,000,000","56,000,000","53,000,000","74,000,000","16,000,000","82,000,000",,,"78,000,000","78,000,000",,,,,,,,,,,,,,,,,,,,,,,,,,,,,,,,,,,,,,,,,,,,,,,,,,
NetIncomeFromContinuingOperationNetMinorityInterest,"5,365,000,000","1,116,000,000","1,621,000,000","1,467,000,000","1,161,000,000","4,135,000,000","1,388,000,000","1,754,000,000","1,181,000,000","977,000,000","1,351,000,000","1,408,000,000","1,368,000,000","144,000,000","772,000,000","806,000,000","915,000,000","266,000,000","560,000,000","813,000,000","598,000,000","382,000,000","456,000,000","510,000,000","519,000,000","426,000,000","547,000,000","588,000,000","533,000,000","467,000,000","534,000,000","573,000,000","528,000,000","361,000,000","553,000,000","505,000,000","57,000,000","406,000,000","466,000,000","380,000,000","371,000,000","290,000,000","200,000,000","408,000,000","429,000,000","461,000,000","307,000,000","294,000,000","283,000,000","330,000,000","329,000,000","435,000,000","207,000,000","-210,000,000","170,000,000","273,000,000","55,000,000","263,000,000","363,000,000","217,000,000","277,000,000","232,000,000","302,000,000","273,000,000","352,000,000","210,000,000","259,000,000","371,000,000","436,000,000","525,000,000","320,000,000","515,000,000","217,990,000","290,000,000","195,000,000","-53,000,000","188,000,000","48,000,000","-877,000,000","214,000,000","218,000,000","191,000,000","270,000,000","252,000,000","276,000,000","277,000,000","278,000,000","161,000,000","271,000,000","292,000,000","-132,000,000","303,000,000","279,000,000","238,000,000","251,000,000","308,000,000","495,000,000","240,000,000","279,000,000","279,000,000","288,000,000","306,000,000","281,000,000","231,000,000","238,000,000","282,000,000","-566,000,000","205,000,000","290,000,000","182,000,000","123,000,000","135,000,000","114,000,000","194,000,000","-94,000,000","88,000,000","46,000,000","51,000,000","55,000,000","125,000,000","106,000,000","112,000,000","123,000,000","170,000,000","48,000,000","107,000,000","11,000,000","158,000,000","42,000,000","191,900,000","58,500,000","134,800,000","72,800,000","132,300,000","97,700,000","128,700,000","59,300,000","171,100,000","163,300,000","168,200,000","113,900,000","205,500,000","146,600,000","111,100,000","71,700,000","-1,009,400,000","137,400,000"
TotalUnusualItemsExcludingGoodwill,"-141,000,000","0","0","-10,000,000","-131,000,000","4,203,000,000","0","-14,000,000","-185,000,000",,,,,,,,,,,,,,,,,,,,,,,,,"0",,,,,,,,,,,,,,,,,,,,,,,,,,,,,,,,,,,,,,,,,,,,,,,,,,,,,,,,,,,,,,,,,,,,,,,,,,,,,,,,,,,,,,,,,,,,,,,,,,,,,,,,,,,,,,,,,
TotalUnusualItems,"-141,000,000","0","0","-10,000,000","-131,000,000","4,203,000,000","0","-14,000,000","-185,000,000",,,,,,,,,,,,,,,,,,,,,,,,,"0",,,,,,,,,,,,,,,,,,,,,,,,,,,,,,,,,,,,,,,,,,,,,,,,,,,,,,,,,,,,,,,,,,,,,,,,,,,,,,,,,,,,,,,,,,,,,,,,,,,,,,,,,,,,,,,,,
TaxRateForCalcs,"0.202","0.136","0.206","0.222","0.226","0.23","0.225","0.231","0.149","0.22","0.232","0.198","0.233","0.355","0.251","0.267","0.247","0.4","0.318","0.286","0.334","0.382","0.391","0.381","0.372","0.366","0.38","0.376","0.378","0.369","0.351","0.365","0.38","0.328","0.308","0.34","0.2","0.342","0.351","0.354","0.328","0.363","0.327","0.338","0.283","0.152","0.336","0.328","0.327","0.348","0.322","0.31","0.238","0.382","0.267","0.339","0.247","0.322","0.277","0.338","0.329","0.335","0.323","0.331","0.333","0.318","0.324","0.151","0.344","0.307","0.377","0.336","0.336","0.305","0.306","0.312","0.333","0.186","0.317","0.342","0.341","0.32","0.343","0.345","0.343","0.309","0.353","0.346","0.355","0.126","0","0","0","0.07","0","0","0","0.082","0","0","0","0.099","0","0","0","0.4","0","0","0","0.088","0","0","0","0","0","0","0","0","0","0","0","0","0","0","0.4","0","0","0","0","0","0","0.4","0.4","0.4","0.4","0.4","0.4","0.4","0.4","0.4","0.4","0.4","0.4","0.4","0.4","0.4","0.4"
TaxEffectOfUnusualItems,"-28,482,000","0","0","-2,220,000","-29,606,000","965,955,373.745","0","-3,234,000","-27,565,000","0","0","0","0","0","0","0","0","0","0","0","0","0","0","0","0","0","0","0","0","0","0","0","0","0","0","0","0","0","0","0","0","0","0","0","0","0","0","0","0","0","0","0","0","0","0","0","0","0","0","0","0","0","0","0","0","0","0","0","0","0","0","0","0","0","0","0","0","0","0","0","0","0","0","0","0","0","0","0","0","0","0","0","0","0","0","0","0","0","0","0","0","0","0","0","0","0","0","0","0","0","0","0","0","0","0","0","0","0","0","0","0","0","0","0","0","0","0","0","0","0","0","0","0","0","0","0","0","0","0","0","0","0","0","0","0","0","0"