name,ttm,12/31/2021,09/30/2021,06/30/2021,03/31/2021,12/31/2020,09/30/2020,06/30/2020,03/31/2020,12/31/2019,09/30/2019,06/30/2019,03/31/2019,12/31/2018,09/30/2018,06/30/2018,03/31/2018,12/31/2017,09/30/2017,06/30/2017,03/31/2017,12/31/2016,09/30/2016,06/30/2016,03/31/2016,12/31/2015,09/30/2015,06/30/2015,03/31/2015,12/31/2014,09/30/2014,06/30/2014,03/31/2014,12/31/2013,09/30/2013,06/30/2013,03/31/2013,12/31/2012,09/30/2012,06/30/2012,03/31/2012,12/31/2011,09/30/2011,06/30/2011,03/31/2011,12/31/2010,09/30/2010,06/30/2010,03/31/2010,12/31/2009,09/30/2009,06/30/2009,03/31/2009,12/31/2008,09/30/2008,06/30/2008,03/31/2008,12/31/2007,09/30/2007,06/30/2007,03/31/2007,12/31/2006,09/30/2006,06/30/2006,03/31/2006,12/31/2005,09/30/2005,06/30/2005,03/31/2005,12/31/2004,09/30/2004,06/30/2004,03/31/2004,12/31/2003,09/30/2003,06/30/2003,03/31/2003,12/31/2002,09/30/2002,06/30/2002,03/31/2002,12/31/2001,09/30/2001,06/30/2001,03/31/2001,12/31/2000,09/30/2000,06/30/2000,03/31/2000,12/31/1999,09/30/1999,06/30/1999,03/31/1999,12/31/1998,09/30/1998,06/30/1998,03/31/1998,12/31/1997,09/30/1997,06/30/1997,03/31/1997,12/31/1996,09/30/1996,06/30/1996,03/31/1996,12/31/1995,09/30/1995,06/30/1995,03/31/1995,12/31/1994,09/30/1994,06/30/1994,03/31/1994,12/31/1993,09/30/1993,06/30/1993,03/31/1993,12/31/1992,09/30/1992,06/30/1992,03/31/1992,12/31/1991,09/30/1991,06/30/1991,03/31/1991,12/31/1990,09/30/1990,06/30/1990,03/31/1990,12/31/1989,09/30/1989,06/30/1989,03/31/1989,12/31/1988,09/30/1988,06/30/1988,03/31/1988,12/31/1987,09/30/1987,06/30/1987,03/31/1987,12/31/1986,09/30/1986,06/30/1986,03/31/1986,12/31/1985,09/30/1985
TotalRevenue,"9,630,000,000","3,323,000,000","1,785,000,000","2,295,000,000","2,227,000,000","2,694,000,000","2,227,000,000","2,714,000,000","-99,000,000","2,152,000,000","1,700,000,000","1,913,000,000","2,159,000,000","710,000,000","1,915,000,000","1,558,000,000","1,224,000,000","1,411,000,000","1,412,000,000","1,386,000,000","1,523,000,000","1,312,000,000","1,402,000,000","1,371,000,000","1,364,000,000","1,263,000,000","1,278,000,000","1,316,000,000","1,285,000,000","1,262,000,000","1,280,000,000","1,214,000,000","1,189,000,000","1,172,000,000","1,152,000,000","1,104,000,000","1,103,000,000","1,070,000,000","1,035,000,000","1,020,000,000","986,000,000","955,000,000","944,000,000","975,000,000","929,000,000","936,000,000","1,071,000,000","878,000,000","887,000,000","1,133,000,000","1,007,000,000","874,000,000","890,000,000","1,018,000,000","1,186,000,000","917,000,000","704,000,000","976,000,000","982,000,000","1,270,000,000","1,031,000,000","994,000,000","967,000,000","981,000,000","1,607,000,000","966,000,000","944,000,000","940,000,000","916,000,000","942,000,000","879,000,000","923,000,000","870,000,000","839,000,000","836,000,000","798,000,000","707,000,000","722,000,000","731,000,000","703,000,000","687,000,000","653,858,000","643,870,000","645,389,000","617,882,000","581,127,000","599,790,000","578,807,000","571,270,000","511,923,000","538,300,000","541,300,000","536,700,000","508,389,000","514,800,000","518,600,000","512,600,000","482,384,000","492,000,000","484,200,000","483,700,000","459,249,000","455,700,000","442,000,000","451,800,000","419,251,000","416,700,000","405,000,000","414,700,000","372,306,000","381,700,000","378,800,000","379,700,000","359,900,000","357,500,000","371,200,000","353,700,000","329,100,000","330,400,000","317,300,000","327,500,000","289,500,000","296,500,000","295,600,000","279,500,000","266,500,000","264,100,000","258,100,000","260,200,000","245,400,000","248,000,000","238,100,000","240,500,000","231,700,000","228,000,000","228,800,000","227,500,000","227,300,000","220,000,000","225,500,000","210,400,000","205,000,000","203,000,000","189,100,000","178,700,000","165,200,000","158,600,000"
	OperatingRevenue,"9,630,000,000","3,323,000,000","1,785,000,000","2,295,000,000","2,227,000,000","2,694,000,000","2,227,000,000","2,714,000,000","-99,000,000","2,152,000,000","1,700,000,000","1,913,000,000","2,159,000,000","710,000,000","1,915,000,000","1,558,000,000","1,224,000,000","1,411,000,000","1,412,000,000","1,386,000,000","1,523,000,000","1,312,000,000","1,402,000,000","1,371,000,000","1,364,000,000","1,263,000,000","1,278,000,000","1,316,000,000","1,285,000,000","1,262,000,000","1,280,000,000","1,214,000,000","1,189,000,000","1,172,000,000","1,152,000,000","1,104,000,000","1,103,000,000","1,070,000,000","1,035,000,000","1,020,000,000","986,000,000","955,000,000","944,000,000","975,000,000","929,000,000","936,000,000","1,071,000,000","878,000,000","887,000,000","1,133,000,000","1,007,000,000","874,000,000","890,000,000","1,018,000,000","1,186,000,000","917,000,000","704,000,000","976,000,000","982,000,000","1,270,000,000","1,031,000,000","994,000,000","967,000,000","981,000,000","1,607,000,000","966,000,000","944,000,000","940,000,000","916,000,000","942,000,000","879,000,000","923,000,000","870,000,000","839,000,000","836,000,000","798,000,000","707,000,000","722,000,000","731,000,000","703,000,000","687,000,000","653,858,000","643,870,000","645,389,000","617,882,000","581,127,000","599,790,000","578,807,000","571,270,000","511,923,000","538,300,000","541,300,000","536,700,000","508,389,000","514,800,000","518,600,000","512,600,000","482,384,000","492,000,000","484,200,000","483,700,000","459,249,000","455,700,000","442,000,000","451,800,000","419,251,000","416,700,000","405,000,000","414,700,000","372,306,000","381,700,000","378,800,000","379,700,000","359,900,000","357,500,000","371,200,000","353,700,000","329,100,000","330,400,000","317,300,000","327,500,000","289,500,000","296,500,000","295,600,000","279,500,000","266,500,000","264,100,000","258,100,000","260,200,000","245,400,000","248,000,000","238,100,000","240,500,000","231,700,000","228,000,000","228,800,000","227,500,000","227,300,000","220,000,000","225,500,000","210,400,000","205,000,000","203,000,000","189,100,000","178,700,000","165,200,000","158,600,000"
NetNonOperatingInterestIncomeExpense,"-53,000,000","-14,000,000","-13,000,000","-13,000,000","-13,000,000","-14,000,000","-13,000,000","-14,000,000","-13,000,000","-13,000,000","-14,000,000","-13,000,000","-13,000,000","-13,000,000","-14,000,000","-13,000,000","-13,000,000","-14,000,000","-13,000,000","-13,000,000","-13,000,000","-14,000,000","-13,000,000","-13,000,000","-13,000,000","-13,000,000","-14,000,000","-13,000,000","-13,000,000","-13,000,000","-13,000,000","-13,000,000","-14,000,000","-14,000,000","-13,000,000","-14,000,000","-13,000,000","-13,000,000","-14,000,000","-13,000,000","-14,000,000","-14,000,000","-13,000,000","-14,000,000","-13,000,000","-14,000,000","-13,000,000","-13,000,000","-14,000,000","-13,000,000","-14,000,000","-14,000,000","-14,000,000","-14,000,000","-14,000,000","-13,000,000","-12,000,000","-13,000,000","-13,000,000","-13,000,000","-13,000,000","-14,000,000","-13,000,000","-13,000,000","-13,000,000","-12,000,000","-13,000,000","-13,000,000","-13,000,000","-11,000,000","-11,000,000","-9,000,000","-8,000,000","-9,000,000","-8,000,000","-8,000,000","-8,000,000","-9,000,000","-9,000,000","-9,000,000","-9,000,000","-8,838,000","-10,028,000","-9,929,000","-10,206,000","-7,593,000","-8,093,000","-9,979,000","-9,162,000","-9,643,000","-8,000,000","-7,600,000","-7,800,000","-8,412,000","-8,100,000","-6,100,000","-5,300,000","-5,521,000","-5,500,000","-4,700,000","-5,000,000","-6,202,000","-4,800,000","-4,600,000","-4,600,000","-4,431,000","-4,800,000","-4,300,000","-3,700,000","-2,861,000","-2,800,000","-2,300,000","-1,900,000","-1,900,000","-1,800,000",,"-1,600,000","-1,600,000","-1,900,000","-1,700,000","-1,400,000","-1,600,000","-1,800,000","-1,600,000","-1,600,000","-1,600,000","-1,400,000","-1,800,000","-1,500,000","-1,900,000","-1,500,000","-1,600,000",,,,,,,,,,,,,,,
	InterestExpenseNonOperating,"53,000,000","14,000,000","13,000,000","13,000,000","13,000,000","14,000,000","13,000,000","14,000,000","13,000,000","13,000,000","14,000,000","13,000,000","13,000,000","13,000,000","14,000,000","13,000,000","13,000,000","14,000,000","13,000,000","13,000,000","13,000,000","14,000,000","13,000,000","13,000,000","13,000,000","13,000,000","14,000,000","13,000,000","13,000,000","13,000,000","13,000,000","13,000,000","14,000,000","14,000,000","13,000,000","14,000,000","13,000,000","13,000,000","14,000,000","13,000,000","14,000,000","14,000,000","13,000,000","14,000,000","13,000,000","14,000,000","13,000,000","13,000,000","14,000,000","13,000,000","14,000,000","14,000,000","14,000,000","14,000,000","14,000,000","13,000,000","12,000,000","13,000,000","13,000,000","13,000,000","13,000,000","14,000,000","13,000,000","13,000,000","13,000,000","12,000,000","13,000,000","13,000,000","13,000,000","11,000,000","11,000,000","9,000,000","8,000,000","9,000,000","8,000,000","8,000,000","8,000,000","9,000,000","9,000,000","9,000,000","9,000,000","8,838,000","10,028,000","9,929,000","10,206,000","7,593,000","8,093,000","9,979,000","9,162,000","9,643,000","8,000,000","7,600,000","7,800,000","8,412,000","8,100,000","6,100,000","5,300,000","5,521,000","5,500,000","4,700,000","5,000,000","6,202,000","4,800,000","4,600,000","4,600,000","4,431,000","4,800,000","4,300,000","3,700,000","2,861,000","2,800,000","2,300,000","1,900,000","1,900,000","1,800,000",,"1,600,000","1,600,000","1,900,000","1,700,000","1,400,000","1,600,000","1,800,000","1,600,000","1,600,000","1,600,000","1,400,000","1,800,000","1,500,000","1,900,000","1,500,000","1,600,000",,,,,,,,,,,,,,,
OtherIncomeExpense,"10,000,000","2,000,000","3,000,000","3,000,000","2,000,000","2,000,000","3,000,000","3,000,000","2,000,000","2,000,000","3,000,000","2,000,000","2,000,000","1,000,000","2,000,000","1,000,000","1,000,000","1,000,000","2,000,000","1,000,000","1,000,000","0","2,000,000","2,000,000","1,000,000","2,000,000","1,000,000","2,000,000","2,000,000","1,000,000","3,000,000","2,000,000","2,000,000","2,000,000","3,000,000","2,000,000","2,000,000","2,000,000","3,000,000","3,000,000","2,000,000","2,000,000","3,000,000","2,000,000","3,000,000","0","4,000,000","3,000,000","3,000,000","3,000,000","4,000,000","3,000,000","3,000,000","2,000,000","3,000,000","4,000,000","4,000,000","4,000,000","3,000,000","5,000,000","6,000,000","4,000,000","4,000,000","5,000,000","4,000,000","4,000,000","4,000,000","4,000,000","4,000,000","2,000,000","4,000,000","3,000,000","3,000,000","1,000,000","3,000,000","3,000,000","3,000,000","2,000,000","2,000,000","2,000,000","7,000,000","3,867,000","3,031,000","845,000","5,256,000","4,249,000","2,255,000","2,479,000","2,374,000","-327,836,000","101,400,000","113,600,000","122,900,000","-342,048,000","112,200,000","120,200,000","118,100,000","-322,121,000","110,600,000","108,800,000","110,700,000","-281,101,000","97,500,000","89,600,000","104,600,000","-251,971,000","86,800,000","81,100,000","94,800,000","-223,933,000","75,300,000","74,500,000","85,400,000","66,100,000","68,600,000","86,000,000","80,800,000","61,300,000","60,100,000","69,300,000","74,700,000","44,700,000","55,900,000","61,200,000","51,600,000","41,800,000","43,300,000","45,900,000","46,900,000","37,000,000","40,100,000","40,200,000",,,,,,,,,,,,,,,
	SpecialIncomeCharges,,,,,,,,,,,,,,,,,,,,,,,,,,,,,,,,,,,,,,,,,,,,,,,,,,,,,"-17,000,000","-16,000,000","-16,000,000","-15,000,000","-21,000,000","-18,000,000","-18,000,000","-19,000,000","-20,000,000","-19,000,000","-19,000,000","-14,000,000","-24,000,000",,,,,"-20,000,000","-16,000,000","-20,000,000","-19,000,000","-19,000,000","-19,000,000","-12,000,000","-18,000,000","-29,000,000","-19,000,000","-17,000,000","-15,000,000","-27,660,000","-14,813,000","-11,898,000","-17,627,000","-52,630,000","-14,851,000","-14,092,000","-13,221,000",,,,,,,,,,,,,,,,,,,,,,,,,,,,,,,,,,,,,,,,,,,,,,,,,,,,,,,,,,
		OtherSpecialCharges,,,,,,,,,,,,,,,,,,,,,,,,,,,,,,,,,,,,,,,,,,,,,,,,,,,,,"17,000,000","16,000,000","16,000,000","15,000,000","21,000,000","18,000,000","18,000,000","19,000,000","20,000,000","19,000,000","19,000,000","14,000,000","24,000,000",,,,,"20,000,000","16,000,000","20,000,000","19,000,000","19,000,000","19,000,000","12,000,000","18,000,000","29,000,000","19,000,000","17,000,000","15,000,000","27,660,000","14,813,000","11,898,000","17,627,000","13,530,000","14,851,000","14,092,000","13,221,000",,,,,,,,,,,,,,,,,,,,,,,,,,,,,,,,,,,,,,,,,,,,,,,,,,,,,,,,,,
PretaxIncome,"3,670,000,000","1,846,000,000","184,000,000","872,000,000","768,000,000","1,316,000,000","614,000,000","1,145,000,000","-1,576,000,000","781,000,000","294,000,000","530,000,000","867,000,000","-581,000,000","618,000,000","264,000,000","-50,000,000","197,000,000","129,000,000","128,000,000","276,000,000","128,000,000","253,000,000","166,000,000","265,000,000","216,000,000","243,000,000","248,000,000","174,000,000","236,000,000","259,000,000","107,000,000","119,000,000","167,000,000","182,000,000","148,000,000","217,000,000","273,000,000","152,000,000","29,000,000","112,000,000","186,000,000","11,000,000","-97,000,000","76,000,000","174,000,000","221,000,000","21,000,000","85,000,000","355,000,000","244,000,000","-50,000,000","34,000,000","220,000,000","356,000,000","64,000,000","-100,000,000","253,000,000","160,000,000","508,000,000","271,000,000","172,000,000","148,000,000","175,000,000","834,000,000","261,000,000","151,000,000","215,000,000","195,000,000","271,000,000","113,000,000","214,000,000","201,000,000","170,000,000","137,000,000","107,000,000","65,000,000","64,000,000","90,000,000","31,000,000","93,000,000","38,643,000","34,301,000","51,164,000","96,892,000","-82,773,000","-8,731,000","96,640,000","103,528,000","321,573,000","0","0","0","307,107,000","0","0","0","394,559,000","0","0","0","282,421,000","0","0","0","295,188,000","0","0","0","249,328,000","0","0","0","0","0","0","0","0","0","0","0","0","0","0","0","0","0","0","0","0","0","0",,,,,,,,,,,,,,,
TaxProvision,"724,000,000","376,000,000","31,000,000","169,000,000","148,000,000","267,000,000","130,000,000","236,000,000","-350,000,000","155,000,000","46,000,000","102,000,000","172,000,000","-129,000,000","65,000,000","47,000,000","-19,000,000","-445,000,000","27,000,000","28,000,000","75,000,000","28,000,000","73,000,000","43,000,000","77,000,000","60,000,000","69,000,000","72,000,000","46,000,000","69,000,000","76,000,000","23,000,000","28,000,000","45,000,000","51,000,000","38,000,000","63,000,000","81,000,000","41,000,000","-3,000,000","26,000,000","52,000,000","-8,000,000","-48,000,000","14,000,000","48,000,000","65,000,000","-6,000,000","17,000,000","110,000,000","73,000,000","-31,000,000","-1,000,000","59,000,000","109,000,000","1,000,000","-58,000,000","67,000,000","36,000,000","157,000,000","77,000,000","42,000,000","33,000,000","43,000,000","282,000,000","78,000,000","34,000,000","57,000,000","51,000,000","79,000,000","23,000,000","59,000,000","55,000,000","41,000,000","33,000,000","23,000,000","8,000,000","8,000,000","18,000,000","-4,000,000","18,000,000","2,964,000","-1,440,000","2,197,000","24,279,000","-41,504,000","-14,308,000","21,946,000","24,165,000","7,151,000","12,000,000","30,100,000","17,600,000","8,240,000","11,100,000","14,100,000","32,200,000","21,484,000","25,000,000","24,500,000","24,200,000","17,361,000","11,700,000","12,600,000","17,000,000","-121,238,000","18,400,000","14,500,000","20,600,000","-85,698,000","9,300,000","16,900,000","11,400,000","10,900,000","19,200,000","18,200,000","16,400,000","5,500,000","5,600,000","13,300,000","13,400,000","2,700,000","6,600,000","11,700,000","9,900,000","4,900,000","2,000,000","6,900,000","7,000,000","3,300,000","500,000","5,400,000",,,,,,,,,,,,,,,
EarningsFromEquityInterestNetOfTax,,,,,,,,,,,,,,,,,,,,,,,,,,,,,,,,,,,,,,,,,,,,,,,,,,,,,,,,,,,,,,,,,,,,,,,,,,,,,,,,,,,,,,,,,,,"69,000,000","116,300,000","82,100,000",,"64,000,000","72,900,000","116,400,000",,"102,000,000","100,300,000","98,200,000",,"58,600,000","67,000,000","76,400,000",,"77,000,000","69,600,000","83,800,000",,"56,900,000","76,000,000","59,900,000","58,000,000","55,000,000","80,300,000","73,600,000","41,000,000","39,900,000","63,500,000","64,700,000","32,600,000","36,600,000","55,700,000","52,300,000","36,200,000","29,700,000","41,600,000","42,300,000","30,700,000","19,100,000","34,800,000",,,,,,,,,,,,,,,
NetIncomeCommonStockholders,"2,946,000,000","1,470,000,000","153,000,000","703,000,000","620,000,000","1,049,000,000","484,000,000","909,000,000","-1,226,000,000","626,000,000","248,000,000","428,000,000","695,000,000","-452,000,000","553,000,000","217,000,000","-31,000,000","642,000,000","102,000,000","100,000,000","201,000,000","100,000,000","180,000,000","123,000,000","188,000,000","156,000,000","174,000,000","176,000,000","128,000,000","167,000,000","183,000,000","84,000,000","91,000,000","122,000,000","131,000,000","110,000,000","154,000,000","192,000,000","111,000,000","32,000,000","86,000,000","134,000,000","19,000,000","-49,000,000","62,000,000","126,000,000","156,000,000","27,000,000","68,000,000","245,000,000","171,000,000","-19,000,000","35,000,000","161,000,000","247,000,000","63,000,000","-42,000,000","186,000,000","124,000,000","351,000,000","194,000,000","130,000,000","115,000,000","132,000,000","552,000,000","183,000,000","117,000,000","158,000,000","144,000,000","192,000,000","90,000,000","155,000,000","146,000,000","129,000,000","104,000,000","84,000,000","57,000,000","56,000,000","72,000,000","35,000,000","75,000,000","35,679,000","35,741,000","48,967,000","72,613,000","-41,269,000","5,577,000","74,694,000","79,363,000","46,922,000","57,000,000","86,200,000","64,500,000","45,667,000","52,900,000","58,800,000","84,200,000","72,475,000","77,000,000","75,800,000","74,000,000","62,960,000","46,900,000","54,400,000","59,400,000","50,350,000","58,600,000","55,100,000","63,200,000","46,130,000","47,600,000","59,100,000","48,500,000","47,100,000","35,800,000","62,100,000","71,000,000","35,500,000","34,300,000","50,200,000","51,300,000","29,900,000","30,000,000","44,000,000","42,400,000","31,300,000","27,700,000","34,700,000","35,300,000","27,400,000","18,600,000","29,400,000","34,200,000","29,600,000","28,000,000","36,100,000","35,000,000","26,600,000","24,400,000","11,800,000","28,000,000","18,400,000","24,800,000","21,700,000","18,600,000","15,400,000","16,400,000"
	NetIncome,"2,946,000,000","1,470,000,000","153,000,000","703,000,000","620,000,000","1,049,000,000","484,000,000","909,000,000","-1,226,000,000","626,000,000","248,000,000","428,000,000","695,000,000","-452,000,000","553,000,000","217,000,000","-31,000,000","642,000,000","102,000,000","100,000,000","201,000,000","100,000,000","180,000,000","123,000,000","188,000,000","156,000,000","174,000,000","176,000,000","128,000,000","167,000,000","183,000,000","84,000,000","91,000,000","122,000,000","131,000,000","110,000,000","154,000,000","192,000,000","111,000,000","32,000,000","86,000,000","134,000,000","19,000,000","-49,000,000","62,000,000","126,000,000","156,000,000","27,000,000","68,000,000","245,000,000","171,000,000","-19,000,000","35,000,000","161,000,000","247,000,000","63,000,000","-42,000,000","186,000,000","124,000,000","351,000,000","194,000,000","130,000,000","115,000,000","132,000,000","552,000,000","183,000,000","117,000,000","158,000,000","144,000,000","192,000,000","90,000,000","155,000,000","146,000,000","129,000,000","104,000,000","84,000,000","57,000,000","56,000,000","72,000,000","35,000,000","75,000,000","35,679,000","35,741,000","48,967,000","72,613,000","-41,269,000","5,577,000","74,694,000","79,363,000","46,922,000","57,000,000","86,200,000","64,500,000","45,667,000","52,900,000","58,800,000","84,200,000","72,475,000","77,000,000","75,800,000","74,000,000","62,960,000","46,900,000","54,400,000","59,400,000","50,350,000","58,600,000","55,100,000","63,200,000","46,130,000","47,600,000","59,100,000","48,500,000","47,100,000","35,800,000","62,100,000","71,000,000","35,500,000","34,300,000","50,200,000","51,300,000","29,900,000","30,000,000","44,000,000","42,400,000","31,300,000","27,700,000","34,700,000","35,300,000","27,400,000","18,600,000","29,400,000","34,200,000","29,600,000","28,000,000","36,100,000","35,000,000","26,600,000","24,400,000","11,800,000","28,000,000","18,400,000","24,800,000","21,700,000","18,600,000","15,400,000","16,400,000"
		NetIncomeIncludingNoncontrollingInterests,"2,946,000,000","1,470,000,000","153,000,000","703,000,000","620,000,000","1,049,000,000","484,000,000","909,000,000","-1,226,000,000","626,000,000","248,000,000","428,000,000","695,000,000","-452,000,000","553,000,000","217,000,000","-31,000,000","642,000,000","102,000,000","100,000,000","201,000,000","100,000,000","180,000,000","123,000,000","188,000,000","156,000,000","174,000,000","176,000,000","128,000,000","167,000,000","183,000,000","84,000,000","91,000,000","122,000,000","131,000,000","110,000,000","154,000,000","192,000,000","111,000,000","32,000,000","86,000,000","134,000,000","19,000,000","-49,000,000","62,000,000","126,000,000","156,000,000","27,000,000","68,000,000","245,000,000","171,000,000","-19,000,000","35,000,000","161,000,000","247,000,000","63,000,000","-42,000,000","186,000,000","124,000,000","351,000,000","194,000,000","130,000,000","115,000,000","132,000,000","552,000,000","183,000,000","117,000,000","158,000,000","144,000,000","192,000,000","90,000,000","155,000,000","146,000,000","129,000,000","104,000,000","84,000,000","57,000,000","56,000,000","72,000,000","35,000,000","75,000,000","35,679,000","35,741,000","48,967,000","72,613,000","-41,269,000","5,577,000","74,694,000","79,363,000","46,922,000","57,000,000","86,200,000","64,500,000","45,667,000","52,900,000","58,800,000","84,200,000","72,475,000","77,000,000","75,800,000","74,000,000","62,960,000","46,900,000","54,400,000","59,400,000","186,026,000","58,600,000","55,100,000","63,200,000","142,326,000","47,600,000","59,100,000","48,500,000","47,100,000","35,800,000","62,100,000","71,000,000","35,500,000","34,300,000","50,200,000","51,300,000","29,900,000","30,000,000","44,000,000","42,400,000","31,300,000","27,700,000","34,700,000","35,300,000","27,400,000","18,600,000","29,400,000","34,200,000","29,600,000","28,000,000","36,100,000","35,000,000","26,600,000","24,400,000","11,800,000","28,000,000","18,400,000","24,800,000","21,700,000","18,600,000","15,400,000","16,400,000"
			NetIncomeContinuousOperations,"2,946,000,000","1,470,000,000","153,000,000","703,000,000","620,000,000","1,049,000,000","484,000,000","909,000,000","-1,226,000,000","626,000,000","248,000,000","428,000,000","695,000,000","-452,000,000","553,000,000","217,000,000","-31,000,000","642,000,000","102,000,000","100,000,000","201,000,000","100,000,000","180,000,000","123,000,000","188,000,000","156,000,000","174,000,000","176,000,000","128,000,000","167,000,000","183,000,000","84,000,000","91,000,000","122,000,000","131,000,000","110,000,000","154,000,000","192,000,000","111,000,000","32,000,000","86,000,000","134,000,000","19,000,000","-49,000,000","62,000,000","126,000,000","156,000,000","27,000,000","68,000,000","245,000,000","171,000,000","-19,000,000","35,000,000","161,000,000","247,000,000","63,000,000","-42,000,000","186,000,000","124,000,000","351,000,000","194,000,000","130,000,000","115,000,000","132,000,000","552,000,000","183,000,000","117,000,000","158,000,000","144,000,000","192,000,000","90,000,000","155,000,000","146,000,000","129,000,000","104,000,000","84,000,000","57,000,000","56,000,000","72,000,000","35,000,000","75,000,000","35,679,000","35,741,000","48,967,000","72,613,000","-41,269,000","5,577,000","74,694,000","79,363,000","46,922,000","57,000,000","86,200,000","64,500,000","45,667,000","52,900,000","58,800,000","84,200,000","72,475,000","77,000,000","75,800,000","74,000,000","62,960,000","46,900,000","54,400,000","59,400,000","186,026,000","58,600,000","55,100,000","63,200,000","142,326,000","47,600,000","59,100,000","48,500,000","47,100,000","35,800,000","62,100,000","57,200,000","35,500,000","34,300,000","50,200,000","51,300,000","29,900,000","30,000,000","44,000,000","42,400,000","31,300,000","27,700,000","34,700,000","35,300,000","27,400,000","18,600,000","29,400,000","34,200,000","29,600,000","28,000,000","36,100,000","35,000,000","26,600,000","24,400,000","11,800,000","28,000,000","18,400,000","24,800,000","21,700,000","18,600,000","15,400,000","16,400,000"
			NetIncomeExtraordinary,,,,,,,,,,,,,,,,,,,,,,,,,,,,,,,,,,,,,,,,,,,,,,,,,,,,,,,,,,,,,,,,,,,,,,,,,,,,,,,,,,,,,,,,,,,,,,,,,,,,,,,,,,,,,,,,,,"0",,,"13,800,000",,,,,,,,,,,,,,,,,,,,,,,,,,,,,,
DilutedNIAvailtoComStockholders,"2,946,000,000","1,470,000,000","153,000,000","703,000,000","620,000,000","1,049,000,000","484,000,000","909,000,000","-1,226,000,000","626,000,000","248,000,000","428,000,000","695,000,000","-452,000,000","553,000,000","217,000,000","-31,000,000","642,000,000","102,000,000","100,000,000","201,000,000","100,000,000","180,000,000","123,000,000","188,000,000","156,000,000","174,000,000","176,000,000","128,000,000","167,000,000","183,000,000","84,000,000","91,000,000","122,000,000","131,000,000","110,000,000","154,000,000","192,000,000","111,000,000","32,000,000","86,000,000","134,000,000","19,000,000","-49,000,000","62,000,000","126,000,000","156,000,000","27,000,000","68,000,000","245,000,000","171,000,000","-19,000,000","35,000,000","161,000,000","247,000,000","63,000,000","-42,000,000","186,000,000","124,000,000","351,000,000","194,000,000","130,000,000","115,000,000","132,000,000","552,000,000","183,000,000","117,000,000","158,000,000","144,000,000","192,000,000","90,000,000","155,000,000","146,000,000","129,000,000","104,000,000","84,000,000","57,000,000","56,000,000","72,000,000","35,000,000","75,000,000","35,679,000","35,741,000","48,967,000","72,613,000","-41,269,000","5,577,000","74,694,000","79,363,000","46,922,000","57,000,000","86,200,000","64,500,000","45,667,000","52,900,000","58,800,000","84,200,000","72,475,000","77,000,000","75,800,000","74,000,000","62,960,000","46,900,000","54,400,000","59,400,000","50,350,000","58,600,000","55,100,000","63,200,000","46,130,000","47,600,000","59,100,000","48,500,000","47,100,000","35,800,000","62,100,000","71,000,000","35,500,000","34,300,000","50,200,000","51,300,000","29,900,000","30,000,000","44,000,000","42,400,000","31,300,000","27,700,000","34,700,000","35,300,000","27,400,000","18,600,000","29,400,000","34,200,000","29,600,000","28,000,000","36,100,000","35,000,000","26,600,000","24,400,000","11,800,000","28,000,000","18,400,000","24,800,000","21,700,000","18,600,000","15,400,000","16,400,000"
BasicEPS,,"9.14","0.95","4.36","3.85","6.52","3.01","5.65","-7.56","3.84","1.51","2.62","4.259","-2.78","3.4","1.33","-0.19","3.92","0.62","0.61","1.22","0.61","1.09","0.75","1.14","0.95","1.06","1.07","0.78","1.03","1.12","0.51","0.56","0.75","0.8","0.67","0.95","1.18","0.69","0.2","0.53","0.83","0.12","-0.3","0.38",,"0.95","0.166","0.42",,"1.05","-0.117","0.22",,"1.51","0.38","-0.26",,"0.72","2.04","1.12",,"0.67","0.77","3.17",,"0.67","0.9","0.82",,"0.514","0.876","0.825",,"0.59","0.481","0.317",,"0.399","0.2","0.417",,"0.2","0.272","0.408",,"0.027","0.417","0.444",,"0.317","0.48","0.353",,"0.281","0.317","0.462",,"0.426","0.417","0.399",,"0.254","0.299","0.326",,"0.308","0.29","0.335",,"0.263","0.326","0.272",,"0.263","0.344","0.399",,"0.19","0.281","0.299",,"0.172","0.254","0.245",,"0.163","0.199","0.208",,"0.109","0.172","0.199",,"0.163","0.208","0.208",,"0.145","0.073","0.163",,"0.145","0.127","0.109",,"0.1"
DilutedEPS,,"9.04","0.94","4.31","3.82","6.47","2.99","5.63","-7.56","3.79","1.49","2.59","4.259","-2.78","3.38","1.32","-0.19","3.88","0.61","0.6","1.21","0.6","1.08","0.74","1.13","0.94","1.05","1.06","0.77","1.02","1.11","0.51","0.55","0.74","0.79","0.66","0.94","1.17","0.68","0.2","0.53","0.83","0.12","-0.3","0.38",,"0.95","0.166","0.42",,"1.05","-0.12","0.22",,"1.5","0.38","-0.26",,"0.72","2.02","1.11",,"0.66","0.76","3.13",,"0.66","0.89","0.81",,"0.505","0.867","0.816",,"0.58","0.472","0.317",,"0.399","0.19","0.417",,"0.2","0.272","0.399",,"0.027","0.408","0.435",,"0.308","0.471","0.344",,"0.281","0.317","0.444",,"0.417","0.399","0.39",,"0.245","0.29","0.317",,"0.308","0.29","0.335",,"0.263","0.326","0.272",,"0.263","0.344","0.399",,"0.19","0.281","0.299",,"0.172","0.254","0.245",,"0.163","0.199","0.208",,"0.109","0.172","0.199",,"0.163","0.208","0.208",,"0.145","0.073","0.163",,"0.145","0.127","0.109",,"0.1"
BasicAverageShares,,"160,831,510","161,100,000","161,100,000","161,000,000","160,889,571","160,900,000","160,800,000","162,200,000","163,020,833","164,238,411","163,300,000","163,200,000","162,589,928","162,700,000","163,200,000","163,157,895","163,775,510","164,000,000","164,300,000","164,600,000","163,934,426","164,600,000","164,500,000","164,200,000","164,210,526","164,000,000","164,100,000","164,000,000","165,300,000","163,500,000","163,500,000","163,400,000","165,700,000","163,710,000","163,512,000","163,133,000","164,160,000","162,555,000","162,425,000","162,277,000","162,679,294","163,085,974","163,068,516","163,669,998",,"163,175,682","163,310,451","163,310,451",,"162,901,396","162,663,625","162,663,625",,"164,242,185","165,044,463","165,105,311",,"172,399,539","173,423,572","174,274,157",,"175,260,063","175,022,367","176,127,404",,"174,626,866","175,555,556","175,609,756",,"175,000,000","176,902,174","176,884,615",,"176,400,000","174,735,849","179,550,000",,"178,566,835","178,605,000","178,605,000",,"175,602,892","177,655,747","177,901,850",,"176,104,530","178,189,357","177,976,575",,"179,693,953","179,455,845","182,482,268",,"188,287,051","185,368,499","182,166,308",,"180,766,874","181,818,182","185,568,768",,"184,816,661","181,891,133","182,058,363",,"190,171,446","189,988,863","188,469,934",,"181,107,036","181,138,876","178,380,307",,"136,210,754","180,315,683","178,046,157",,"180,218,995","178,676,936","171,526,013",,"174,218,051","173,388,765","173,271,980",,"169,798,020","174,033,412","169,345,167",,"171,025,047","170,733,690","171,525,726",,"171,636,988","173,183,018","167,905,973",,"168,265,418","162,749,641","171,636,988",,"171,023,867","171,023,699","171,025,047",,"164,505,030"
DilutedAverageShares,,"162,500,000","162,900,000","162,900,000","162,500,000","162,100,000","162,000,000","161,500,000","162,200,000","165,300,000","165,600,000","165,200,000","163,200,000","162,800,000","164,000,000","164,500,000","164,000,000","165,600,000","165,900,000","166,000,000","166,500,000","166,500,000","166,800,000","166,500,000","166,000,000","165,700,000","165,500,000","165,500,000","165,600,000","165,300,000","165,000,000","165,100,000","165,000,000","165,700,000","165,601,000","165,442,000","164,924,000","164,160,000","163,857,000","163,514,000","163,145,000","162,679,294","163,085,974","163,068,516","163,669,998",,"163,175,682","163,310,451","163,310,451",,"162,901,396","162,663,625","162,663,625",,"164,242,185","165,044,463","165,105,311",,"172,399,539","173,762,376","174,774,775",,"175,260,063","175,022,367","176,357,827",,"177,272,727","177,528,090","177,777,778",,"178,301,887","178,846,154","178,850,000",,"179,156,250","178,096,154","179,550,000",,"179,952,424","180,810,000","179,707,500",,"178,435,215","180,600,525","183,184,785",,"178,119,900","182,517,772","181,757,047",,"184,979,052","182,906,904","187,284,405",,"188,287,051","185,368,499","189,601,634",,"184,696,570","190,082,603","189,884,299",,"191,661,695","187,575,211","187,260,014",,"190,171,446","189,988,863","188,469,934",,"181,107,036","181,138,876","178,380,307",,"136,210,754","180,315,683","178,046,157",,"180,218,995","178,676,936","171,526,013",,"174,218,051","173,388,765","173,271,980",,"169,798,020","174,033,412","169,345,167",,"171,025,047","170,733,690","171,525,726",,"171,636,988","173,183,018","167,905,973",,"168,265,418","162,749,641","171,636,988",,"171,023,867","171,023,699","171,025,047",,"164,505,030"
TotalExpenses,"5,960,000,000","1,477,000,000","1,601,000,000","1,423,000,000","1,459,000,000","1,378,000,000","1,613,000,000","1,569,000,000","1,477,000,000","1,371,000,000","1,406,000,000","1,383,000,000","1,292,000,000","1,291,000,000","1,297,000,000","1,294,000,000","1,274,000,000","1,214,000,000","1,283,000,000","1,258,000,000","1,247,000,000","1,184,000,000","1,149,000,000","1,205,000,000","1,099,000,000","1,047,000,000","1,035,000,000","1,068,000,000","1,111,000,000","1,026,000,000","1,021,000,000","1,107,000,000","1,070,000,000","1,005,000,000","970,000,000","956,000,000","886,000,000","797,000,000","883,000,000","991,000,000","874,000,000","769,000,000","933,000,000","1,072,000,000","853,000,000","762,000,000","850,000,000","857,000,000","802,000,000","778,000,000","763,000,000","924,000,000","856,000,000","798,000,000","830,000,000","853,000,000","804,000,000","723,000,000","822,000,000","762,000,000","760,000,000","822,000,000","819,000,000","806,000,000","773,000,000","705,000,000","793,000,000","725,000,000","721,000,000","671,000,000","766,000,000","709,000,000","669,000,000","669,000,000","699,000,000","691,000,000","642,000,000","658,000,000","641,000,000","672,000,000","594,000,000","615,215,000","609,569,000","594,225,000","520,990,000","663,900,000","608,521,000","482,167,000","467,742,000","1,548,050,000","89,900,000","88,000,000","80,700,000","1,515,882,000","81,700,000","73,900,000","75,500,000","1,318,425,000","78,800,000","78,100,000","72,400,000","1,320,428,000","72,600,000","67,700,000","65,700,000","1,164,263,000","66,400,000","66,900,000","62,900,000","1,080,378,000","63,200,000","64,100,000","55,400,000","59,000,000","54,300,000","66,500,000","54,800,000","163,600,000","62,200,000","49,200,000","50,900,000","154,900,000","50,100,000","47,700,000","47,400,000","45,000,000","46,800,000","43,900,000","45,100,000","39,000,000","47,100,000","45,100,000",,,,,,,,,,,,,,,
NetIncomeFromContinuingAndDiscontinuedOperation,"2,946,000,000","1,470,000,000","153,000,000","703,000,000","620,000,000","1,049,000,000","484,000,000","909,000,000","-1,226,000,000","626,000,000","248,000,000","428,000,000","695,000,000","-452,000,000","553,000,000","217,000,000","-31,000,000","642,000,000","102,000,000","100,000,000","201,000,000","100,000,000","180,000,000","123,000,000","188,000,000","156,000,000","174,000,000","176,000,000","128,000,000","167,000,000","183,000,000","84,000,000","91,000,000","122,000,000","131,000,000","110,000,000","154,000,000","192,000,000","111,000,000","32,000,000","86,000,000","134,000,000","19,000,000","-49,000,000","62,000,000","126,000,000","156,000,000","27,000,000","68,000,000","245,000,000","171,000,000","-19,000,000","35,000,000","161,000,000","247,000,000","63,000,000","-42,000,000","186,000,000","124,000,000","351,000,000","194,000,000","130,000,000","115,000,000","132,000,000","552,000,000","183,000,000","117,000,000","158,000,000","144,000,000","192,000,000","90,000,000","155,000,000","146,000,000","129,000,000","104,000,000","84,000,000","57,000,000","56,000,000","72,000,000","35,000,000","75,000,000","35,679,000","35,741,000","48,967,000","72,613,000","-41,269,000","5,577,000","74,694,000","79,363,000","46,922,000","57,000,000","86,200,000","64,500,000","45,667,000","52,900,000","58,800,000","84,200,000","72,475,000","77,000,000","75,800,000","74,000,000","62,960,000","46,900,000","54,400,000","59,400,000","50,350,000","58,600,000","55,100,000","63,200,000","46,130,000","47,600,000","59,100,000","48,500,000","47,100,000","35,800,000","62,100,000","57,200,000","35,500,000","34,300,000","50,200,000","51,300,000","29,900,000","30,000,000","44,000,000","42,400,000","31,300,000","27,700,000","34,700,000","35,300,000","27,400,000","18,600,000","29,400,000","34,200,000","29,600,000","28,000,000","36,100,000","35,000,000","26,600,000","24,400,000","11,800,000","28,000,000","18,400,000","24,800,000","21,700,000","18,600,000","15,400,000","16,400,000"
NormalizedIncome,"2,946,000,000","1,470,000,000","153,000,000","703,000,000","620,000,000","1,049,000,000","484,000,000","909,000,000","-1,226,000,000","626,000,000","248,000,000","428,000,000","695,000,000","-452,000,000","553,000,000","217,000,000","-31,000,000","642,000,000","102,000,000","100,000,000","201,000,000","100,000,000","180,000,000","123,000,000","188,000,000","156,000,000","174,000,000","176,000,000","128,000,000","167,000,000","183,000,000","84,000,000","91,000,000","122,000,000","131,000,000","110,000,000","154,000,000","192,000,000","111,000,000","32,000,000","86,000,000","134,000,000","19,000,000","-49,000,000","62,000,000","126,000,000","156,000,000","27,000,000","68,000,000","245,000,000","171,000,000","-19,000,000","46,050,000","172,709,090.909","258,101,123.596","77,765,625","-28,350,000","199,233,201.581","137,950,000","364,127,952.756","208,317,343.173","144,360,465.116","129,763,513.514","142,560,000","567,884,892.086","183,000,000","117,000,000","158,000,000","144,000,000","206,169,741.697","102,743,362.832","169,485,981.308","159,800,995.025","143,417,647.059","118,423,357.664","93,420,560.748","72,784,615.385","81,375,000","87,200,000","45,200,000","87,096,774.194","61,217,419.377","44,628,800","60,354,095.731","85,823,062.245","-9,691,000","14,487,600","85,585,844.454","89,498,018.768","46,922,000","57,000,000","86,200,000","64,500,000","45,667,000","52,900,000","58,800,000","84,200,000","72,475,000","77,000,000","75,800,000","74,000,000","62,960,000","46,900,000","54,400,000","59,400,000","50,350,000","58,600,000","55,100,000","63,200,000","46,130,000","47,600,000","59,100,000","48,500,000","47,100,000","35,800,000","62,100,000","57,200,000","35,500,000","34,300,000","50,200,000","51,300,000","29,900,000","30,000,000","44,000,000","42,400,000","31,300,000","27,700,000","34,700,000","35,300,000","27,400,000","18,600,000","29,400,000","34,200,000","29,600,000","28,000,000","36,100,000","35,000,000","26,600,000","24,400,000","11,800,000","28,000,000","18,400,000","24,800,000","21,700,000","18,600,000","15,400,000","16,400,000"
InterestIncome,"723,000,000","188,000,000","182,000,000","177,000,000","176,000,000","175,000,000","168,000,000","167,000,000","165,000,000","169,000,000","160,000,000","161,000,000",,,,,,,,,,,,,,,,,,,,,,,,,,,,,,,,,,,,,,,,,,,,,,,,,,,,,,,,,,,,,,,,,,,,,,,,,,,,,,,,,,,,,,,,,,,,,,,,,,,,,,,,,,,,,,,,,,,,,,,,,,,,,,,,,,,,,,,
InterestExpense,"53,000,000","14,000,000","13,000,000","13,000,000","13,000,000","14,000,000","13,000,000","14,000,000","13,000,000","13,000,000","14,000,000","13,000,000","13,000,000","13,000,000","14,000,000","13,000,000","13,000,000","14,000,000","13,000,000","13,000,000","13,000,000","14,000,000","13,000,000","13,000,000","13,000,000","13,000,000","14,000,000","13,000,000","13,000,000","13,000,000","13,000,000","13,000,000","14,000,000","14,000,000","13,000,000","14,000,000","13,000,000","13,000,000","14,000,000","13,000,000","14,000,000","14,000,000","13,000,000","14,000,000","13,000,000","14,000,000","13,000,000","13,000,000","14,000,000","13,000,000","14,000,000","14,000,000","14,000,000","14,000,000","14,000,000","13,000,000","12,000,000","13,000,000","13,000,000","13,000,000","13,000,000","14,000,000","13,000,000","13,000,000","13,000,000","12,000,000","13,000,000","13,000,000","13,000,000","11,000,000","11,000,000","9,000,000","8,000,000","9,000,000","8,000,000","8,000,000","8,000,000","9,000,000","9,000,000","9,000,000","9,000,000","8,838,000","10,028,000","9,929,000","10,206,000","7,593,000","8,093,000","9,979,000","9,162,000","9,643,000","8,000,000","7,600,000","7,800,000","8,412,000","8,100,000","6,100,000","5,300,000","5,521,000","5,500,000","4,700,000","5,000,000","6,202,000","4,800,000","4,600,000","4,600,000","4,431,000","4,800,000","4,300,000","3,700,000","2,861,000","2,800,000","2,300,000","1,900,000","1,900,000","1,800,000",,"1,600,000","1,600,000","1,900,000","1,700,000","1,400,000","1,600,000","1,800,000","1,600,000","1,600,000","1,600,000","1,400,000","1,800,000","1,500,000","1,900,000","1,500,000","1,600,000",,,,,,,,,,,,,,,
NetInterestIncome,"-53,000,000","-14,000,000","-13,000,000","-13,000,000","-13,000,000","-14,000,000","-13,000,000","-14,000,000","-13,000,000","-13,000,000","-14,000,000","-13,000,000","-13,000,000","-13,000,000","-14,000,000","-13,000,000","-13,000,000","-14,000,000","-13,000,000","-13,000,000","-13,000,000","-14,000,000","-13,000,000","-13,000,000","-13,000,000","-13,000,000","-14,000,000","-13,000,000","-13,000,000","-13,000,000","-13,000,000","-13,000,000","-14,000,000","-14,000,000","-13,000,000","-14,000,000","-13,000,000","-13,000,000","-14,000,000","-13,000,000","-14,000,000","-14,000,000","-13,000,000","-14,000,000","-13,000,000","-14,000,000","-13,000,000","-13,000,000","-14,000,000","-13,000,000","-14,000,000","-14,000,000","-14,000,000","-14,000,000","-14,000,000","-13,000,000","-12,000,000","-13,000,000","-13,000,000","-13,000,000","-13,000,000","-14,000,000","-13,000,000","-13,000,000","-13,000,000","-12,000,000","-13,000,000","-13,000,000","-13,000,000","-11,000,000","-11,000,000","-9,000,000","-8,000,000","-9,000,000","-8,000,000","-8,000,000","-8,000,000","-9,000,000","-9,000,000","-9,000,000","-9,000,000","-8,838,000","-10,028,000","-9,929,000","-10,206,000","-7,593,000","-8,093,000","-9,979,000","-9,162,000","-9,643,000","-8,000,000","-7,600,000","-7,800,000","-8,412,000","-8,100,000","-6,100,000","-5,300,000","-5,521,000","-5,500,000","-4,700,000","-5,000,000","-6,202,000","-4,800,000","-4,600,000","-4,600,000","-4,431,000","-4,800,000","-4,300,000","-3,700,000","-2,861,000","-2,800,000","-2,300,000","-1,900,000","-1,900,000","-1,800,000",,"-1,600,000","-1,600,000","-1,900,000","-1,700,000","-1,400,000","-1,600,000","-1,800,000","-1,600,000","-1,600,000","-1,600,000","-1,400,000","-1,800,000","-1,500,000","-1,900,000","-1,500,000","-1,600,000",,,,,,,,,,,,,,,
EBIT,"3,723,000,000","1,860,000,000","197,000,000","885,000,000","781,000,000","1,330,000,000","627,000,000","1,159,000,000","-1,563,000,000","794,000,000","308,000,000","543,000,000","880,000,000","-568,000,000","632,000,000","277,000,000","-37,000,000","211,000,000","142,000,000","141,000,000","289,000,000","142,000,000","266,000,000","179,000,000","278,000,000","229,000,000","257,000,000","261,000,000","187,000,000","249,000,000","272,000,000","120,000,000","133,000,000","181,000,000","195,000,000","162,000,000","230,000,000","286,000,000","166,000,000","42,000,000","126,000,000","200,000,000","24,000,000","-83,000,000","89,000,000","188,000,000","234,000,000","34,000,000","99,000,000","368,000,000","258,000,000","-36,000,000","48,000,000","234,000,000","370,000,000","77,000,000","-88,000,000","266,000,000","173,000,000","521,000,000","284,000,000","186,000,000","161,000,000","188,000,000","847,000,000","273,000,000","164,000,000","228,000,000","208,000,000","282,000,000","124,000,000","223,000,000","209,000,000","179,000,000","145,000,000","115,000,000","73,000,000","73,000,000","99,000,000","40,000,000","102,000,000","47,481,000","44,329,000","61,093,000","107,098,000","-75,180,000","-638,000","106,619,000","112,690,000","331,216,000","8,000,000","7,600,000","7,800,000","315,519,000","8,100,000","6,100,000","5,300,000","400,080,000","5,500,000","4,700,000","5,000,000","288,623,000","4,800,000","4,600,000","4,600,000","299,619,000","4,800,000","4,300,000","3,700,000","252,189,000","2,800,000","2,300,000","1,900,000","1,900,000","1,800,000",,"1,600,000","1,600,000","1,900,000","1,700,000","1,400,000","1,600,000","1,800,000","1,600,000","1,600,000","1,600,000","1,400,000","1,800,000","1,500,000","1,900,000","1,500,000","1,600,000",,,,,,,,,,,,,,,
ReconciledDepreciation,"93,000,000","24,000,000","23,000,000","23,000,000","23,000,000","19,000,000","20,000,000","20,000,000","22,000,000","18,000,000","18,000,000","17,000,000","19,000,000","15,000,000","16,000,000","14,000,000","18,000,000","15,000,000","13,000,000","13,000,000","14,000,000","14,000,000","10,000,000","12,000,000","12,000,000","13,000,000","12,000,000","13,000,000","14,000,000","13,000,000","13,000,000","12,000,000","13,000,000","20,000,000","10,000,000","11,000,000","9,000,000","12,000,000","10,000,000","11,000,000","11,000,000","4,000,000","15,000,000","12,000,000","11,000,000","11,000,000","13,000,000","7,000,000","10,000,000","17,000,000","7,000,000","6,000,000","8,000,000","5,000,000","8,000,000","11,000,000","8,000,000","10,000,000","10,000,000","9,000,000","7,000,000","12,000,000","10,000,000","8,000,000","8,000,000","11,000,000","8,000,000","7,000,000","7,000,000","5,000,000","16,000,000","-1,000,000","8,000,000","10,000,000","6,000,000","7,000,000","7,000,000","8,000,000","2,000,000","6,000,000","6,000,000","6,169,000","6,204,000","5,513,000","7,114,000","5,823,000","4,194,000","3,283,000","4,969,000","5,716,000","3,600,000","3,400,000","3,300,000","3,493,000","3,000,000","2,700,000","2,600,000","3,727,000","2,800,000","2,300,000","2,500,000","4,000,000","1,800,000","1,900,000","-600,000","2,941,000","2,200,000","2,100,000","2,400,000","3,123,000","2,500,000","2,100,000","2,200,000","3,000,000","2,500,000","2,600,000","2,400,000","3,300,000","2,500,000","2,200,000","2,100,000","2,900,000","1,300,000","800,000","1,000,000","1,600,000","1,000,000","1,300,000","1,100,000","2,000,000","1,500,000",,,,,,,,,,,,,,,,
NetIncomeFromContinuingOperationNetMinorityInterest,"2,946,000,000","1,470,000,000","153,000,000","703,000,000","620,000,000","1,049,000,000","484,000,000","909,000,000","-1,226,000,000","626,000,000","248,000,000","428,000,000","695,000,000","-452,000,000","553,000,000","217,000,000","-31,000,000","642,000,000","102,000,000","100,000,000","201,000,000","100,000,000","180,000,000","123,000,000","188,000,000","156,000,000","174,000,000","176,000,000","128,000,000","167,000,000","183,000,000","84,000,000","91,000,000","122,000,000","131,000,000","110,000,000","154,000,000","192,000,000","111,000,000","32,000,000","86,000,000","134,000,000","19,000,000","-49,000,000","62,000,000","126,000,000","156,000,000","27,000,000","68,000,000","245,000,000","171,000,000","-19,000,000","35,000,000","161,000,000","247,000,000","63,000,000","-42,000,000","186,000,000","124,000,000","351,000,000","194,000,000","130,000,000","115,000,000","132,000,000","552,000,000","183,000,000","117,000,000","158,000,000","144,000,000","192,000,000","90,000,000","155,000,000","146,000,000","129,000,000","104,000,000","84,000,000","57,000,000","56,000,000","72,000,000","35,000,000","75,000,000","35,679,000","35,741,000","48,967,000","72,613,000","-41,269,000","5,577,000","74,694,000","79,363,000","46,922,000","57,000,000","86,200,000","64,500,000","45,667,000","52,900,000","58,800,000","84,200,000","72,475,000","77,000,000","75,800,000","74,000,000","62,960,000","46,900,000","54,400,000","59,400,000","50,350,000","58,600,000","55,100,000","63,200,000","46,130,000","47,600,000","59,100,000","48,500,000","47,100,000","35,800,000","62,100,000","57,200,000","35,500,000","34,300,000","50,200,000","51,300,000","29,900,000","30,000,000","44,000,000","42,400,000","31,300,000","27,700,000","34,700,000","35,300,000","27,400,000","18,600,000","29,400,000","34,200,000","29,600,000","28,000,000","36,100,000","35,000,000","26,600,000","24,400,000","11,800,000","28,000,000","18,400,000","24,800,000","21,700,000","18,600,000","15,400,000","16,400,000"
TotalUnusualItemsExcludingGoodwill,,,,,,,,,,,,,,,,,,,,,,,,,,,,,,,,,,,,,,,,,,,,,,,,,,,,,"-17,000,000","-16,000,000","-16,000,000","-15,000,000","-21,000,000","-18,000,000","-18,000,000","-19,000,000","-20,000,000","-19,000,000","-19,000,000","-14,000,000","-24,000,000",,,,,"-20,000,000","-16,000,000","-20,000,000","-19,000,000","-19,000,000","-19,000,000","-12,000,000","-18,000,000","-29,000,000","-19,000,000","-17,000,000","-15,000,000","-27,660,000","-14,813,000","-11,898,000","-17,627,000","-52,630,000","-14,851,000","-14,092,000","-13,221,000",,,,,,,,,,,,,,,,,,,,,,,,,,,,,,,,,,,,,,,,,,,,,,,,,,,,,,,,,,
TotalUnusualItems,,,,,,,,,,,,,,,,,,,,,,,,,,,,,,,,,,,,,,,,,,,,,,,,,,,,,"-17,000,000","-16,000,000","-16,000,000","-15,000,000","-21,000,000","-18,000,000","-18,000,000","-19,000,000","-20,000,000","-19,000,000","-19,000,000","-14,000,000","-24,000,000",,,,,"-20,000,000","-16,000,000","-20,000,000","-19,000,000","-19,000,000","-19,000,000","-12,000,000","-18,000,000","-29,000,000","-19,000,000","-17,000,000","-15,000,000","-27,660,000","-14,813,000","-11,898,000","-17,627,000","-52,630,000","-14,851,000","-14,092,000","-13,221,000",,,,,,,,,,,,,,,,,,,,,,,,,,,,,,,,,,,,,,,,,,,,,,,,,,,,,,,,,,
TaxRateForCalcs,"0.197","0.204","0.168","0.194","0.193","0.203","0.212","0.206","0.222","0.198","0.156","0.192","0.198","0.222","0.105","0.178","0.38","0.4","0.209","0.219","0.272","0.219","0.289","0.259","0.291","0.278","0.284","0.29","0.264","0.292","0.293","0.215","0.235","0.269","0.28","0.257","0.29","0.297","0.27","0.35","0.232","0.28","0.35","0.35","0.184","0.276","0.294","0.35","0.2","0.31","0.299","0.35","0.35","0.268","0.306","0.016","0.35","0.265","0.225","0.309","0.284","0.244","0.223","0.246","0.338","0.299","0.225","0.265","0.262","0.292","0.204","0.276","0.274","0.241","0.241","0.215","0.123","0.125","0.2","0.4","0.194","0.077","0.4","0.043","0.251","0.4","0.4","0.227","0.233","0.022","0","0","0","0.027","0","0","0","0.054","0","0","0","0.061","0","0","0","0.4","0","0","0","0.4","0","0","0","0","0","0","0","0","0","0","0","0","0","0","0","0","0","0","0","0","0","0","0.4","0.4","0.4","0.4","0.4","0.4","0.4","0.4","0.4","0.4","0.4","0.4","0.4","0.4","0.4"
TaxEffectOfUnusualItems,"0","0","0","0","0","0","0","0","0","0","0","0","0","0","0","0","0","0","0","0","0","0","0","0","0","0","0","0","0","0","0","0","0","0","0","0","0","0","0","0","0","0","0","0","0","0","0","0","0","0","0","0","-5,950,000","-4,290,909.091","-4,898,876.404","-234,375","-7,350,000","-4,766,798.419","-4,050,000","-5,872,047.244","-5,682,656.827","-4,639,534.884","-4,236,486.486","-3,440,000","-8,115,107.914","0","0","0","0","-5,830,258.303","-3,256,637.168","-5,514,018.692","-5,199,004.975","-4,582,352.941","-4,576,642.336","-2,579,439.252","-2,215,384.615","-3,625,000","-3,800,000","-6,800,000","-2,903,225.806","-2,121,580.623","-5,925,200","-510,904.269","-4,416,937.755","-21,052,000","-5,940,400","-3,200,155.546","-3,085,981.232","0","0","0","0","0","0","0","0","0","0","0","0","0","0","0","0","0","0","0","0","0","0","0","0","0","0","0","0","0","0","0","0","0","0","0","0","0","0","0","0","0","0","0","0","0","0","0","0","0","0","0","0","0","0","0","0","0","0"