name,ttm,12/31/2021,09/30/2021,06/30/2021,03/31/2021,12/31/2020,09/30/2020,06/30/2020,03/31/2020,12/31/2019,09/30/2019,06/30/2019,03/31/2019,12/31/2018,09/30/2018,06/30/2018,03/31/2018,12/31/2017,09/30/2017,06/30/2017,03/31/2017,12/31/2016,09/30/2016,06/30/2016,03/31/2016,12/31/2015,09/30/2015,06/30/2015,03/31/2015,12/31/2014,09/30/2014,06/30/2014,03/31/2014,12/31/2013,09/30/2013,06/30/2013,03/31/2013,12/31/2012,09/30/2012,06/30/2012,03/31/2012,12/31/2011,09/30/2011,06/30/2011,03/31/2011,12/31/2010,09/30/2010,06/30/2010,03/31/2010,12/31/2009,09/30/2009,06/30/2009,03/31/2009,12/31/2008,09/30/2008,06/30/2008,03/31/2008,12/31/2007,09/30/2007,06/30/2007,03/31/2007,12/31/2006,09/30/2006,06/30/2006,03/31/2006,12/31/2005,09/30/2005,06/30/2005,03/31/2005,12/31/2004,09/30/2004,06/30/2004,03/31/2004,12/31/2003,09/30/2003,06/30/2003,03/31/2003,12/31/2002,09/30/2002,06/30/2002,03/31/2002,12/31/2001,09/30/2001,06/30/2001,03/31/2001,12/31/2000,09/30/2000,06/30/2000,03/31/2000,12/31/1999,09/30/1999,06/30/1999,03/31/1999,12/31/1998,09/30/1998,06/30/1998,03/31/1998,12/31/1997,09/30/1997,06/30/1997,03/31/1997,12/31/1996,09/30/1996,06/30/1996,03/31/1996,12/31/1995,09/30/1995,06/30/1995,03/31/1995,12/31/1994,09/30/1994,06/30/1994,03/31/1994,12/31/1993,09/30/1993,06/30/1993,03/31/1993,12/31/1992,09/30/1992,06/30/1992,03/31/1992,12/31/1991,09/30/1991,06/30/1991,03/31/1991,12/31/1990,09/30/1990,06/30/1990,03/31/1990,12/31/1989,09/30/1989,06/30/1989,03/31/1989,12/31/1988,09/30/1988,06/30/1988,03/31/1988,12/31/1987,09/30/1987,06/30/1987,03/31/1987,12/31/1986,09/30/1986,06/30/1986,03/31/1986,12/31/1985,09/30/1985
TotalRevenue,"7,080,000,000","1,691,000,000","1,806,000,000","1,802,000,000","1,781,000,000","1,842,000,000","1,916,000,000","1,983,000,000","1,783,000,000","1,449,000,000","1,506,000,000","1,627,000,000","1,551,000,000","1,473,000,000","1,563,000,000","1,691,000,000","1,517,000,000","1,416,000,000","1,500,000,000","1,647,000,000","1,477,000,000","1,406,000,000","1,443,000,000","1,600,000,000","1,426,000,000","1,345,000,000","1,390,000,000","1,557,000,000","1,401,000,000","1,345,000,000","1,352,000,000","1,511,000,000","1,386,000,000","1,330,000,000","1,364,000,000","1,547,000,000","1,413,000,000","1,325,000,000","1,338,000,000","1,541,000,000","1,401,000,000","1,221,000,000","1,305,000,000","1,482,000,000","1,304,000,000","1,179,000,000","1,266,000,000","1,517,000,000","1,366,000,000","1,279,000,000","1,372,000,000","1,500,000,000","1,350,000,000","1,216,000,000","1,384,000,000","1,495,000,000","1,353,000,000","1,186,000,000","1,239,000,000","1,344,000,000","1,241,000,000","1,101,000,000","1,161,000,000","1,319,000,000","1,157,000,000","1,064,000,000","1,104,000,000","1,254,000,000","1,086,000,000","1,000,000,000","1,090,000,000","1,243,000,000","1,086,000,000","947,000,000","1,048,000,000","1,152,000,000","1,019,000,000","926,000,000","1,047,000,000","1,136,000,000","1,033,000,000","901,000,000","991,000,000","1,030,000,000","989,000,000","899,000,000","985,000,000","1,153,000,000","1,034,000,000","954,000,000","942,000,000","1,099,400,000","992,000,000","648,100,000","685,900,000","819,700,000","680,500,000","591,800,000","649,300,000","762,500,000","649,200,000","530,200,000","590,800,000","672,400,000","560,100,000","466,800,000","518,500,000","594,300,000","499,100,000","414,500,000","476,400,000","534,400,000","481,900,000","370,800,000","449,700,000","347,200,000","476,500,000","369,500,000","440,900,000","492,500,000","455,300,000","351,600,000","417,600,000","488,600,000","421,000,000","333,900,000","403,000,000","434,600,000","386,900,000","295,600,000","366,900,000","413,600,000","340,100,000","272,100,000","330,500,000","388,400,000","325,500,000","243,400,000","302,500,000","341,700,000","295,900,000","214,600,000","273,800,000","317,300,000","279,600,000","207,100,000","285,100,000"
	OperatingRevenue,"7,080,000,000","1,691,000,000","1,806,000,000","1,802,000,000","1,781,000,000","1,842,000,000","1,916,000,000","1,983,000,000","1,783,000,000","1,449,000,000","1,506,000,000","1,627,000,000","1,551,000,000","1,473,000,000","1,563,000,000","1,691,000,000","1,517,000,000","1,416,000,000","1,500,000,000","1,647,000,000","1,477,000,000","1,406,000,000","1,443,000,000","1,600,000,000","1,426,000,000","1,345,000,000","1,390,000,000","1,557,000,000","1,401,000,000","1,345,000,000","1,352,000,000","1,511,000,000","1,386,000,000","1,330,000,000","1,364,000,000","1,547,000,000","1,413,000,000","1,325,000,000","1,338,000,000","1,541,000,000","1,401,000,000","1,221,000,000","1,305,000,000","1,482,000,000","1,304,000,000","1,179,000,000","1,266,000,000","1,517,000,000","1,366,000,000","1,279,000,000","1,372,000,000","1,500,000,000","1,350,000,000","1,216,000,000","1,384,000,000","1,495,000,000","1,353,000,000","1,186,000,000","1,239,000,000","1,344,000,000","1,241,000,000","1,101,000,000","1,161,000,000","1,319,000,000","1,157,000,000","1,064,000,000","1,104,000,000","1,254,000,000","1,086,000,000","1,000,000,000","1,090,000,000","1,243,000,000","1,086,000,000","947,000,000","1,048,000,000","1,152,000,000","1,019,000,000","926,000,000","1,047,000,000","1,136,000,000","1,033,000,000","901,000,000","991,000,000","1,030,000,000","989,000,000","899,000,000","985,000,000","1,153,000,000","1,034,000,000","954,000,000","942,000,000","1,099,400,000","992,000,000","648,100,000","685,900,000","819,700,000","680,500,000","591,800,000","649,300,000","762,500,000","649,200,000","530,200,000","590,800,000","672,400,000","560,100,000","466,800,000","518,500,000","594,300,000","499,100,000","414,500,000","476,400,000","534,400,000","481,900,000","370,800,000","449,700,000","347,200,000","476,500,000","369,500,000","440,900,000","492,500,000","455,300,000","351,600,000","417,600,000","488,600,000","421,000,000","333,900,000","403,000,000","434,600,000","386,900,000","295,600,000","366,900,000","413,600,000","340,100,000","272,100,000","330,500,000","388,400,000","325,500,000","243,400,000","302,500,000","341,700,000","295,900,000","214,600,000","273,800,000","317,300,000","279,600,000","207,100,000","285,100,000"
CostOfRevenue,"4,410,000,000","1,133,000,000","1,136,000,000","1,134,000,000","1,007,000,000","1,005,000,000","996,000,000","1,054,000,000","951,000,000","810,000,000","843,000,000","893,000,000","878,000,000","830,000,000","885,000,000","947,000,000","868,000,000","807,000,000","827,000,000","895,000,000","827,000,000","777,000,000","803,000,000","873,000,000","780,000,000","745,000,000","765,000,000","847,000,000","796,000,000","773,000,000","774,000,000","872,000,000","807,000,000","773,000,000","779,000,000","867,000,000","818,000,000","762,000,000","764,000,000","883,000,000","808,000,000","714,000,000","759,000,000","837,000,000","729,000,000","687,000,000","705,000,000","837,000,000","749,000,000","718,000,000","753,000,000","813,000,000","739,000,000","730,000,000","822,000,000","865,000,000","815,000,000","707,000,000","711,000,000","750,000,000","704,000,000","639,000,000","663,000,000","742,000,000","677,000,000","628,000,000","638,000,000","701,000,000","632,000,000","569,000,000","605,000,000","665,000,000","596,000,000","535,000,000","591,000,000","630,000,000","555,000,000","496,000,000","544,000,000","632,000,000","597,000,000","514,000,000","566,000,000","661,000,000","584,000,000","525,000,000","549,000,000","754,000,000","453,000,000","428,000,000","414,000,000","539,300,000","397,800,000","248,000,000","253,600,000","322,700,000","259,300,000","229,900,000","242,900,000","308,600,000","255,400,000","202,500,000","230,700,000","281,300,000","220,600,000","184,000,000","204,800,000","248,200,000","197,400,000","157,900,000","184,800,000","227,700,000","187,300,000","140,500,000","170,800,000","139,800,000","185,300,000","142,500,000","173,700,000","227,000,000","180,600,000","127,400,000","154,300,000","224,600,000","169,800,000","133,100,000","164,400,000","202,900,000","169,000,000","126,200,000","157,200,000",,,,,,,,,,,,,,,,
GrossProfit,"2,670,000,000","558,000,000","670,000,000","668,000,000","774,000,000","837,000,000","920,000,000","929,000,000","832,000,000","639,000,000","663,000,000","734,000,000","673,000,000","643,000,000","678,000,000","744,000,000","649,000,000","609,000,000","673,000,000","752,000,000","650,000,000","629,000,000","640,000,000","727,000,000","646,000,000","600,000,000","625,000,000","710,000,000","605,000,000","572,000,000","578,000,000","639,000,000","579,000,000","557,000,000","585,000,000","680,000,000","595,000,000","563,000,000","574,000,000","658,000,000","593,000,000","507,000,000","546,000,000","645,000,000","575,000,000","492,000,000","561,000,000","680,000,000","617,000,000","561,000,000","619,000,000","687,000,000","611,000,000","486,000,000","562,000,000","630,000,000","538,000,000","479,000,000","528,000,000","594,000,000","537,000,000","462,000,000","498,000,000","577,000,000","480,000,000","436,000,000","466,000,000","553,000,000","454,000,000","431,000,000","485,000,000","578,000,000","490,000,000","412,000,000","457,000,000","522,000,000","464,000,000","430,000,000","503,000,000","504,000,000","436,000,000","387,000,000","425,000,000","369,000,000","405,000,000","374,000,000","436,000,000","399,000,000","581,000,000","526,000,000","528,000,000","560,100,000","594,200,000","400,100,000","432,300,000","497,000,000","421,200,000","361,900,000","406,400,000","453,900,000","393,800,000","327,700,000","360,100,000","391,100,000","339,500,000","282,800,000","313,700,000","346,100,000","301,700,000","256,600,000","291,600,000","306,700,000","294,600,000","230,300,000","278,900,000","207,400,000","291,200,000","227,000,000","267,200,000","265,500,000","274,700,000","224,200,000","263,300,000","264,000,000","251,200,000","200,800,000","238,600,000","231,700,000","217,900,000","169,400,000","209,700,000",,,,,,,,,,,,,,,,
OperatingExpense,"1,922,000,000","442,000,000","451,000,000","560,000,000","469,000,000","496,000,000","449,000,000","548,000,000","492,000,000","384,000,000","378,000,000","439,000,000","411,000,000","388,000,000","383,000,000","422,000,000","390,000,000","368,000,000","370,000,000","441,000,000","397,000,000","357,000,000","359,000,000","467,000,000","385,000,000","351,000,000","339,000,000","418,000,000","364,000,000","351,000,000","331,000,000","368,000,000","330,000,000","354,000,000","349,000,000","383,000,000","362,000,000","351,000,000","347,000,000","370,000,000","367,000,000","328,000,000","336,000,000","363,000,000","336,000,000","325,000,000","328,000,000","373,000,000","339,000,000","343,000,000","329,000,000","366,000,000","326,000,000","306,000,000","330,000,000","354,000,000","332,000,000","305,000,000","296,000,000","321,000,000","309,000,000","298,000,000","296,000,000","338,000,000","277,000,000","316,000,000","280,000,000","308,000,000","267,000,000","235,000,000","261,000,000","288,000,000","293,000,000","237,000,000","247,000,000","281,000,000","289,000,000","253,000,000","242,000,000","258,000,000","262,000,000","229,000,000","251,000,000","236,000,000","247,000,000","245,000,000","247,000,000","150,000,000","377,000,000","367,000,000","360,000,000","403,300,000","408,900,000","288,700,000","282,000,000","332,800,000","280,700,000","264,500,000","270,200,000","316,000,000","264,400,000","245,900,000","242,800,000","266,500,000","228,300,000","209,400,000","207,800,000","237,600,000","206,500,000","196,800,000","195,900,000","206,500,000","205,600,000","176,500,000","196,100,000","117,000,000","208,700,000","181,500,000","189,500,000","200,200,000","205,300,000","177,700,000","188,400,000","314,400,000","189,500,000","161,400,000","176,600,000","171,500,000","163,900,000","133,400,000","143,300,000",,,,,,,,,,,,,,,,
	SellingGeneralAndAdministration,"1,747,000,000","408,000,000","418,000,000","484,000,000","437,000,000","456,000,000","417,000,000","493,000,000","453,000,000","350,000,000","348,000,000","384,000,000","377,000,000","356,000,000","351,000,000","374,000,000","358,000,000","337,000,000","338,000,000","394,000,000","362,000,000","325,000,000","328,000,000","417,000,000","350,000,000","317,000,000","309,000,000","372,000,000","330,000,000","318,000,000","301,000,000","326,000,000","302,000,000","323,000,000","318,000,000","342,000,000","328,000,000","320,000,000","317,000,000","336,000,000","337,000,000","299,000,000","308,000,000","334,000,000","307,000,000","297,000,000","299,000,000","340,000,000","309,000,000","314,000,000","302,000,000","333,000,000","299,000,000","279,000,000","303,000,000","321,000,000","305,000,000","277,000,000","273,000,000","292,000,000","283,000,000","271,000,000","270,000,000","312,000,000","252,000,000","260,000,000","257,000,000","280,000,000","245,000,000","226,000,000","240,000,000","265,000,000","271,000,000","217,000,000","228,000,000","258,000,000","269,000,000","235,000,000","227,000,000","238,000,000","247,000,000","213,000,000","235,000,000","156,000,000","231,000,000","228,000,000","233,000,000","81,000,000","309,000,000","302,000,000","298,000,000","329,800,000","318,800,000","238,800,000","234,200,000","273,300,000","236,200,000","223,200,000","221,900,000","265,500,000","219,900,000","201,300,000","205,600,000","227,400,000","182,200,000","169,000,000","171,100,000","200,600,000","167,200,000","159,900,000","160,500,000","183,000,000","180,900,000","153,600,000","173,100,000","104,700,000","184,200,000","157,900,000","166,300,000","176,700,000","183,900,000","154,700,000","166,700,000","290,500,000","165,800,000","140,400,000","158,100,000","157,700,000","151,500,000","122,000,000","130,900,000",,,,,,,,,,,,,,,,
		GeneralAndAdministrativeExpense,"974,000,000","241,000,000","236,000,000","260,000,000","237,000,000","269,000,000","238,000,000","279,000,000","269,000,000","210,000,000","211,000,000","217,000,000","216,000,000","211,000,000","212,000,000","228,000,000","208,000,000","197,000,000","204,000,000","212,000,000","201,000,000","197,000,000","200,000,000","225,000,000","204,000,000","191,000,000","186,000,000","221,000,000","206,000,000","191,000,000","180,000,000","185,000,000","182,000,000","200,000,000","198,000,000","212,000,000","196,000,000","204,000,000","195,000,000","213,000,000","211,000,000","184,000,000","190,000,000","192,000,000","182,000,000","180,000,000","181,000,000","203,000,000","182,000,000","187,000,000","175,000,000","185,000,000","174,000,000","172,000,000","184,000,000","185,000,000","182,000,000","168,000,000","155,000,000","165,000,000","162,000,000","162,000,000","153,000,000","186,000,000","140,000,000","161,000,000","144,000,000","148,000,000","139,000,000","134,000,000","132,000,000","137,000,000","164,000,000","129,000,000","122,000,000","135,000,000","150,000,000","131,000,000","116,000,000","124,000,000","142,000,000","135,000,000","135,000,000","131,000,000","113,000,000","128,000,000","123,000,000",,,,,,,,,,,,,,,,,,,,,,,,,,,,,,,,,,,,,,,,,,,,,,,,,,,,,,,,,,,,
			OtherGandA,"974,000,000","241,000,000","236,000,000","260,000,000","237,000,000","269,000,000","238,000,000","279,000,000","269,000,000","210,000,000","211,000,000","217,000,000","216,000,000","211,000,000","212,000,000","228,000,000","208,000,000","197,000,000","204,000,000","212,000,000","201,000,000","197,000,000","200,000,000","225,000,000","204,000,000","191,000,000","186,000,000","221,000,000","206,000,000","191,000,000","180,000,000","185,000,000","182,000,000","200,000,000","198,000,000","212,000,000","196,000,000","204,000,000","195,000,000","213,000,000","211,000,000","184,000,000","190,000,000","192,000,000","182,000,000","180,000,000","181,000,000","203,000,000","182,000,000","187,000,000","175,000,000","185,000,000","174,000,000","172,000,000","184,000,000","185,000,000","182,000,000","168,000,000","155,000,000","165,000,000","162,000,000","162,000,000","153,000,000","186,000,000","140,000,000","161,000,000","144,000,000","148,000,000","139,000,000","134,000,000","132,000,000","137,000,000","164,000,000","129,000,000","122,000,000","135,000,000","150,000,000","131,000,000","116,000,000","124,000,000","142,000,000","135,000,000","135,000,000","131,000,000","113,000,000","128,000,000","123,000,000",,,,,,,,,,,,,,,,,,,,,,,,,,,,,,,,,,,,,,,,,,,,,,,,,,,,,,,,,,,,
		SellingAndMarketingExpense,"773,000,000","167,000,000","182,000,000","224,000,000","200,000,000","187,000,000","179,000,000","214,000,000","184,000,000","140,000,000","137,000,000","167,000,000","161,000,000","145,000,000","139,000,000","146,000,000","150,000,000","140,000,000","134,000,000","182,000,000","161,000,000","128,000,000","128,000,000","192,000,000","146,000,000","126,000,000","123,000,000","151,000,000","124,000,000","127,000,000","121,000,000","141,000,000","120,000,000","123,000,000","120,000,000","130,000,000","132,000,000","116,000,000","122,000,000","123,000,000","126,000,000","115,000,000","118,000,000","142,000,000","125,000,000","117,000,000","118,000,000","137,000,000","127,000,000","127,000,000","127,000,000","148,000,000","125,000,000","107,000,000","119,000,000","136,000,000","123,000,000","109,000,000","118,000,000","127,000,000","121,000,000","109,000,000","117,000,000","126,000,000","112,000,000","99,000,000","113,000,000","132,000,000","106,000,000","92,000,000","108,000,000","128,000,000","107,000,000","88,000,000","106,000,000","123,000,000","119,000,000","104,000,000","111,000,000","114,000,000","105,000,000","78,000,000","100,000,000","25,000,000","118,000,000","100,000,000","110,000,000",,,,,,,,,,,,,,,,,,,,,,,,,,,,,,,,,,,,,,,,,,,,,,,,,,,,,,,,,,,,
	ResearchAndDevelopment,"144,000,000","34,000,000","33,000,000","45,000,000","32,000,000","40,000,000","32,000,000","42,000,000","39,000,000","34,000,000","30,000,000","38,000,000","34,000,000","32,000,000","32,000,000","37,000,000","32,000,000","31,000,000","32,000,000","37,000,000","35,000,000","32,000,000","31,000,000","42,000,000","35,000,000","34,000,000","30,000,000","39,000,000","34,000,000","33,000,000","30,000,000","35,000,000","28,000,000","31,000,000","31,000,000","35,000,000","34,000,000","31,000,000","30,000,000","34,000,000","30,000,000","29,000,000","28,000,000","29,000,000","29,000,000","28,000,000","29,000,000","33,000,000","30,000,000","29,000,000","27,000,000","33,000,000","27,000,000","27,000,000","27,000,000","33,000,000","27,000,000","28,000,000","23,000,000","29,000,000","26,000,000","27,000,000","26,000,000","26,000,000","25,000,000","25,000,000","23,000,000","24,000,000","22,000,000","21,000,000","21,000,000","23,000,000","22,000,000","20,000,000","19,000,000","23,000,000","20,000,000","18,000,000","15,000,000","20,000,000","15,000,000","16,000,000","16,000,000","20,000,000","16,000,000","17,000,000","14,000,000","19,000,000","15,000,000","15,000,000","14,000,000","17,900,000","14,500,000","14,000,000","12,900,000","17,800,000","13,600,000","13,000,000","11,600,000","16,400,000","12,000,000","11,500,000","10,500,000","13,300,000","11,100,000","11,200,000","10,200,000","13,100,000","10,700,000","10,800,000","10,100,000",,,,,,,,,,,,,,,,,,,,,,,,,,,,,,,,,,,,
	DepreciationAmortizationDepletionIncomeStatement,"13,000,000",,,,,,,,,,,,,,,,,,,,,,,,,,,,,,,,,,,,,,,,,,,,,,,,,,,,,,,,,,,,,,,,,,,,,,,,,,,,,,,,,,,,,,,"50,000,000","53,000,000","50,000,000","48,000,000","55,600,000","75,600,000","35,900,000","34,900,000","41,700,000","30,900,000","28,300,000","36,700,000","34,100,000","32,500,000","33,100,000","26,700,000","25,800,000","35,000,000","29,200,000","26,500,000","23,900,000","28,600,000","26,100,000","25,300,000","23,500,000","24,700,000","22,900,000","23,000,000","12,300,000","24,500,000","23,600,000","23,200,000","23,500,000","21,400,000","23,000,000","21,700,000","23,900,000","23,700,000","21,000,000","18,500,000","13,800,000","12,400,000","11,400,000","12,400,000",,,,,,,,,,,,,,,,
		DepreciationAndAmortizationInIncomeStatement,"13,000,000",,,,,,,,,,,,,,,,,,,,,,,,,,,,,,,,,,,,,,,,,,,,,,,,,,,,,,,,,,,,,,,,,,,,,,,,,,,,,,,,,,,,,,,"50,000,000","53,000,000","50,000,000","48,000,000","55,600,000","75,600,000","35,900,000","34,900,000","41,700,000","30,900,000","28,300,000","36,700,000","34,100,000","32,500,000","33,100,000","26,700,000","25,800,000","35,000,000","29,200,000","26,500,000","23,900,000","28,600,000","26,100,000","25,300,000","23,500,000","24,700,000","22,900,000","23,000,000","12,300,000","24,500,000","23,600,000","23,200,000","23,500,000","21,400,000","23,000,000","21,700,000","23,900,000","23,700,000","21,000,000","18,500,000","13,800,000","12,400,000","11,400,000","12,400,000",,,,,,,,,,,,,,,,
			Amortization,"13,000,000"
				AmortizationOfIntangiblesIncomeStatement,"13,000,000"
	OtherOperatingExpenses,,,,,,,,,,,,,,,,,,,,,,,,,,,,,,,,,,,,,,,,,,,,,,,"-1,000,000",,,,"8,000,000",,,,,,,,,,,,,,,"31,000,000",,,,"-12,000,000",,,,,,,,,,,,,,,,,,,,,,,,,,,,,,,,,,,,,,,,,,,,,,,,,,,,,,,,,,,,,,,,,,,,,,,,,,,,,
OperatingIncome,"748,000,000","116,000,000","219,000,000","108,000,000","305,000,000","341,000,000","471,000,000","381,000,000","340,000,000","255,000,000","285,000,000","295,000,000","262,000,000","255,000,000","295,000,000","322,000,000","259,000,000","241,000,000","303,000,000","311,000,000","253,000,000","272,000,000","281,000,000","260,000,000","261,000,000","249,000,000","286,000,000","292,000,000","241,000,000","221,000,000","247,000,000","271,000,000","249,000,000","203,000,000","236,000,000","297,000,000","233,000,000","212,000,000","227,000,000","288,000,000","226,000,000","179,000,000","210,000,000","282,000,000","239,000,000","167,000,000","233,000,000","307,000,000","278,000,000","218,000,000","290,000,000","321,000,000","285,000,000","180,000,000","232,000,000","276,000,000","206,000,000","174,000,000","232,000,000","273,000,000","228,000,000","164,000,000","202,000,000","239,000,000","203,000,000","120,000,000","186,000,000","245,000,000","187,000,000","196,000,000","224,000,000","290,000,000","197,000,000","175,000,000","210,000,000","241,000,000","175,000,000","177,000,000","261,000,000","246,000,000","174,000,000","158,000,000","174,000,000","133,000,000","158,000,000","129,000,000","189,000,000","249,000,000","204,000,000","159,000,000","168,000,000","156,800,000","185,300,000","111,400,000","150,300,000","164,200,000","140,500,000","97,400,000","136,200,000","137,900,000","129,400,000","81,800,000","117,300,000","124,600,000","111,200,000","73,400,000","105,900,000","108,500,000","95,200,000","59,800,000","95,700,000","100,200,000","89,000,000","53,800,000","82,800,000","90,400,000","82,500,000","45,500,000","77,700,000","65,300,000","69,400,000","46,500,000","74,900,000","-50,400,000","61,700,000","39,400,000","62,000,000","60,200,000","54,000,000","36,000,000","66,400,000","-736,000,000","340,100,000","272,100,000","330,500,000","-664,300,000","325,500,000","243,400,000","302,500,000","-610,500,000","295,900,000","214,600,000","273,800,000","-597,700,000","279,600,000","207,100,000","285,100,000"
NetNonOperatingInterestIncomeExpense,"-93,000,000","-23,000,000","-25,000,000","-20,000,000","-25,000,000","-24,000,000","-25,000,000","-23,000,000","-24,000,000","-25,000,000","-25,000,000","-22,000,000","-24,000,000","-24,000,000","-24,000,000","-18,000,000","-20,000,000","-20,000,000","-21,000,000","-18,000,000","-22,000,000","-22,000,000","-22,000,000","-16,000,000","-22,000,000","-22,000,000","-23,000,000","-19,000,000","-25,000,000","-26,000,000","-26,000,000","-23,000,000","-25,000,000","-26,000,000","-26,000,000","-23,000,000","-30,000,000","-33,000,000","-33,000,000","-33,000,000","-33,000,000","-30,000,000","-29,000,000","-29,000,000","-29,000,000","-33,000,000","-32,000,000","-32,000,000","-34,000,000","-37,000,000","-36,000,000","-32,000,000","-39,000,000",,,,,,,,,,,,,,,,,,,,,,,,,,,,,,,,,,,,,,,,,,,,,,,,,,,,,,,,,,,,,,,,,,,,,,,,,,,,,,,,,,,,,,,,,,,,,,
	InterestIncomeNonOperating,"2,000,000"
	InterestExpenseNonOperating,"98,000,000","23,000,000","25,000,000","25,000,000","25,000,000","24,000,000","25,000,000","25,000,000","24,000,000","25,000,000","25,000,000","25,000,000","24,000,000","24,000,000","24,000,000","24,000,000","20,000,000","20,000,000","21,000,000","22,000,000","22,000,000","22,000,000","22,000,000","21,000,000","22,000,000","22,000,000","23,000,000","23,000,000","25,000,000","26,000,000","26,000,000","26,000,000","25,000,000","26,000,000","26,000,000","26,000,000","30,000,000","33,000,000","33,000,000","33,000,000","33,000,000","30,000,000","29,000,000","29,000,000","29,000,000","33,000,000","32,000,000","32,000,000","34,000,000","37,000,000","36,000,000","36,000,000","39,000,000",,,,,,,,,,,,,,,,,,,,,,,,,,,,,,,,,,,,,,,,,,,,,,,,,,,,,,,,,,,,,,,,,,,,,,,,,,,,,,,,,,,,,,,,,,,,,,
OtherIncomeExpense,"-335,000,000",,"-9,000,000","13,000,000","-339,000,000","15,000,000","80,000,000","37,000,000","-19,000,000","5,000,000","-2,000,000","19,000,000","2,000,000","-7,000,000","-3,000,000","2,000,000","3,000,000","6,000,000","-3,000,000","-4,000,000","16,000,000","-23,000,000","5,000,000","8,000,000","-2,000,000","3,000,000","1,000,000","13,000,000","1,000,000","2,000,000","-3,000,000","10,000,000","-10,000,000","4,000,000","-2,000,000","-5,000,000","-1,000,000","9,000,000",,"-4,000,000","5,000,000","6,000,000","6,000,000","1,000,000","9,000,000","-246,000,000","1,000,000","0","-1,000,000","-18,000,000","-10,000,000","-28,000,000","-13,000,000","-5,000,000","-4,000,000","7,000,000","-9,000,000",,"-25,000,000","-7,000,000","-7,000,000","1,000,000","2,000,000","4,000,000","-2,000,000","1,000,000","-2,000,000","3,000,000","-23,000,000","29,000,000","-27,000,000","-7,000,000","6,000,000","2,000,000","-3,000,000","7,000,000","4,000,000","-27,000,000","-9,000,000","-42,000,000","-71,000,000","-67,000,000","-35,000,000","4,000,000","-33,000,000","-7,000,000","-8,000,000","-22,000,000","-14,000,000","-16,000,000","-8,000,000","-39,900,000","-110,500,000","-3,500,000","3,200,000","-300,000","-700,000","3,100,000","1,400,000","2,900,000","-2,600,000","3,000,000","2,000,000","-4,300,000","-400,000","-2,200,000","600,000","-100,000","2,300,000","2,200,000","-400,000","-8,700,000","-1,300,000","2,400,000","6,700,000","-4,500,000","-2,300,000","4,100,000","400,000","-31,300,000","1,700,000","2,400,000","6,800,000","-3,100,000","1,300,000","900,000","2,500,000","6,200,000","7,800,000","8,200,000","6,800,000",,,,,,,,,,,,,,,,
	GainOnSaleOfSecurity,"-7,000,000"
	EarningsFromEquityInterest,"20,000,000",,,,,,,,,,,,,,,,,,,,,,,,,,,,,,,,,,,,,,,,,,,,,,,,,,,,,,,,,,,,,,,,,,,"-15,000,000",,"22,000,000",,,,,,,,,,,,,,,,,,,,,,,,,,,,,,,,,,,,,,,,,,,,,,,,,,,,,,,,,,,,,,,,,,,,,,,,,,,,,
	SpecialIncomeCharges,"13,000,000",,,"0","-329,000,000",,,,,,,,,,,,,,,,,,,,,,,,,,,,,,,,,,"0","-4,000,000","5,000,000","6,000,000","6,000,000","1,000,000","9,000,000","-246,000,000","1,000,000","0","-1,000,000","-18,000,000","-10,000,000","-36,000,000","-13,000,000","-5,000,000","-4,000,000","7,000,000","-9,000,000","0","-25,000,000","-7,000,000","-7,000,000","1,000,000","2,000,000","4,000,000","-2,000,000","1,000,000","-2,000,000","18,000,000","-23,000,000","7,000,000","-27,000,000","-7,000,000","6,000,000","2,000,000","-3,000,000","7,000,000","4,000,000","-27,000,000","-9,000,000","-42,000,000","-71,000,000","-67,000,000","-35,000,000","-12,000,000","-33,000,000","-7,000,000","-8,000,000","-22,000,000","-14,000,000","-16,000,000","-8,000,000","-39,900,000","-110,500,000","-3,500,000","3,200,000","-300,000","-700,000","3,100,000","1,400,000","2,900,000","-2,600,000","3,000,000","2,000,000","-4,300,000","-400,000","-2,200,000","600,000","-100,000","2,300,000","2,200,000","-400,000","-8,700,000","-1,300,000","2,400,000","6,700,000","-4,500,000","-2,300,000","4,100,000","400,000","-31,300,000","1,700,000","2,400,000","6,800,000","-3,100,000","1,300,000","900,000","2,500,000","6,200,000","7,800,000","8,200,000","6,800,000",,,,,,,,,,,,,,,,
		RestructuringAndMergernAcquisition,"-15,000,000",,,,,,,,,,,,,,,,,,,,,,,,,,,,,,,,,,,,,,,,,,,"0",,,,"0","0","2,000,000","2,000,000","4,000,000","14,000,000","1,000,000","1,000,000","2,000,000","7,000,000","2,000,000","25,000,000","0","9,000,000","4,000,000",,"0",,,"1,000,000","-1,000,000","5,000,000","2,000,000","30,000,000",,,,,"0",,"30,000,000","3,000,000","35,000,000","100,000,000","66,000,000","40,000,000","32,000,000","23,000,000","4,000,000",,,,,,,,,,,,,,,,,,,,,,,,,,,,,,,,,,,,,,,,,,,,,,,,,,,,,,,,,,,,,
		ImpairmentOfCapitalAssets,,,,"0","329,000,000",,,,,,,,,,,,,,,,,,,,,,,,,,,,,,,,,,,"0","0","0",,"0","0","258,000,000",,,,,,,,,,,,,,,,,,,,,,,,,,,,,,,,,,,,,,,,,,,,,,,,,,,,,,,,,,,,,,,,,,,,,,,,,,,,,,,,,,,,,,,,,,,,,,,,,,,,,
		WriteOff,"2,000,000"
		OtherSpecialCharges,,,,,,,,,,,,,,,,,,,,,,,,,,,,,,,,,,,,,,,,"4,000,000","-5,000,000","-6,000,000",,"-5,000,000","-9,000,000","-12,000,000",,"0","1,000,000","16,000,000","8,000,000","32,000,000","-1,000,000","4,000,000","3,000,000",,"2,000,000","-2,000,000",,"7,000,000","-2,000,000","-5,000,000",,"-4,000,000",,,"1,000,000","-17,000,000","18,000,000","-9,000,000","-3,000,000",,,,,"-7,000,000",,"-3,000,000","6,000,000","7,000,000","-29,000,000","1,000,000","-5,000,000","-20,000,000","10,000,000","3,000,000",,,,,,,,,,,,,,,,,,,,,,,,,,,,,,,,,,,,,,,,,,,,,,,,,,,,,,,,,,,,,
	OtherNonOperatingIncomeExpenses,"-111,000,000",,"-9,000,000","-92,000,000","-10,000,000","15,000,000","80,000,000","11,000,000","-19,000,000","5,000,000","-2,000,000","11,000,000","2,000,000","-7,000,000","-3,000,000","-2,000,000","3,000,000","6,000,000","-3,000,000","-6,000,000","16,000,000","-23,000,000","5,000,000","3,000,000","-2,000,000","3,000,000","1,000,000","13,000,000","1,000,000","2,000,000","-3,000,000","12,000,000","-10,000,000","4,000,000","-2,000,000","-14,000,000","-1,000,000","9,000,000",,,,,,,,,,,,,,,,,,,,,,,,,,,,,,,,,,,,,,,,,,,,,,,,,,,,,,,,,,,,,,,,,,,,,,,,,,,,,,,,,,,,,,,,,,,,,,,,,,,,,,,,,,,,,
PretaxIncome,"320,000,000","93,000,000","185,000,000","101,000,000","-59,000,000","332,000,000","526,000,000","395,000,000","297,000,000","235,000,000","258,000,000","292,000,000","240,000,000","224,000,000","268,000,000","306,000,000","242,000,000","227,000,000","279,000,000","295,000,000","247,000,000","227,000,000","264,000,000","252,000,000","237,000,000","230,000,000","264,000,000","289,000,000","217,000,000","197,000,000","218,000,000","258,000,000","214,000,000","181,000,000","208,000,000","269,000,000","202,000,000","188,000,000","194,000,000","251,000,000","198,000,000","155,000,000","187,000,000","254,000,000","219,000,000","-112,000,000","202,000,000","275,000,000","243,000,000","163,000,000","244,000,000","261,000,000","233,000,000","131,000,000","186,000,000","240,000,000","151,000,000","128,000,000","174,000,000","239,000,000","193,000,000","136,000,000","175,000,000","211,000,000","168,000,000","120,000,000","154,000,000","231,000,000","137,000,000","194,000,000","189,000,000","274,000,000","195,000,000","170,000,000","201,000,000","242,000,000","173,000,000","142,000,000","244,000,000","196,000,000","96,000,000","79,000,000","127,000,000","130,000,000","103,000,000","99,000,000","155,000,000","200,000,000","165,000,000","120,000,000","137,000,000","101,900,000","52,400,000","91,200,000","134,500,000","144,600,000","124,300,000","81,100,000","121,900,000","124,500,000","109,800,000","72,900,000","108,800,000","108,200,000","100,000,000","63,600,000","98,600,000","100,500,000","90,200,000","56,800,000","90,400,000","86,300,000","83,400,000","51,500,000","85,500,000","81,900,000","74,800,000","44,800,000","73,500,000","28,500,000","65,200,000","42,900,000","74,400,000","-61,400,000","55,500,000","32,000,000","60,000,000","66,300,000","61,600,000","42,400,000","73,200,000",,,,,,,,,,,,,,,,
TaxProvision,"64,000,000","21,000,000","42,000,000","1,000,000","0","71,000,000","109,000,000","85,000,000","56,000,000","50,000,000","55,000,000","51,000,000","53,000,000","42,000,000","58,000,000","89,000,000","61,000,000","-6,000,000","87,000,000","93,000,000","75,000,000","77,000,000","85,000,000","87,000,000","78,000,000","79,000,000","91,000,000","100,000,000","73,000,000","69,000,000","73,000,000","88,000,000","75,000,000","65,000,000","71,000,000","85,000,000","68,000,000","65,000,000","61,000,000","77,000,000","64,000,000","50,000,000","57,000,000","85,000,000","78,000,000","51,000,000","62,000,000","104,000,000","78,000,000","53,000,000","87,000,000","91,000,000","80,000,000","45,000,000","58,000,000","82,000,000","51,000,000","36,000,000","63,000,000","75,000,000","64,000,000","45,000,000","63,000,000","69,000,000","58,000,000","37,000,000","46,000,000","77,000,000","21,000,000","60,000,000","66,000,000","96,000,000","68,000,000","59,000,000","71,000,000","85,000,000","61,000,000","55,000,000","86,000,000","51,000,000","50,000,000","28,000,000","48,000,000","48,000,000","24,000,000","35,000,000","55,000,000","75,000,000","59,000,000","44,000,000","50,000,000","51,800,000","30,300,000","33,300,000","49,100,000","46,400,000","48,400,000","31,600,000","47,500,000","50,100,000","44,200,000","29,000,000","43,300,000","42,400,000","40,400,000","25,700,000","39,800,000","41,000,000","36,200,000","22,700,000","37,200,000","32,700,000","33,900,000","20,900,000","39,200,000","31,300,000","29,400,000","17,600,000","28,900,000","19,100,000","26,000,000","17,500,000","30,500,000","-21,800,000","23,000,000","11,600,000","20,600,000","24,000,000","23,200,000","15,400,000","27,300,000",,,,,,,,,,,,,,,,
NetIncomeCommonStockholders,"247,000,000","69,000,000","142,000,000","97,000,000","-61,000,000","259,000,000","415,000,000","310,000,000","241,000,000","185,000,000","203,000,000","241,000,000","187,000,000","182,000,000","210,000,000","217,000,000","181,000,000","233,000,000","192,000,000","201,000,000","172,000,000","149,000,000","179,000,000","165,000,000","162,000,000","149,000,000","172,000,000","191,000,000","174,000,000","125,000,000","90,000,000","170,000,000","137,000,000","115,000,000","136,000,000","183,000,000","133,000,000","123,000,000","133,000,000","174,000,000","132,000,000","105,000,000","130,000,000","169,000,000","151,000,000","21,000,000","216,000,000","171,000,000","165,000,000","110,000,000","157,000,000","170,000,000","153,000,000","86,000,000","128,000,000","158,000,000","100,000,000","92,000,000","111,000,000","164,000,000","129,000,000","96,000,000","112,000,000","142,000,000","110,000,000","83,000,000","109,000,000","156,000,000","118,000,000","699,000,000","123,000,000","185,000,000","126,000,000","109,000,000","129,000,000","149,000,000","110,000,000","89,000,000","145,000,000","145,000,000","46,000,000","51,000,000","79,000,000","82,000,000","79,000,000","64,000,000","98,000,000","125,000,000","106,000,000","76,000,000","87,000,000","50,100,000","22,100,000","57,900,000","85,400,000","98,200,000","75,900,000","49,500,000","74,400,000","74,400,000","65,600,000","43,900,000","65,500,000","65,800,000","59,600,000","37,900,000","58,800,000","59,500,000","54,000,000","34,100,000","53,200,000","53,600,000","49,500,000","30,600,000","78,400,000","49,700,000","45,400,000","27,200,000","44,600,000","-9,700,000","39,200,000","25,400,000","43,900,000","-39,600,000","32,500,000","20,400,000","39,400,000","42,300,000","38,400,000","27,000,000","45,900,000",,,,,,,,,,,,,,,,
	NetIncome,"247,000,000","69,000,000","142,000,000","97,000,000","-61,000,000","259,000,000","415,000,000","310,000,000","241,000,000","185,000,000","203,000,000","241,000,000","187,000,000","182,000,000","210,000,000","217,000,000","181,000,000","233,000,000","192,000,000","201,000,000","172,000,000","149,000,000","179,000,000","165,000,000","162,000,000","149,000,000","172,000,000","191,000,000","174,000,000","125,000,000","90,000,000","170,000,000","137,000,000","115,000,000","136,000,000","183,000,000","133,000,000","123,000,000","133,000,000","174,000,000","132,000,000","105,000,000","130,000,000","169,000,000","151,000,000","21,000,000","216,000,000","171,000,000","165,000,000","110,000,000","157,000,000","170,000,000","153,000,000","86,000,000","128,000,000","158,000,000","100,000,000","92,000,000","111,000,000","164,000,000","129,000,000","96,000,000","112,000,000","142,000,000","110,000,000","83,000,000","109,000,000","156,000,000","118,000,000","699,000,000","123,000,000","185,000,000","126,000,000","109,000,000","129,000,000","149,000,000","110,000,000","89,000,000","145,000,000","145,000,000","46,000,000","51,000,000","79,000,000","82,000,000","79,000,000","64,000,000","98,000,000","125,000,000","106,000,000","76,000,000","87,000,000","50,100,000","22,100,000","57,900,000","85,400,000","98,200,000","75,900,000","49,500,000","74,400,000","74,400,000","65,600,000","43,900,000","65,500,000","65,800,000","59,600,000","37,900,000","58,800,000","59,500,000","54,000,000","34,100,000","53,200,000","53,600,000","49,500,000","30,600,000","78,400,000","49,700,000","45,400,000","27,200,000","44,600,000","-9,700,000","39,200,000","25,400,000","43,900,000","-39,600,000","32,500,000","20,400,000","39,400,000","42,300,000","38,400,000","27,000,000","45,900,000",,,,,,,,,,,,,,,,
		NetIncomeIncludingNoncontrollingInterests,"256,000,000","72,000,000","143,000,000","100,000,000","-59,000,000","261,000,000","417,000,000","310,000,000","241,000,000","185,000,000","203,000,000","241,000,000","187,000,000","182,000,000","210,000,000","217,000,000","181,000,000","233,000,000","192,000,000","201,000,000","172,000,000","149,000,000","179,000,000","165,000,000","162,000,000","149,000,000","172,000,000","191,000,000","174,000,000","125,000,000","90,000,000","170,000,000","137,000,000","115,000,000","136,000,000","183,000,000","133,000,000","123,000,000","133,000,000","174,000,000","132,000,000","105,000,000","130,000,000","169,000,000","151,000,000","21,000,000","216,000,000","171,000,000","165,000,000","110,000,000","157,000,000","170,000,000","153,000,000","86,000,000","128,000,000","158,000,000","100,000,000","92,000,000","111,000,000","164,000,000","129,000,000","96,000,000","112,000,000","142,000,000","110,000,000","83,000,000","109,000,000","156,000,000","118,000,000","699,000,000","123,000,000","185,000,000","126,000,000","109,000,000","129,000,000","149,000,000","110,000,000","89,000,000","145,000,000","145,000,000","46,000,000","51,000,000","79,000,000","82,000,000","79,000,000","64,000,000","98,000,000","125,000,000","106,000,000","76,000,000","87,000,000","50,100,000","22,100,000","57,900,000","85,400,000","98,200,000","75,900,000","49,500,000","74,400,000","74,400,000","65,600,000","43,900,000","65,500,000","65,800,000","59,600,000","37,900,000","58,800,000","59,500,000","54,000,000","34,100,000","53,200,000","53,600,000","49,500,000","30,600,000","78,400,000","49,700,000","45,400,000","27,200,000","44,600,000","-9,700,000","39,200,000","25,400,000","43,900,000","-39,600,000","32,500,000","20,400,000","39,400,000","42,300,000","38,400,000","27,000,000","45,900,000","19,000,000","38,400,000","24,300,000","42,500,000","36,700,000","34,900,000","21,600,000","39,400,000","31,600,000","28,400,000","16,000,000","29,000,000","29,200,000","26,400,000","13,700,000","26,400,000"
			NetIncomeContinuousOperations,"256,000,000","72,000,000","143,000,000","100,000,000","-59,000,000","261,000,000","417,000,000","310,000,000","241,000,000","185,000,000","203,000,000","241,000,000","187,000,000","182,000,000","210,000,000","217,000,000","181,000,000","233,000,000","192,000,000","202,000,000","172,000,000","150,000,000","179,000,000","165,000,000","159,000,000","151,000,000","173,000,000","189,000,000","144,000,000","128,000,000","145,000,000","170,000,000","139,000,000","116,000,000","137,000,000","184,000,000","134,000,000","123,000,000","133,000,000","174,000,000","134,000,000","105,000,000","130,000,000","169,000,000","141,000,000","-163,000,000","140,000,000","171,000,000","165,000,000","110,000,000","157,000,000","170,000,000","153,000,000","86,000,000","128,000,000","158,000,000","100,000,000","92,000,000","111,000,000","164,000,000","129,000,000","91,000,000","112,000,000","142,000,000","110,000,000","83,000,000","108,000,000","156,000,000","116,000,000","136,000,000","123,000,000","178,000,000","127,000,000","111,000,000","130,000,000","157,000,000","112,000,000","87,000,000","158,000,000","145,000,000","46,000,000","51,000,000","79,000,000","82,000,000","79,000,000","64,000,000","100,000,000","125,000,000","106,000,000","76,000,000","87,000,000","50,100,000","22,100,000","57,900,000","85,400,000","98,200,000","75,900,000","49,500,000","74,400,000","74,400,000","65,600,000","43,900,000","65,500,000","65,800,000","59,600,000","37,900,000","58,800,000","59,500,000","54,000,000","34,100,000","53,200,000","53,600,000","49,500,000","30,600,000","46,300,000","50,600,000","45,400,000","27,200,000","44,600,000","9,400,000","39,200,000","25,400,000","43,900,000","-39,600,000","32,500,000","20,400,000","39,400,000","42,300,000","38,400,000","27,000,000","45,900,000","40,900,000","35,800,000","25,500,000","43,400,000","36,700,000","34,900,000","21,600,000","39,400,000","31,600,000","28,400,000","16,000,000","29,000,000","29,200,000","26,400,000","13,700,000","26,400,000"
			NetIncomeDiscontinuousOperations,,,,,,,,,,,,"0","0","0","0","0","0","0","0","-1,000,000","0","-1,000,000","0","0","3,000,000","-2,000,000","-1,000,000","2,000,000","30,000,000","-3,000,000","-55,000,000","0","-2,000,000","-1,000,000","-1,000,000","-1,000,000","-1,000,000",,,"0","-2,000,000","0","0","0","10,000,000","184,000,000","76,000,000",,,,,,,,,,,,,"0",,"5,000,000",,"0",,,"1,000,000","0","2,000,000","563,000,000",,"7,000,000","-1,000,000","-2,000,000","-1,000,000","-8,000,000","-2,000,000","2,000,000","-13,000,000",,,,,,,,,,,,,,,,,,,,,,,,,,,,,,,,,"0",,,"32,100,000",,,,,,,,,,,,,,,,,"-21,900,000","2,600,000","-1,200,000","-900,000",,,,,,,,,,,,
			NetIncomeExtraordinary,,,,,,,,,,,,,,,,,,,,,,,,,,,,,,,,,,,,,,,,,,,,,,,,,,,,,,,,,,,,,,,,,,,,,,,,,,,,,,,,,,,,"0",,,"-2,000,000",,,,,,,,,,,,,,,,,,,,,,,,,,,,,,,,,,,,,,,,,,,,,,,,,,,,,,,,,,,,
		MinorityInterests,"-9,000,000","-3,000,000","-1,000,000","-3,000,000","-2,000,000","-2,000,000","-2,000,000",,,,,,,,,,,,,,,,,,,,,,,,,,,,,,,,,,,,,,,,,,,,,,,,,,,,,,,,,,,,,,,,,,,,,,,,,,,,,,,,,,,,,,,,,,,,,,,,,,,,,,,,,,,,,,,,,,,,,,,,,,,,,,,,,,,,,,,,,,,,
DilutedNIAvailtoComStockholders,"247,000,000","69,000,000","142,000,000","97,000,000","-61,000,000","259,000,000","415,000,000","310,000,000","241,000,000","185,000,000","203,000,000","241,000,000","187,000,000","182,000,000","210,000,000","217,000,000","181,000,000","233,000,000","192,000,000","201,000,000","172,000,000","149,000,000","179,000,000","165,000,000","162,000,000","149,000,000","172,000,000","191,000,000","174,000,000","125,000,000","90,000,000","170,000,000","137,000,000","115,000,000","136,000,000","183,000,000","133,000,000","123,000,000","133,000,000","174,000,000","132,000,000","105,000,000","130,000,000","169,000,000","151,000,000","21,000,000","216,000,000","171,000,000","165,000,000","110,000,000","157,000,000","170,000,000","153,000,000","86,000,000","128,000,000","158,000,000","100,000,000","92,000,000","111,000,000","164,000,000","129,000,000","96,000,000","112,000,000","142,000,000","110,000,000","83,000,000","109,000,000","156,000,000","118,000,000","699,000,000","123,000,000","185,000,000","126,000,000","109,000,000","129,000,000","149,000,000","110,000,000","89,000,000","145,000,000","145,000,000","46,000,000","51,000,000","79,000,000","82,000,000","79,000,000","64,000,000","98,000,000","125,000,000","106,000,000","76,000,000","87,000,000","50,100,000","22,100,000","57,900,000","85,400,000","98,200,000","75,900,000","49,500,000","74,400,000","74,400,000","65,600,000","43,900,000","65,500,000","65,800,000","59,600,000","37,900,000","58,800,000","59,500,000","54,000,000","34,100,000","53,200,000","53,600,000","49,500,000","30,600,000","78,400,000","49,700,000","45,400,000","27,200,000","44,600,000","-9,700,000","39,200,000","25,400,000","43,900,000","-39,600,000","32,500,000","20,400,000","39,400,000","42,300,000","38,400,000","27,000,000","45,900,000",,,,,,,,,,,,,,,,
BasicEPS,,"0.56","1.15","0.79","-0.49","2.06","3.28","2.45","1.92","1.48","1.61","1.91","1.46","1.42","1.65","1.69","1.39","1.81","1.49","1.55","1.34","1.16","1.39","1.28","1.25","1.15","1.33","1.48","1.31","0.96","0.7","1.31","1.05","0.89","1.04","1.39","1.01","0.94","1.02","1.34","1.02","0.79","0.99","1.27","1.1","0.15","1.54",,"1.17","0.78","1.12",,"1.09","0.62","0.92",,"0.72","0.66","0.77",,"0.85","0.63","0.74",,"0.73","0.56","0.72",,"0.77","3.73","0.58",,"0.6","0.52","0.61",,"0.51","0.41","0.65",,"0.2","0.22","0.34",,"0.33","0.27","0.42",,"0.45","0.32","0.37",,"0.05","0.14","0.205",,"0.185","0.12","0.18",,"0.08","0.053","0.08",,"0.073","0.048","0.07",,"0.065","0.04","0.063",,"0.06","0.038","0.093",,"0.053","0.033","0.053",,"0.045","0.03","0.053",,"0.038","0.025","0.048",,"0.045","0.033","0.053",,"0.045","0.028","0.048",,"0.043","0.025","0.048",,"0.018","0.01","0.018",,"0.016","0.009","0.016"
DilutedEPS,,"0.56","1.14","0.78","-0.49","2.03","3.22","2.41","1.89","1.46","1.59","1.88","1.44","1.4","1.62","1.66","1.37","1.77","1.46","1.52","1.31","1.14","1.36","1.26","1.23","1.13","1.31","1.46","1.3","0.95","0.68","1.29","1.04","0.87","1.03","1.37","1","0.93","1.01","1.32","1.01","0.79","0.98","1.26","1.09","0.15","1.52",,"1.16","0.77","1.11",,"1.08","0.62","0.91",,"0.71","0.65","0.76",,"0.84","0.62","0.73",,"0.72","0.55","0.71",,"0.76","3.68","0.57",,"0.59","0.51","0.6",,"0.5","0.4","0.65",,"0.2","0.22","0.33",,"0.33","0.27","0.41",,"0.44","0.32","0.36",,"0.045","0.14","0.205",,"0.18","0.12","0.18",,"0.078","0.053","0.08",,"0.073","0.048","0.07",,"0.065","0.04","0.063",,"0.06","0.038","0.093",,"0.053","0.033","0.053",,"0.045","0.03","0.053",,"0.038","0.025","0.048",,"0.045","0.033","0.053",,"0.045","0.028","0.048",,"0.04","0.025","0.045",,"0.016","0.01","0.018",,"0.015","0.009","0.016"
BasicAverageShares,,"123,064,000","122,980,000","124,106,000","125,610,000","126,216,000","126,346,000","126,387,000","125,661,000","125,440,000","125,823,000","126,663,000","128,404,000","128,068,000","127,803,000","129,694,000","129,694,000","129,359,000","129,019,000","129,113,000","128,752,000","128,497,000","129,449,000","129,502,000","129,690,000","129,543,000","129,155,000","129,541,000","131,833,000","130,555,000","129,312,000","129,005,000","129,318,000","129,836,000","130,074,000","131,422,000","131,619,000","130,991,000","130,268,000","130,061,000","130,266,000","131,112,000","131,968,000","132,279,000","136,364,000","138,678,000","139,475,000",,"140,764,000","140,303,000","139,743,000",,"139,213,000","139,086,000","138,457,000",,"138,008,000","138,750,000","143,778,000",,"151,469,000","151,413,000","151,143,000",,"150,364,000","150,080,000","150,835,000",,"153,502,000","187,310,000","212,905,000",,"211,213,000","210,500,000","212,654,000",,"216,414,000","218,334,000","221,883,000",,"231,508,000","232,763,000","234,980,000",,"236,406,000","236,069,000","235,522,000",,"235,843,000","236,475,000","237,020,000",,"236,006,000","207,448,000","207,050,000",,"207,764,000","206,806,000","206,670,000",,"827,840,000","826,960,000","824,736,000",,"828,272,000","833,424,000","837,664,000",,"849,328,000","852,384,000","854,528,000",,"213,360,000","214,520,000","216,636,000",,"219,120,000","218,884,000","218,476,000",,"217,876,000","217,316,000","221,688,000",,"216,488,000","216,112,000","215,932,000",,"217,364,000","220,520,000","221,896,000",,"221,352,000","221,188,000","220,976,000",,"215,972,000","214,212,000","214,212,000",,"213,568,000","213,568,000","213,368,000",,"212,472,000","212,144,000","211,608,000"
DilutedAverageShares,,"123,910,000","124,042,000","125,385,000","125,610,000","128,135,000","128,729,000","128,494,000","127,328,000","126,879,000","127,465,000","128,423,000","130,266,000","130,094,000","129,946,000","131,900,000","131,900,000","131,655,000","131,509,000","131,914,000","131,362,000","130,775,000","132,193,000","131,511,000","131,647,000","131,546,000","131,220,000","131,614,000","134,115,000","132,819,000","131,369,000","131,225,000","131,555,000","132,278,000","132,237,000","133,612,000","133,475,000","132,444,000","131,702,000","131,395,000","131,607,000","132,358,000","133,611,000","133,667,000","137,689,000","138,678,000","140,932,000",,"140,764,000","141,528,000","140,861,000",,"140,724,000","141,073,000","140,633,000",,"140,300,000","141,026,000","146,127,000",,"153,970,000","153,885,000","153,568,000",,"152,905,000","152,264,000","152,882,000",,"156,104,000","189,806,000","215,117,000",,"213,606,000","212,959,000","214,807,000",,"218,696,000","220,782,000","224,051,000",,"234,625,000","235,920,000","238,096,000",,"239,764,000","239,093,000","238,568,000",,"238,848,000","239,737,000","240,578,000",,"236,006,000","207,448,000","207,050,000",,"207,764,000","206,806,000","206,670,000",,"842,368,000","826,960,000","824,736,000",,"828,272,000","833,424,000","837,664,000",,"849,328,000","852,384,000","854,528,000",,"213,360,000","214,520,000","216,636,000",,"219,120,000","218,884,000","218,476,000",,"217,876,000","217,316,000","221,688,000",,"216,488,000","216,112,000","215,932,000",,"217,364,000","220,520,000","221,896,000",,"221,352,000","221,188,000","220,976,000",,"215,972,000","214,212,000","214,212,000",,"213,568,000","213,568,000","213,368,000",,"212,472,000","212,144,000","211,608,000"
TotalExpenses,"6,332,000,000","1,575,000,000","1,587,000,000","1,694,000,000","1,476,000,000","1,501,000,000","1,445,000,000","1,602,000,000","1,443,000,000","1,194,000,000","1,221,000,000","1,332,000,000","1,289,000,000","1,218,000,000","1,268,000,000","1,369,000,000","1,258,000,000","1,175,000,000","1,197,000,000","1,336,000,000","1,224,000,000","1,134,000,000","1,162,000,000","1,340,000,000","1,165,000,000","1,096,000,000","1,104,000,000","1,265,000,000","1,160,000,000","1,124,000,000","1,105,000,000","1,240,000,000","1,137,000,000","1,127,000,000","1,128,000,000","1,250,000,000","1,180,000,000","1,113,000,000","1,111,000,000","1,253,000,000","1,175,000,000","1,042,000,000","1,095,000,000","1,200,000,000","1,065,000,000","1,012,000,000","1,033,000,000","1,210,000,000","1,088,000,000","1,061,000,000","1,082,000,000","1,179,000,000","1,065,000,000","1,036,000,000","1,152,000,000","1,219,000,000","1,147,000,000","1,012,000,000","1,007,000,000","1,071,000,000","1,013,000,000","937,000,000","959,000,000","1,080,000,000","954,000,000","944,000,000","918,000,000","1,009,000,000","899,000,000","804,000,000","866,000,000","953,000,000","889,000,000","772,000,000","838,000,000","911,000,000","844,000,000","749,000,000","786,000,000","890,000,000","859,000,000","743,000,000","817,000,000","897,000,000","831,000,000","770,000,000","796,000,000","904,000,000","830,000,000","795,000,000","774,000,000","942,600,000","806,700,000","536,700,000","535,600,000","655,500,000","540,000,000","494,400,000","513,100,000","624,600,000","519,800,000","448,400,000","473,500,000","547,800,000","448,900,000","393,400,000","412,600,000","485,800,000","403,900,000","354,700,000","380,700,000","434,200,000","392,900,000","317,000,000","366,900,000","256,800,000","394,000,000","324,000,000","363,200,000","427,200,000","385,900,000","305,100,000","342,700,000","539,000,000","359,300,000","294,500,000","341,000,000","374,400,000","332,900,000","259,600,000","300,500,000",,,,,,,,,,,,,,,,
NetIncomeFromContinuingAndDiscontinuedOperation,"247,000,000","69,000,000","142,000,000","97,000,000","-61,000,000","259,000,000","415,000,000","310,000,000","241,000,000","185,000,000","203,000,000","241,000,000","187,000,000","182,000,000","210,000,000","217,000,000","181,000,000","233,000,000","192,000,000","201,000,000","172,000,000","149,000,000","179,000,000","165,000,000","162,000,000","149,000,000","172,000,000","191,000,000","174,000,000","125,000,000","90,000,000","170,000,000","137,000,000","115,000,000","136,000,000","183,000,000","133,000,000","123,000,000","133,000,000","174,000,000","132,000,000","105,000,000","130,000,000","169,000,000","151,000,000","21,000,000","216,000,000","171,000,000","165,000,000","110,000,000","157,000,000","170,000,000","153,000,000","86,000,000","128,000,000","158,000,000","100,000,000","92,000,000","111,000,000","164,000,000","129,000,000","96,000,000","112,000,000","142,000,000","110,000,000","83,000,000","109,000,000","156,000,000","118,000,000","699,000,000","123,000,000","185,000,000","126,000,000","109,000,000","129,000,000","149,000,000","110,000,000","89,000,000","145,000,000","145,000,000","46,000,000","51,000,000","79,000,000","82,000,000","79,000,000","64,000,000","100,000,000","125,000,000","106,000,000","76,000,000","87,000,000","50,100,000","22,100,000","57,900,000","85,400,000","98,200,000","75,900,000","49,500,000","74,400,000","74,400,000","65,600,000","43,900,000","65,500,000","65,800,000","59,600,000","37,900,000","58,800,000","59,500,000","54,000,000","34,100,000","53,200,000","53,600,000","49,500,000","30,600,000","78,400,000","49,700,000","45,400,000","27,200,000","44,600,000","9,400,000","39,200,000","25,400,000","43,900,000","-39,600,000","32,500,000","20,400,000","39,400,000","42,300,000","38,400,000","27,000,000","45,900,000",,,,,,,,,,,,,,,,
NormalizedIncome,"498,200,000","69,000,000","142,000,000","82,148,514.851","263,394,000","259,000,000","415,000,000","310,000,000","241,000,000","185,000,000","203,000,000","241,000,000","187,000,000","182,000,000","210,000,000","217,000,000","181,000,000","233,000,000","192,000,000","202,000,000","172,000,000","150,000,000","179,000,000","165,000,000","159,000,000","151,000,000","173,000,000","189,000,000","144,000,000","128,000,000","145,000,000","170,000,000","139,000,000","116,000,000","137,000,000","184,000,000","134,000,000","123,000,000","133,000,000","176,772,908.367","130,616,161.616","100,935,483.871","125,828,877.005","168,334,645.669","135,205,479.452","-3,100,000","139,306,930.693","171,000,000","165,679,012.346","122,147,239.264","163,434,426.23","193,448,275.862","161,536,480.687","89,282,442.748","130,752,688.172","153,391,666.667","105,960,264.901","92,000,000","126,948,275.862","168,803,347.28","133,678,756.477","90,330,882.353","110,720,000","139,308,056.872","111,309,523.81","82,308,333.333","109,402,597.403","144,000,000","135,474,452.555","131,164,948.454","140,571,428.571","182,547,445.255","123,092,307.692","109,694,117.647","131,940,298.507","152,458,677.686","109,410,404.624","103,542,253.521","163,827,868.852","176,071,428.571","88,600,000","94,253,164.557","100,771,653.543","89,569,230.769","104,310,679.612","68,525,252.525","105,161,290.323","138,750,000","114,993,939.394","86,133,333.333","92,080,291.971","74,040,000","88,400,000","60,122,039.474","83,368,178.439","98,403,734.44","76,327,433.628","47,607,891.492","73,545,529.122","72,660,000","67,160,000","42,093,415.638","64,295,955.882","68,414,972.274","59,840,000","39,220,000","58,440,000","59,560,000","52,620,000","32,779,225.352","53,440,000","59,003,476.246","50,280,000","29,160,000","42,280,000","53,380,219.78","46,795,989.305","24,710,714.286","44,357,278.912","28,180,000","38,177,914.11","23,960,000","39,820,000","-37,600,651.466","31,720,000","19,826,250","37,758,333.333","38,344,343.891","33,537,662.338","21,778,301.887","41,636,065.574",,,,,,,,,,,,,,,,
InterestIncome,"2,000,000"
InterestExpense,"98,000,000","23,000,000","25,000,000","25,000,000","25,000,000","24,000,000","25,000,000","25,000,000","24,000,000","25,000,000","25,000,000","25,000,000","24,000,000","24,000,000","24,000,000","24,000,000","20,000,000","20,000,000","21,000,000","22,000,000","22,000,000","22,000,000","22,000,000","21,000,000","22,000,000","22,000,000","23,000,000","23,000,000","25,000,000","26,000,000","26,000,000","26,000,000","25,000,000","26,000,000","26,000,000","26,000,000","30,000,000","33,000,000","33,000,000","33,000,000","33,000,000","30,000,000","29,000,000","29,000,000","29,000,000","33,000,000","32,000,000","32,000,000","34,000,000","37,000,000","36,000,000","36,000,000","39,000,000",,,,,,,,,,,,,,,,,,,,,,,,,,,,,,,,,,,,,,,,,,,,,,,,,,,,,,,,,,,,,,,,,,,,,,,,,,,,,,,,,,,,,,,,,,,,,,
NetInterestIncome,"-93,000,000","-23,000,000","-25,000,000","-20,000,000","-25,000,000","-24,000,000","-25,000,000","-23,000,000","-24,000,000","-25,000,000","-25,000,000","-22,000,000","-24,000,000","-24,000,000","-24,000,000","-18,000,000","-20,000,000","-20,000,000","-21,000,000","-18,000,000","-22,000,000","-22,000,000","-22,000,000","-16,000,000","-22,000,000","-22,000,000","-23,000,000","-19,000,000","-25,000,000","-26,000,000","-26,000,000","-23,000,000","-25,000,000","-26,000,000","-26,000,000","-23,000,000","-30,000,000","-33,000,000","-33,000,000","-33,000,000","-33,000,000","-30,000,000","-29,000,000","-29,000,000","-29,000,000","-33,000,000","-32,000,000","-32,000,000","-34,000,000","-37,000,000","-36,000,000","-32,000,000","-39,000,000",,,,,,,,,,,,,,,,,,,,,,,,,,,,,,,,,,,,,,,,,,,,,,,,,,,,,,,,,,,,,,,,,,,,,,,,,,,,,,,,,,,,,,,,,,,,,,
EBIT,"418,000,000","116,000,000","210,000,000","126,000,000","-34,000,000","356,000,000","551,000,000","420,000,000","321,000,000","260,000,000","283,000,000","317,000,000","264,000,000","248,000,000","292,000,000","330,000,000","262,000,000","247,000,000","300,000,000","317,000,000","269,000,000","249,000,000","286,000,000","273,000,000","259,000,000","252,000,000","287,000,000","312,000,000","242,000,000","223,000,000","244,000,000","284,000,000","239,000,000","207,000,000","234,000,000","295,000,000","232,000,000","221,000,000","227,000,000","284,000,000","231,000,000","185,000,000","216,000,000","283,000,000","248,000,000","-79,000,000","234,000,000","307,000,000","277,000,000","200,000,000","280,000,000","297,000,000","272,000,000","180,000,000","232,000,000","276,000,000","206,000,000","174,000,000","232,000,000","273,000,000","228,000,000","164,000,000","202,000,000","239,000,000","203,000,000","120,000,000","186,000,000","245,000,000","187,000,000","196,000,000","224,000,000","290,000,000","197,000,000","175,000,000","210,000,000","241,000,000","175,000,000","177,000,000","261,000,000","246,000,000","174,000,000","158,000,000","174,000,000","133,000,000","158,000,000","129,000,000","189,000,000","249,000,000","204,000,000","159,000,000","168,000,000","156,800,000","185,300,000","111,400,000","150,300,000","164,200,000","140,500,000","97,400,000","136,200,000","137,900,000","129,400,000","81,800,000","117,300,000","124,600,000","111,200,000","73,400,000","105,900,000","108,500,000","95,200,000","59,800,000","95,700,000","100,200,000","89,000,000","53,800,000","82,800,000","90,400,000","82,500,000","45,500,000","77,700,000","65,300,000","69,400,000","46,500,000","74,900,000","-50,400,000","61,700,000","39,400,000","62,000,000","60,200,000","54,000,000","36,000,000","66,400,000","-736,000,000","340,100,000","272,100,000","330,500,000","-664,300,000","325,500,000","243,400,000","302,500,000","-610,500,000","295,900,000","214,600,000","273,800,000","-597,700,000","279,600,000","207,100,000","285,100,000"
EBITDA,"635,000,000"
ReconciledCostOfRevenue,"4,410,000,000","1,133,000,000","1,136,000,000","1,134,000,000","1,007,000,000","1,005,000,000","996,000,000","1,054,000,000","951,000,000","810,000,000","843,000,000","893,000,000","878,000,000","830,000,000","885,000,000","947,000,000","868,000,000","807,000,000","827,000,000","895,000,000","827,000,000","777,000,000","803,000,000","873,000,000","780,000,000","745,000,000","765,000,000","847,000,000","796,000,000","773,000,000","774,000,000","872,000,000","807,000,000","773,000,000","779,000,000","867,000,000","818,000,000","762,000,000","764,000,000","883,000,000","808,000,000","714,000,000","759,000,000","837,000,000","729,000,000","687,000,000","705,000,000","837,000,000","749,000,000","718,000,000","753,000,000","813,000,000","739,000,000","730,000,000","822,000,000","865,000,000","815,000,000","707,000,000","711,000,000","750,000,000","704,000,000","639,000,000","663,000,000","742,000,000","677,000,000","628,000,000","638,000,000","701,000,000","632,000,000","569,000,000","605,000,000","665,000,000","596,000,000","535,000,000","591,000,000","630,000,000","555,000,000","496,000,000","544,000,000","632,000,000","597,000,000","514,000,000","566,000,000","661,000,000","584,000,000","525,000,000","549,000,000","754,000,000","453,000,000","428,000,000","414,000,000","539,300,000","397,800,000","248,000,000","253,600,000","322,700,000","259,300,000","229,900,000","242,900,000","308,600,000","255,400,000","202,500,000","230,700,000","281,300,000","220,600,000","184,000,000","204,800,000","248,200,000","197,400,000","157,900,000","184,800,000","227,700,000","187,300,000","140,500,000","170,800,000","139,800,000","185,300,000","142,500,000","173,700,000","227,000,000","180,600,000","127,400,000","154,300,000","224,600,000","169,800,000","133,200,000","164,400,000","202,900,000","169,000,000","126,100,000","157,200,000",,,,,,,,,,,,,,,,
ReconciledDepreciation,"217,000,000","55,000,000","55,000,000","54,000,000","53,000,000","53,000,000","51,000,000","47,000,000","45,000,000","44,000,000","44,000,000","47,000,000","45,000,000","44,000,000","44,000,000","45,000,000","40,000,000","41,000,000","40,000,000","42,000,000","39,000,000","41,000,000","41,000,000","43,000,000","40,000,000","41,000,000","41,000,000","43,000,000","41,000,000","42,000,000","43,000,000","47,000,000","44,000,000","45,000,000","44,000,000","46,000,000","46,000,000","46,000,000","44,000,000","45,000,000","44,000,000","43,000,000","46,000,000","43,000,000","42,000,000","43,000,000","45,000,000","46,000,000","44,000,000","47,000,000","48,000,000","48,000,000","49,000,000","46,000,000","47,000,000","51,000,000","56,000,000","50,000,000","48,000,000","49,000,000","48,000,000","49,000,000","46,000,000","50,000,000","46,000,000","38,000,000","54,000,000","48,000,000","48,000,000","47,000,000","47,000,000","53,000,000","49,000,000","48,000,000","47,000,000","49,000,000","54,000,000","45,000,000","43,000,000","54,000,000","50,000,000","37,000,000","49,000,000","58,000,000","57,000,000","56,000,000","54,000,000","50,000,000","53,000,000","50,000,000","48,000,000","55,600,000","75,600,000","35,900,000","34,900,000","41,700,000","30,900,000","28,300,000","36,700,000","34,100,000","32,500,000","33,100,000","26,700,000","25,800,000","35,000,000","29,200,000","26,500,000","23,900,000","28,600,000","26,100,000","25,300,000","23,500,000","24,700,000","22,900,000","23,000,000","12,300,000","24,500,000","23,600,000","23,200,000","23,500,000","21,400,000","23,000,000","21,700,000","23,900,000","23,700,000","20,900,000","18,500,000","13,800,000","12,400,000","11,500,000","12,400,000",,,,,,,,,,,,,,,,
NetIncomeFromContinuingOperationNetMinorityInterest,"247,000,000","69,000,000","142,000,000","97,000,000","-61,000,000","259,000,000","415,000,000","310,000,000","241,000,000","185,000,000","203,000,000","241,000,000","187,000,000","182,000,000","210,000,000","217,000,000","181,000,000","233,000,000","192,000,000","202,000,000","172,000,000","150,000,000","179,000,000","165,000,000","159,000,000","151,000,000","173,000,000","189,000,000","144,000,000","128,000,000","145,000,000","170,000,000","139,000,000","116,000,000","137,000,000","184,000,000","134,000,000","123,000,000","133,000,000","174,000,000","134,000,000","105,000,000","130,000,000","169,000,000","141,000,000","-163,000,000","140,000,000","171,000,000","165,000,000","110,000,000","157,000,000","170,000,000","153,000,000","86,000,000","128,000,000","158,000,000","100,000,000","92,000,000","111,000,000","164,000,000","129,000,000","91,000,000","112,000,000","142,000,000","110,000,000","83,000,000","108,000,000","156,000,000","116,000,000","136,000,000","123,000,000","178,000,000","127,000,000","111,000,000","130,000,000","157,000,000","112,000,000","87,000,000","158,000,000","145,000,000","46,000,000","51,000,000","79,000,000","82,000,000","79,000,000","64,000,000","100,000,000","125,000,000","106,000,000","76,000,000","87,000,000","50,100,000","22,100,000","57,900,000","85,400,000","98,200,000","75,900,000","49,500,000","74,400,000","74,400,000","65,600,000","43,900,000","65,500,000","65,800,000","59,600,000","37,900,000","58,800,000","59,500,000","54,000,000","34,100,000","53,200,000","53,600,000","49,500,000","30,600,000","46,300,000","50,600,000","45,400,000","27,200,000","44,600,000","9,400,000","39,200,000","25,400,000","43,900,000","-39,600,000","32,500,000","20,400,000","39,400,000","42,300,000","38,400,000","27,000,000","45,900,000",,,,,,,,,,,,,,,,
TotalUnusualItemsExcludingGoodwill,"-314,000,000",,,"15,000,000","-329,000,000",,,,,,,,,,,,,,,,,,,,,,,,,,,,,,,,,,"0","-4,000,000","5,000,000","6,000,000","6,000,000","1,000,000","9,000,000","-246,000,000","1,000,000","0","-1,000,000","-18,000,000","-10,000,000","-36,000,000","-13,000,000","-5,000,000","-4,000,000","7,000,000","-9,000,000","0","-25,000,000","-7,000,000","-7,000,000","1,000,000","2,000,000","4,000,000","-2,000,000","1,000,000","-2,000,000","18,000,000","-23,000,000","7,000,000","-27,000,000","-7,000,000","6,000,000","2,000,000","-3,000,000","7,000,000","4,000,000","-27,000,000","-9,000,000","-42,000,000","-71,000,000","-67,000,000","-35,000,000","-12,000,000","-33,000,000","-7,000,000","-8,000,000","-22,000,000","-14,000,000","-16,000,000","-8,000,000","-39,900,000","-110,500,000","-3,500,000","3,200,000","-300,000","-700,000","3,100,000","1,400,000","2,900,000","-2,600,000","3,000,000","2,000,000","-4,300,000","-400,000","-2,200,000","600,000","-100,000","2,300,000","2,200,000","-400,000","-8,700,000","-1,300,000","2,400,000","6,700,000","-4,500,000","-2,300,000","4,100,000","400,000","-31,300,000","1,700,000","2,400,000","6,800,000","-3,100,000","1,300,000","900,000","2,500,000","6,200,000","7,800,000","8,200,000","6,800,000",,,,,,,,,,,,,,,,
TotalUnusualItems,"-314,000,000",,,"15,000,000","-329,000,000",,,,,,,,,,,,,,,,,,,,,,,,,,,,,,,,,,"0","-4,000,000","5,000,000","6,000,000","6,000,000","1,000,000","9,000,000","-246,000,000","1,000,000","0","-1,000,000","-18,000,000","-10,000,000","-36,000,000","-13,000,000","-5,000,000","-4,000,000","7,000,000","-9,000,000","0","-25,000,000","-7,000,000","-7,000,000","1,000,000","2,000,000","4,000,000","-2,000,000","1,000,000","-2,000,000","18,000,000","-23,000,000","7,000,000","-27,000,000","-7,000,000","6,000,000","2,000,000","-3,000,000","7,000,000","4,000,000","-27,000,000","-9,000,000","-42,000,000","-71,000,000","-67,000,000","-35,000,000","-12,000,000","-33,000,000","-7,000,000","-8,000,000","-22,000,000","-14,000,000","-16,000,000","-8,000,000","-39,900,000","-110,500,000","-3,500,000","3,200,000","-300,000","-700,000","3,100,000","1,400,000","2,900,000","-2,600,000","3,000,000","2,000,000","-4,300,000","-400,000","-2,200,000","600,000","-100,000","2,300,000","2,200,000","-400,000","-8,700,000","-1,300,000","2,400,000","6,700,000","-4,500,000","-2,300,000","4,100,000","400,000","-31,300,000","1,700,000","2,400,000","6,800,000","-3,100,000","1,300,000","900,000","2,500,000","6,200,000","7,800,000","8,200,000","6,800,000",,,,,,,,,,,,,,,,
NormalizedEBITDA,"949,000,000","171,000,000","265,000,000","165,000,000","348,000,000","409,000,000","602,000,000","467,000,000","366,000,000","304,000,000","327,000,000","364,000,000","309,000,000","292,000,000","336,000,000","375,000,000","302,000,000","288,000,000","340,000,000","359,000,000","308,000,000","290,000,000","327,000,000","316,000,000","299,000,000","293,000,000","328,000,000","355,000,000","283,000,000","265,000,000","287,000,000","331,000,000","283,000,000","252,000,000","278,000,000","341,000,000","278,000,000","267,000,000","271,000,000","333,000,000","270,000,000","222,000,000","256,000,000","325,000,000","281,000,000","210,000,000","278,000,000","353,000,000","322,000,000","265,000,000","338,000,000","381,000,000","334,000,000","231,000,000","283,000,000","320,000,000","271,000,000","224,000,000","305,000,000","329,000,000","283,000,000","212,000,000","246,000,000","285,000,000","251,000,000","157,000,000","242,000,000","275,000,000","258,000,000","236,000,000","298,000,000","350,000,000","240,000,000","221,000,000","260,000,000","283,000,000","225,000,000","249,000,000","313,000,000","342,000,000","295,000,000","262,000,000","258,000,000","203,000,000","248,000,000","192,000,000","251,000,000","321,000,000","271,000,000","225,000,000","224,000,000","252,300,000","371,400,000","150,800,000","182,000,000","206,200,000","172,100,000","122,600,000","171,500,000","169,100,000","164,500,000","111,900,000","142,000,000","154,700,000","146,600,000","104,800,000","131,800,000","132,500,000","121,500,000","83,700,000","121,400,000","132,400,000","115,000,000","74,300,000","99,100,000","107,200,000","109,300,000","65,000,000","100,500,000","120,100,000","89,100,000","67,100,000","89,800,000","-23,400,000","84,100,000","59,500,000","78,000,000","67,800,000","58,600,000","39,300,000","72,000,000","-736,000,000","340,100,000","272,100,000","330,500,000","-664,300,000","325,500,000","243,400,000","302,500,000","-610,500,000","295,900,000","214,600,000","273,800,000","-597,700,000","279,600,000","207,100,000","285,100,000"
TaxRateForCalcs,"0.2","0.231","0.226","0.01","0.014","0.212","0.207","0.215","0.189","0.21","0.213","0.175","0.218","0.188","0.215","0.291","0.255","0.031","0.313","0.315","0.302","0.341","0.32","0.345","0.33","0.345","0.345","0.346","0.334","0.349","0.337","0.341","0.353","0.356","0.341","0.316","0.339","0.343","0.316","0.307","0.323","0.323","0.305","0.335","0.356","0.35","0.307","0.378","0.321","0.325","0.357","0.349","0.343","0.344","0.312","0.342","0.338","0.281","0.362","0.314","0.332","0.331","0.36","0.327","0.345","0.308","0.299","0.333","0.153","0.309","0.349","0.35","0.349","0.347","0.353","0.351","0.353","0.387","0.352","0.26","0.4","0.354","0.378","0.369","0.233","0.354","0.355","0.375","0.358","0.367","0.365","0.4","0.4","0.365","0.365","0.321","0.389","0.39","0.39","0.4","0.4","0.398","0.398","0.392","0.4","0.4","0.4","0.4","0.4","0.4","0.4","0.379","0.4","0.4","0.4","0.382","0.393","0.393","0.393","0.4","0.399","0.4","0.4","0.355","0.4","0.363","0.343","0.362","0.377","0.363","0.373",,,,,,,,,,,,,,,,
TaxEffectOfUnusualItems,"-62,800,000","0","0","148,514.851","-4,606,000","0","0","0","0","0","0","0","0","0","0","0","0","0","0","0","0","0","0","0","0","0","0","0","0","0","0","0","0","0","0","0","0","0","0","-1,227,091.633","1,616,161.616","1,935,483.871","1,828,877.005","334,645.669","3,205,479.452","-86,100,000","306,930.693","0","-320,987.654","-5,852,760.736","-3,565,573.77","-12,551,724.138","-4,463,519.313","-1,717,557.252","-1,247,311.828","2,391,666.667","-3,039,735.099","0","-9,051,724.138","-2,196,652.72","-2,321,243.523","330,882.353","720,000","1,308,056.872","-690,476.19","308,333.333","-597,402.597","6,000,000","-3,525,547.445","2,164,948.454","-9,428,571.429","-2,452,554.745","2,092,307.692","694,117.647","-1,059,701.493","2,458,677.686","1,410,404.624","-10,457,746.479","-3,172,131.148","-10,928,571.429","-28,400,000","-23,746,835.443","-13,228,346.457","-4,430,769.231","-7,689,320.388","-2,474,747.475","-2,838,709.677","-8,250,000","-5,006,060.606","-5,866,666.667","-2,919,708.029","-15,960,000","-44,200,000","-1,277,960.526","1,168,178.439","-96,265.56","-272,566.372","1,207,891.492","545,529.122","1,160,000","-1,040,000","1,193,415.638","795,955.882","-1,685,027.726","-160,000","-880,000","240,000","-40,000","920,000","879,225.352","-160,000","-3,296,523.754","-520,000","960,000","2,680,000","-1,719,780.22","-904,010.695","1,610,714.286","157,278.912","-12,520,000","677,914.11","960,000","2,720,000","-1,100,651.466","520,000","326,250","858,333.333","2,244,343.891","2,937,662.338","2,978,301.887","2,536,065.574",,,,,,,,,,,,,,,,