name,ttm,12/31/2021,09/30/2021,06/30/2021,03/31/2021,12/31/2020,09/30/2020,06/30/2020,03/31/2020,12/31/2019,09/30/2019,06/30/2019,03/31/2019,12/31/2018,09/30/2018,06/30/2018,03/31/2018,12/31/2017,09/30/2017,06/30/2017,03/31/2017,12/31/2016,09/30/2016,06/30/2016,03/31/2016,12/31/2015,09/30/2015,06/30/2015,03/31/2015,12/31/2014,09/30/2014,06/30/2014,03/31/2014,12/31/2013,09/30/2013,06/30/2013,03/31/2013,12/31/2012,09/30/2012,06/30/2012,03/31/2012,12/31/2011,09/30/2011,06/30/2011,03/31/2011,12/31/2010,09/30/2010,06/30/2010,03/31/2010,12/31/2009,09/30/2009,06/30/2009,03/31/2009,12/31/2008,09/30/2008,06/30/2008,03/31/2008,12/31/2007,09/30/2007,06/30/2007,03/31/2007,12/31/2006,09/30/2006,06/30/2006,03/31/2006,12/31/2005,09/30/2005,06/30/2005,03/31/2005,12/31/2004,09/30/2004,06/30/2004,03/31/2004,12/31/2003,09/30/2003,06/30/2003,03/31/2003,12/31/2002,09/30/2002,06/30/2002,03/31/2002,12/31/2001,09/30/2001,06/30/2001,03/31/2001,12/31/2000,09/30/2000,06/30/2000,03/31/2000,12/31/1999,09/30/1999,06/30/1999,03/31/1999,12/31/1998,09/30/1998,06/30/1998,03/31/1998,12/31/1997,09/30/1997,06/30/1997,03/31/1997,12/31/1996,09/30/1996,06/30/1996,03/31/1996,12/31/1995,09/30/1995,06/30/1995,03/31/1995,12/31/1994,09/30/1994,06/30/1994,03/31/1994,12/31/1993,09/30/1993,06/30/1993,03/31/1993,12/31/1992,09/30/1992,06/30/1992,03/31/1992,12/31/1991,09/30/1991,06/30/1991,03/31/1991,12/31/1990,09/30/1990,06/30/1990,03/31/1990,12/31/1989,09/30/1989,06/30/1989,03/31/1989,12/31/1988,09/30/1988,06/30/1988,03/31/1988,12/31/1987,09/30/1987,06/30/1987,03/31/1987,12/31/1986,09/30/1986,06/30/1986,03/31/1986,12/31/1985,09/30/1985
TotalRevenue,"116,385,000,000","30,336,000,000","30,298,000,000","28,546,000,000","27,205,000,000","27,708,000,000","25,532,000,000","23,715,000,000","26,609,000,000","28,398,000,000","26,827,000,000","26,858,000,000","26,859,000,000","27,846,000,000","22,135,000,000","21,735,000,000","22,791,000,000","21,915,000,000","20,983,000,000","21,165,000,000","20,463,000,000","21,025,000,000","21,319,000,000","19,269,000,000","18,790,000,000","19,245,000,000","18,669,000,000","18,743,000,000","17,853,000,000","17,732,000,000","16,791,000,000","16,844,000,000","17,408,000,000","16,926,000,000","16,151,000,000","16,270,000,000","15,310,000,000","15,937,000,000","16,544,000,000","15,211,000,000","14,878,000,000","15,042,000,000","14,339,000,000","14,333,000,000","12,128,000,000","9,721,000,000","9,489,000,000","9,525,000,000","9,202,000,000","9,181,000,000","8,802,000,000","8,938,000,000","8,835,000,000","8,765,000,000","8,549,000,000","8,553,000,000","8,389,000,000","8,014,000,000","7,781,000,000","7,712,000,000","7,388,000,000","7,031,000,000","6,432,000,000","6,228,000,000","5,901,000,000","5,716,000,000","5,578,000,000","5,598,000,000","5,363,000,000","5,235,000,000","5,098,000,000","5,066,000,000","4,908,000,000","4,742,000,000","4,546,000,000","5,685,000,000","5,518,000,000","4,373,900,000","2,704,700,000","2,708,900,000","2,672,500,000","2,824,100,000","2,355,500,000","2,298,500,000","2,196,100,000","2,407,600,000","1,960,000,000","1,912,100,000","1,859,200,000","1,831,600,000","1,525,100,000","1,478,600,000","1,374,000,000","1,108,900,000","1,354,900,000","1,321,700,000","1,359,800,000","1,393,100,000","1,204,200,000","1,184,500,000","1,130,800,000","1,167,500,000","974,600,000","945,600,000","950,700,000","1,005,500,000","870,200,000","823,600,000","663,600,000","360,200,000","345,800,000","340,600,000","328,700,000","337,600,000","345,900,000","345,900,000","345,900,000","261,200,000","221,200,000","221,300,000","196,500,000","183,900,000","178,900,000","183,500,000","174,700,000","172,200,000","165,800,000","163,700,000","155,300,000","157,500,000","141,100,000","135,000,000","128,700,000","122,400,000","116,100,000","113,200,000","98,200,000","84,200,000","80,000,000","74,200,000","70,900,000","34,000,000","33,400,000","32,500,000","30,900,000","30,600,000","30,000,000"
	OperatingRevenue,"116,385,000,000","30,336,000,000","30,298,000,000","28,546,000,000","27,205,000,000","27,708,000,000","25,532,000,000","23,715,000,000","26,609,000,000","28,398,000,000","26,827,000,000","26,858,000,000","26,859,000,000","27,846,000,000","22,135,000,000","21,735,000,000","22,791,000,000","21,915,000,000","20,983,000,000","21,165,000,000","20,463,000,000","21,025,000,000","21,319,000,000","19,269,000,000","18,790,000,000","19,245,000,000","18,669,000,000","18,743,000,000","17,853,000,000","17,732,000,000","16,791,000,000","16,844,000,000","17,408,000,000","16,926,000,000","16,151,000,000","16,270,000,000","15,310,000,000","15,937,000,000","16,544,000,000","15,211,000,000","14,878,000,000","15,042,000,000","14,339,000,000","14,333,000,000","12,128,000,000","9,721,000,000","9,489,000,000","9,525,000,000","9,202,000,000","9,181,000,000","8,802,000,000","8,938,000,000","8,835,000,000","8,765,000,000","8,549,000,000","8,553,000,000","8,389,000,000","8,014,000,000","7,781,000,000","7,712,000,000","7,388,000,000","7,031,000,000","6,432,000,000","6,228,000,000","5,901,000,000","5,716,000,000","5,578,000,000","5,598,000,000","5,363,000,000","5,235,000,000","5,098,000,000","5,066,000,000","4,908,000,000","4,742,000,000","4,546,000,000","5,685,000,000","5,518,000,000","4,373,900,000","2,704,700,000","2,708,900,000","2,672,500,000","2,824,100,000","2,355,500,000","2,298,500,000","2,196,100,000","2,407,600,000","1,960,000,000","1,912,100,000","1,859,200,000","1,831,600,000","1,525,100,000","1,478,600,000","1,374,000,000","1,108,900,000","1,354,900,000","1,321,700,000","1,359,800,000","1,393,100,000","1,204,200,000","1,184,500,000","1,130,800,000","1,167,500,000","974,600,000","945,600,000","950,700,000","1,005,500,000","870,200,000","823,600,000","663,600,000","360,200,000","345,800,000","340,600,000","328,700,000","337,600,000","345,900,000","345,900,000","345,900,000","261,200,000","221,200,000","221,300,000","196,500,000","183,900,000","178,900,000","183,500,000","174,700,000","172,200,000","165,800,000","163,700,000","155,300,000","157,500,000","141,100,000","135,000,000","128,700,000","122,400,000","116,100,000","113,200,000","98,200,000","84,200,000","80,000,000","74,200,000","70,900,000","34,000,000","33,400,000","32,500,000","30,900,000","30,600,000","30,000,000"
CostOfRevenue,"38,450,000,000","9,880,000,000","10,395,000,000","9,256,000,000","8,919,000,000","9,438,000,000","8,565,000,000","6,817,000,000","8,301,000,000","9,300,000,000","8,316,000,000","8,255,000,000","8,569,000,000","9,252,000,000","6,711,000,000","6,300,000,000","7,429,000,000","6,892,000,000","6,077,000,000","6,341,000,000","6,074,000,000","6,537,000,000","7,003,000,000","5,492,000,000","5,431,000,000","5,836,000,000","5,582,000,000","5,669,000,000","5,463,000,000","5,358,000,000","4,772,000,000","4,874,000,000","5,908,000,000","5,252,000,000","4,787,000,000","4,968,000,000","4,663,000,000","1,695,000,000","6,801,000,000","5,614,000,000","5,819,000,000","5,698,000,000","5,397,000,000","5,340,000,000","4,323,000,000","3,899,000,000","3,792,000,000","3,827,000,000","3,732,000,000","3,796,000,000","3,490,000,000","3,545,000,000","3,565,000,000","4,179,000,000","3,095,000,000","3,091,000,000","3,107,000,000","2,903,000,000","2,759,000,000","2,754,000,000","2,759,000,000","2,451,000,000","2,300,000,000","2,310,000,000","2,196,000,000","2,061,000,000","2,007,000,000","1,944,000,000","1,957,000,000","1,962,000,000","1,837,000,000","1,794,000,000","1,869,000,000","1,774,000,000","1,703,000,000","2,575,000,000","2,603,000,000","2,209,500,000","1,365,100,000","1,352,200,000","1,377,200,000","1,742,600,000","1,252,900,000","1,227,400,000","1,196,900,000","1,358,600,000","1,045,700,000","1,017,200,000","996,300,000",,,,,,,,,,,,,,,,,,"443,600,000",,,,"103,200,000","100,600,000","100,900,000",,,,,"76,200,000","66,800,000","67,000,000","65,500,000","58,500,000","63,400,000","66,100,000","64,100,000","65,800,000","61,400,000","58,500,000","58,200,000","61,200,000","50,900,000","44,800,000","51,000,000",,,,,,,,,,,,,,
GrossProfit,"77,935,000,000","20,456,000,000","19,903,000,000","19,290,000,000","18,286,000,000","18,270,000,000","16,967,000,000","16,898,000,000","18,308,000,000","19,098,000,000","18,511,000,000","18,603,000,000","18,290,000,000","18,594,000,000","15,424,000,000","15,435,000,000","15,362,000,000","15,023,000,000","14,906,000,000","14,824,000,000","14,389,000,000","14,488,000,000","14,316,000,000","13,777,000,000","13,359,000,000","13,409,000,000","13,087,000,000","13,074,000,000","12,390,000,000","12,374,000,000","12,019,000,000","11,970,000,000","11,500,000,000","11,674,000,000","11,364,000,000","11,302,000,000","10,647,000,000","14,242,000,000","9,743,000,000","9,597,000,000","9,059,000,000","9,344,000,000","8,942,000,000","8,993,000,000","7,805,000,000","5,822,000,000","5,697,000,000","5,698,000,000","5,470,000,000","5,385,000,000","5,312,000,000","5,393,000,000","5,270,000,000","4,586,000,000","5,454,000,000","5,462,000,000","5,282,000,000","5,111,000,000","5,022,000,000","4,958,000,000","4,629,000,000","4,580,000,000","4,132,000,000","3,918,000,000","3,705,000,000","3,655,000,000","3,571,000,000","3,654,000,000","3,406,000,000","3,273,000,000","3,261,000,000","3,272,000,000","3,039,000,000","2,968,000,000","2,843,000,000","3,110,000,000","2,915,000,000","2,164,400,000","1,339,600,000","1,356,700,000","1,295,300,000","1,081,500,000","1,102,600,000","1,071,100,000","999,200,000","1,049,000,000","914,300,000","894,900,000","862,900,000",,,,,,,,,,,,,,,,,,"426,600,000",,,,"242,600,000","240,000,000","227,800,000",,,,,"185,000,000","154,400,000","154,300,000","131,000,000","125,400,000","115,500,000","117,400,000","110,600,000","106,400,000","104,400,000","105,200,000","97,100,000","96,300,000","90,200,000","90,200,000","77,700,000",,,,,,,,,,,,,,
OperatingExpense,"57,118,000,000","15,635,000,000","14,454,000,000","13,783,000,000","13,247,000,000","14,352,000,000","12,891,000,000","12,251,000,000","13,456,000,000","13,851,000,000","13,171,000,000","13,247,000,000","13,108,000,000","14,080,000,000","10,588,000,000","10,421,000,000","10,717,000,000","10,916,000,000","10,114,000,000","10,266,000,000","9,859,000,000","10,224,000,000","9,876,000,000","9,711,000,000","9,270,000,000","9,407,000,000","9,086,000,000","8,969,000,000","8,500,000,000","8,587,000,000","8,274,000,000","8,166,000,000","7,932,000,000","8,027,000,000","7,950,000,000","7,867,000,000","7,580,000,000","10,948,000,000","6,695,000,000","6,518,000,000","6,301,000,000","6,426,000,000","6,301,000,000","6,055,000,000","5,581,000,000","3,809,000,000","3,743,000,000","3,620,000,000","3,535,000,000","3,568,000,000","3,601,000,000","3,518,000,000","3,459,000,000","2,829,000,000","3,784,000,000","3,712,000,000","3,727,000,000","3,653,000,000","3,631,000,000","3,490,000,000","3,368,000,000","3,362,000,000","2,908,000,000","2,689,000,000","2,655,000,000","2,762,000,000","2,688,000,000","2,606,000,000","2,540,000,000","2,562,000,000","2,575,000,000","2,420,000,000","2,380,000,000","2,226,000,000","2,350,000,000","2,499,000,000","2,442,000,000","1,835,400,000","909,100,000","878,300,000","874,200,000","1,415,700,000","1,280,800,000","1,204,400,000","1,099,700,000","1,163,200,000","970,700,000","926,500,000","821,700,000",,,,,,,,,,,,,,,,,,"310,200,000",,,,"179,200,000","174,700,000","163,500,000",,,,,"152,400,000","110,600,000","107,800,000","88,900,000","87,700,000","79,400,000","77,600,000","79,400,000","78,300,000","75,200,000","75,600,000","73,900,000","70,300,000","68,100,000","67,400,000","59,000,000",,,,,,,,,,,,,,
	SellingGeneralAndAdministration,"7,695,000,000","2,233,000,000","1,995,000,000","1,851,000,000","1,616,000,000","1,950,000,000","1,512,000,000","1,341,000,000","1,938,000,000","1,943,000,000","1,901,000,000","1,885,000,000","1,888,000,000","2,112,000,000","1,667,000,000","1,653,000,000","1,604,000,000","1,569,000,000","1,553,000,000","1,665,000,000","1,530,000,000","1,599,000,000","1,487,000,000","1,561,000,000","1,467,000,000","1,551,000,000","1,509,000,000","1,528,000,000","1,355,000,000","1,330,000,000","1,296,000,000","1,242,000,000","1,210,000,000","1,232,000,000","1,283,000,000","1,307,000,000","1,147,000,000","1,094,000,000","1,223,000,000","4,593,000,000","4,371,000,000","4,428,000,000","4,368,000,000","4,192,000,000","3,739,000,000","2,106,000,000","2,119,000,000","1,961,000,000","1,905,000,000","1,976,000,000","1,986,000,000","1,858,000,000","1,826,000,000","1,216,000,000","2,217,000,000","2,111,000,000","2,108,000,000","2,029,000,000","2,093,000,000","1,946,000,000","1,866,000,000","1,986,000,000","1,695,000,000","1,486,000,000","1,504,000,000","1,500,000,000","1,472,000,000","1,445,000,000","1,376,000,000","1,287,000,000","1,401,000,000","1,320,000,000","1,306,000,000","1,248,000,000","1,211,000,000","1,279,000,000","1,277,000,000","974,000,000","513,800,000","490,100,000","487,100,000","426,800,000","396,800,000","370,700,000","358,300,000","374,100,000","308,600,000","292,100,000","276,000,000",,,,,,,,,,,,,,,,,,"162,600,000",,,,"96,400,000","91,500,000","86,300,000",,,,,"70,900,000","55,900,000","55,700,000","45,200,000","46,500,000","38,800,000","37,400,000","37,000,000","36,600,000","36,200,000","35,900,000","33,200,000","32,400,000","34,500,000","36,100,000","27,800,000",,,,,,,,,,,,,,
		GeneralAndAdministrativeExpense,"35,619,000,000","9,821,000,000","8,981,000,000","8,549,000,000","8,269,000,000","9,150,000,000","8,059,000,000","7,646,000,000","8,254,000,000","8,731,000,000","8,090,000,000","8,086,000,000","7,900,000,000","8,771,000,000","6,444,000,000","6,365,000,000","6,514,000,000","6,703,000,000","6,423,000,000","6,060,000,000","5,827,000,000","6,129,000,000","5,994,000,000","5,761,000,000","5,525,000,000","5,586,000,000","5,394,000,000","5,280,000,000","5,079,000,000","5,167,000,000","5,019,000,000","4,924,000,000","4,752,000,000","4,797,000,000","4,751,000,000","4,570,000,000","4,466,000,000","4,650,000,000",,"3,306,000,000","3,168,000,000","3,382,000,000","3,266,000,000","3,085,000,000","2,755,000,000",,,,,,,,,,,,,,,,,,,,,,,,,,,,,,,,,,,,,,,,,,,,,,,,,,,,,,,,,,,,,,,,,,,,,,,,,,,,,,,,,,,,,,,,,,,,,,,,,,,,,,
			OtherGandA,"35,619,000,000","9,821,000,000","8,981,000,000","8,549,000,000","8,269,000,000","9,150,000,000","8,059,000,000","7,646,000,000","8,254,000,000","8,731,000,000","8,090,000,000","8,086,000,000","7,900,000,000","8,771,000,000","6,444,000,000","6,365,000,000","6,514,000,000","6,703,000,000","6,423,000,000","6,060,000,000","5,827,000,000","6,129,000,000","5,994,000,000","5,761,000,000","5,525,000,000","5,586,000,000","5,394,000,000","5,280,000,000","5,079,000,000","5,167,000,000","5,019,000,000","4,924,000,000","4,752,000,000","4,797,000,000","4,751,000,000","4,570,000,000","4,466,000,000","4,650,000,000",,"3,306,000,000","3,168,000,000","3,382,000,000","3,266,000,000","3,085,000,000","2,755,000,000",,,,,,,,,,,,,,,,,,,,,,,,,,,,,,,,,,,,,,,,,,,,,,,,,,,,,,,,,,,,,,,,,,,,,,,,,,,,,,,,,,,,,,,,,,,,,,,,,,,,,,
		SellingAndMarketingExpense,"7,695,000,000","2,233,000,000","1,995,000,000","1,851,000,000","1,616,000,000","1,950,000,000","1,512,000,000","1,341,000,000","1,938,000,000","1,943,000,000","1,901,000,000","1,885,000,000","1,888,000,000","2,112,000,000","1,667,000,000","1,653,000,000","1,604,000,000","1,569,000,000","1,553,000,000","1,665,000,000","1,530,000,000","1,599,000,000","1,487,000,000","1,561,000,000","1,467,000,000","1,551,000,000","1,509,000,000","1,528,000,000","1,355,000,000","1,330,000,000","1,296,000,000","1,242,000,000","1,210,000,000","1,232,000,000","1,283,000,000","1,307,000,000","1,147,000,000","1,094,000,000","1,223,000,000","1,287,000,000","1,203,000,000","1,046,000,000","1,102,000,000","1,107,000,000","984,000,000",,,,,,,,,,,,,,,,,,,,,,,,,,,,,,,,,,,,,,,,,,,,,,,,,,,,,,,,,,,,,,,,,,,,,,,,,,,,,,,,,,,,,,,,,,,,,,,,,,,,,,
	DepreciationAmortizationDepletionIncomeStatement,"13,804,000,000","3,582,000,000","3,478,000,000","3,383,000,000","3,362,000,000","3,252,000,000","3,320,000,000","3,264,000,000","3,264,000,000","3,177,000,000","3,180,000,000","3,276,000,000","3,320,000,000","3,197,000,000","2,618,000,000","2,603,000,000","2,599,000,000","2,644,000,000","2,580,000,000","2,541,000,000","2,502,000,000","2,496,000,000","2,395,000,000","2,389,000,000","2,278,000,000","2,270,000,000","2,183,000,000","2,161,000,000","2,066,000,000","2,090,000,000","1,959,000,000","2,000,000,000","1,970,000,000","1,998,000,000","1,916,000,000","1,990,000,000","1,967,000,000","1,983,000,000","1,960,000,000","1,925,000,000","1,930,000,000","1,998,000,000","1,933,000,000","1,863,000,000","1,842,000,000","1,703,000,000","1,624,000,000","1,659,000,000","1,630,000,000","1,592,000,000","1,615,000,000","1,660,000,000","1,633,000,000","1,613,000,000","1,567,000,000","1,601,000,000","1,619,000,000","1,624,000,000","1,538,000,000","1,544,000,000","1,502,000,000","1,376,000,000","1,213,000,000","1,203,000,000","1,151,000,000","1,262,000,000","1,216,000,000","1,161,000,000","1,164,000,000","1,275,000,000","1,174,000,000","1,100,000,000","1,074,000,000","978,000,000","1,139,000,000","1,220,000,000","1,165,000,000","861,400,000","395,300,000","388,200,000","387,100,000","988,900,000","884,000,000","833,700,000","741,400,000","789,100,000","662,100,000","634,400,000","545,700,000",,,,,,,,,,,,,,,,,,"147,600,000",,,,"82,800,000","83,200,000","77,200,000",,,,,"81,500,000","54,700,000","52,100,000","43,700,000","41,200,000","40,600,000","40,200,000","42,400,000","41,700,000","39,000,000","39,700,000","40,700,000","37,900,000","33,600,000","31,300,000","31,200,000",,,,,,,,,,,,,,
		DepreciationAndAmortizationInIncomeStatement,"13,804,000,000","3,582,000,000","3,478,000,000","3,383,000,000","3,362,000,000","3,252,000,000","3,320,000,000","3,264,000,000","3,264,000,000","3,177,000,000","3,180,000,000","3,276,000,000","3,320,000,000","3,197,000,000","2,618,000,000","2,603,000,000","2,599,000,000","2,644,000,000","2,580,000,000","2,541,000,000","2,502,000,000","2,496,000,000","2,395,000,000","2,389,000,000","2,278,000,000","2,270,000,000","2,183,000,000","2,161,000,000","2,066,000,000","2,090,000,000","1,959,000,000","2,000,000,000","1,970,000,000","1,998,000,000","1,916,000,000","1,990,000,000","1,967,000,000","1,983,000,000","1,960,000,000","1,925,000,000","1,930,000,000","1,998,000,000","1,933,000,000","1,863,000,000","1,842,000,000","1,703,000,000","1,624,000,000","1,659,000,000","1,630,000,000","1,592,000,000","1,615,000,000","1,660,000,000","1,633,000,000","1,613,000,000","1,567,000,000","1,601,000,000","1,619,000,000","1,624,000,000","1,538,000,000","1,544,000,000","1,502,000,000","1,376,000,000","1,213,000,000","1,203,000,000","1,151,000,000","1,262,000,000","1,216,000,000","1,161,000,000","1,164,000,000","1,275,000,000","1,174,000,000","1,100,000,000","1,074,000,000","978,000,000","1,139,000,000","1,220,000,000","1,165,000,000","861,400,000","395,300,000","388,200,000","387,100,000","988,900,000","884,000,000","833,700,000","741,400,000","789,100,000","662,100,000","634,400,000","545,700,000",,,,,,,,,,,,,,,,,,"147,600,000",,,,"82,800,000","83,200,000","77,200,000",,,,,"81,500,000","54,700,000","52,100,000","43,700,000","41,200,000","40,600,000","40,200,000","42,400,000","41,700,000","39,000,000","39,700,000","40,700,000","37,900,000","33,600,000","31,300,000","31,200,000",,,,,,,,,,,,,,
			DepreciationIncomeStatement,"8,628,000,000","2,221,000,000","2,177,000,000","2,113,000,000","2,117,000,000","1,992,000,000","2,122,000,000","2,099,000,000","2,107,000,000","2,102,000,000","2,124,000,000","2,197,000,000","2,240,000,000","2,211,000,000","2,038,000,000","2,021,000,000","2,011,000,000","2,038,000,000","1,991,000,000","1,970,000,000","1,915,000,000","1,946,000,000","1,865,000,000","1,868,000,000","1,785,000,000","1,776,000,000","1,697,000,000","1,674,000,000","1,634,000,000","1,630,000,000","1,539,000,000","1,599,000,000","1,569,000,000","1,585,000,000","1,520,000,000","1,583,000,000","1,566,000,000","1,556,000,000","1,549,000,000","1,516,000,000","1,529,000,000","1,536,000,000","1,540,000,000","1,478,000,000","1,486,000,000","1,372,000,000","1,377,000,000","1,411,000,000","1,379,000,000","1,335,000,000","1,362,000,000","1,406,000,000","1,380,000,000","1,364,000,000","1,332,000,000","1,371,000,000","1,390,000,000","1,339,000,000","1,291,000,000","1,252,000,000","1,225,000,000","1,080,000,000","963,000,000","958,000,000","932,000,000","951,000,000","914,000,000","891,000,000","874,000,000","940,000,000","869,000,000","813,000,000","798,000,000","796,000,000","774,000,000","837,000,000","799,000,000","759,500,000","338,900,000","342,800,000","333,800,000",,"288,200,000","250,900,000","221,300,000",,,,,,,,,,,,,,,,,,,,,,,,,,,,,,,,,,,,,,,,,,,,,,,,,,,,,,,,,,,,,,
			Amortization,"5,176,000,000","1,361,000,000","1,301,000,000","1,270,000,000","1,245,000,000","1,260,000,000","1,198,000,000","1,165,000,000","1,157,000,000","1,075,000,000","1,056,000,000","1,079,000,000","1,080,000,000","986,000,000","580,000,000","582,000,000","588,000,000","606,000,000","589,000,000","571,000,000","587,000,000","550,000,000","530,000,000","521,000,000","493,000,000","494,000,000","486,000,000","487,000,000","432,000,000","460,000,000","420,000,000","401,000,000","401,000,000","413,000,000","396,000,000","407,000,000","401,000,000","427,000,000","411,000,000","409,000,000","401,000,000","462,000,000","393,000,000","385,000,000","356,000,000","331,000,000","247,000,000","248,000,000","251,000,000","257,000,000","253,000,000","254,000,000","253,000,000","249,000,000","235,000,000","230,000,000","229,000,000","285,000,000","247,000,000","292,000,000","277,000,000","296,000,000","250,000,000","245,000,000","219,000,000","311,000,000","302,000,000","270,000,000","290,000,000","335,000,000","305,000,000","287,000,000","276,000,000","182,000,000","365,000,000","383,000,000","366,000,000","101,900,000","56,400,000","45,400,000","53,300,000",,"595,800,000","582,800,000","520,100,000",,,,,,,,,,,,,,,,,,,,,,,,,,,,,,,,,,,,,,,,,,,,,,,,,,,,,,,,,,,,,,
				AmortizationOfIntangiblesIncomeStatement,"5,176,000,000","1,361,000,000","1,301,000,000","1,270,000,000","1,245,000,000","1,260,000,000","1,198,000,000","1,165,000,000","1,157,000,000","1,075,000,000","1,056,000,000","1,079,000,000","1,080,000,000","986,000,000","580,000,000","582,000,000","588,000,000","606,000,000","589,000,000","571,000,000","587,000,000","550,000,000","530,000,000","521,000,000","493,000,000","494,000,000","486,000,000","487,000,000","432,000,000","460,000,000","420,000,000","401,000,000","401,000,000","413,000,000","396,000,000","407,000,000","401,000,000","427,000,000","411,000,000","409,000,000","401,000,000","462,000,000","393,000,000","385,000,000","356,000,000","331,000,000","247,000,000","248,000,000","251,000,000","257,000,000","253,000,000","254,000,000","253,000,000","249,000,000","235,000,000","230,000,000","229,000,000","285,000,000","247,000,000","292,000,000","277,000,000","296,000,000","250,000,000","245,000,000","219,000,000","311,000,000","302,000,000","270,000,000","290,000,000","335,000,000","305,000,000","287,000,000","276,000,000","182,000,000","365,000,000","383,000,000","366,000,000","101,900,000","56,400,000","45,400,000","53,300,000",,"595,800,000","582,800,000","520,100,000",,,,,,,,,,,,,,,,,,,,,,,,,,,,,,,,,,,,,,,,,,,,,,,,,,,,,,,,,,,,,,
	OtherOperatingExpenses,"35,619,000,000","9,820,000,000","8,981,000,000","8,549,000,000","8,269,000,000","9,150,000,000","8,059,000,000","7,646,000,000","8,254,000,000","8,731,000,000","8,090,000,000","8,086,000,000","7,900,000,000","8,771,000,000","6,303,000,000","6,165,000,000","6,514,000,000","6,703,000,000","5,981,000,000","6,060,000,000","5,827,000,000","6,129,000,000","5,994,000,000","5,761,000,000","5,525,000,000","5,586,000,000","5,394,000,000","5,280,000,000","5,079,000,000","5,167,000,000","5,019,000,000","4,924,000,000","4,752,000,000","4,797,000,000","4,751,000,000","4,570,000,000","4,466,000,000","7,871,000,000","3,512,000,000",,,,,,,,,,,,,,,,,,,,,,,,,,,,,,,,,,,,,,,,,,,,,,,,,,,,,,,,,,,,,,,,,,,,,,,,,,,,,,,,,,,,,,,,,,,,,,,,,,,,,,,,,,,,
OperatingIncome,"20,817,000,000","4,821,000,000","5,449,000,000","5,507,000,000","5,039,000,000","3,918,000,000","4,076,000,000","4,647,000,000","4,852,000,000","5,247,000,000","5,340,000,000","5,356,000,000","5,182,000,000","4,514,000,000","4,836,000,000","5,014,000,000","4,645,000,000","4,107,000,000","4,792,000,000","4,558,000,000","4,530,000,000","4,264,000,000","4,440,000,000","4,066,000,000","4,089,000,000","4,002,000,000","4,001,000,000","4,105,000,000","3,890,000,000","3,787,000,000","3,745,000,000","3,804,000,000","3,568,000,000","3,647,000,000","3,414,000,000","3,435,000,000","3,067,000,000","3,294,000,000","3,048,000,000","3,079,000,000","2,758,000,000","2,918,000,000","2,641,000,000","2,938,000,000","2,224,000,000","2,013,000,000","1,954,000,000","2,078,000,000","1,935,000,000","1,817,000,000","1,711,000,000","1,875,000,000","1,811,000,000","1,757,000,000","1,670,000,000","1,750,000,000","1,555,000,000","1,458,000,000","1,391,000,000","1,468,000,000","1,261,000,000","1,218,000,000","1,224,000,000","1,229,000,000","1,050,000,000","893,000,000","883,000,000","1,048,000,000","866,000,000","711,000,000","686,000,000","852,000,000","659,000,000","742,000,000","493,000,000","611,000,000","473,000,000","329,000,000","430,500,000","478,400,000","421,100,000","-334,200,000","-178,200,000","-133,300,000","-100,500,000","-114,200,000","-56,400,000","-31,600,000","41,200,000","-3,713,600,000","1,525,100,000","1,478,600,000","1,374,000,000","1,108,900,000","1,354,900,000","1,321,700,000","1,359,800,000","1,393,100,000","1,204,200,000","1,184,500,000","1,130,800,000","-2,362,000,000","974,600,000","945,600,000","950,700,000","3,153,000,000","116,400,000","823,600,000","663,600,000","1,182,400,000","63,400,000","65,300,000","64,300,000","337,600,000","345,900,000","345,900,000","345,900,000","32,600,000","43,800,000","46,500,000","42,100,000","37,700,000","36,100,000","39,800,000","31,200,000","28,100,000","29,200,000","29,600,000","23,200,000","26,000,000","22,100,000","22,800,000","18,700,000","-262,100,000","116,100,000","113,200,000","98,200,000","-178,900,000","80,000,000","74,200,000","70,900,000","-68,100,000","33,400,000","32,500,000","30,900,000","-64,900,000","30,000,000"
NetNonOperatingInterestIncomeExpense,"-4,281,000,000","-1,120,000,000","-1,050,000,000","-1,093,000,000","-1,018,000,000","-1,044,000,000","-1,220,000,000","-1,112,000,000","-1,212,000,000","-1,113,000,000","-1,167,000,000","-1,137,000,000","-1,150,000,000","-1,129,000,000","-830,000,000","-806,000,000","-777,000,000","-807,000,000","-766,000,000","-758,000,000","-755,000,000","-756,000,000","-751,000,000","-732,000,000","-703,000,000","-674,000,000","-659,000,000","-713,000,000","-656,000,000","-664,000,000","-663,000,000","-648,000,000","-642,000,000","-646,000,000","-639,000,000","-636,000,000","-653,000,000","-623,000,000","-633,000,000","-617,000,000","-548,000,000","-642,000,000","-637,000,000","-560,000,000","-516,000,000","-754,000,000","-436,000,000","-520,000,000","-502,000,000","-520,000,000","-707,000,000","-551,000,000","-570,000,000",,,,,,,,,,,,,,,,,,,,,,,,,,,,,,,,,,,,,,,,,,,,,,,,,,,,,,,,,,,,,,,,,,,,,,,,,,,,,,,,,,,,,,,,,,,,,,
	InterestIncomeNonOperating,,,,,,,,,,,,,,,,,,,,,,,,,,,,,,,,,,,,,,,,"8,000,000","92,000,000",,,"61,000,000","89,000,000",,"109,000,000","23,000,000","22,000,000",,,,,,,,,,,,,,,,,,,,,,,,,,,,,,,,,,,,,,,,,,,,,,,,,,,,,,,,,,,,,,,,,,,,,,,,,,,,,,,,,,,,,,,,,,,,,,,,,,
	InterestExpenseNonOperating,"4,281,000,000","1,120,000,000","1,050,000,000","1,093,000,000","1,018,000,000","1,044,000,000","1,220,000,000","1,112,000,000","1,212,000,000","1,113,000,000","1,167,000,000","1,137,000,000","1,150,000,000","1,129,000,000","830,000,000","806,000,000","777,000,000","807,000,000","766,000,000","758,000,000","755,000,000","756,000,000","751,000,000","732,000,000","703,000,000","674,000,000","659,000,000","713,000,000","656,000,000","664,000,000","663,000,000","648,000,000","642,000,000","646,000,000","639,000,000","636,000,000","653,000,000","623,000,000","633,000,000","625,000,000","640,000,000","642,000,000","637,000,000","621,000,000","605,000,000","544,000,000","545,000,000","543,000,000","524,000,000","520,000,000","707,000,000","551,000,000","570,000,000",,,,,,,,,,,,,,,,,,,,,,,,,,,,,,,,,,,,,,,,,,,,,,,,,,,,,,,,,,,,,,,,,,,,,,,,,,,,,,,,,,,,,,,,,,,,,,
OtherIncomeExpense,"2,556,000,000","182,000,000","767,000,000","1,217,000,000","390,000,000","1,542,000,000","-86,000,000","420,000,000","-716,000,000","-73,000,000","-110,000,000","-55,000,000","676,000,000","-317,000,000","-111,000,000","77,000,000","126,000,000","122,000,000","70,000,000","99,000,000","130,000,000","228,000,000","35,000,000","24,000,000","149,000,000","-110,000,000","-78,000,000","96,000,000","168,000,000","-13,000,000","-42,000,000","103,000,000","130,000,000","-47,000,000","24,000,000","-7,000,000","156,000,000","-86,000,000","1,968,000,000","-18,000,000","-13,000,000","110,000,000","-199,000,000","3,000,000","-73,000,000","447,000,000","-64,000,000","-131,000,000","37,000,000","53,000,000","133,000,000","56,000,000","-2,000,000","-528,000,000","76,000,000","-76,000,000","293,000,000","97,000,000","110,000,000","77,000,000","610,000,000","132,000,000","833,000,000","40,000,000","66,000,000","-79,000,000","-105,000,000","14,000,000","-158,000,000","531,000,000","123,000,000","143,000,000","-19,000,000","307,000,000","-170,000,000","32,000,000","-232,000,000","126,100,000","-61,600,000","-503,100,000","-277,000,000","-928,000,000","301,800,000","486,900,000","1,411,800,000","1,646,500,000","2,258,800,000","290,600,000","-56,600,000",,,,,,,,,,,,,,,,,,"37,800,000",,,,"5,000,000","5,200,000","8,300,000",,,,,"-37,500,000","-7,100,000","-26,300,000","-6,100,000","56,300,000","-34,500,000","-26,800,000","-33,000,000","52,600,000","-36,800,000","-34,300,000","-34,000,000","-40,100,000","-2,400,000","-13,000,000","-30,100,000",,,,,,,,,,,,,,
	GainOnSaleOfSecurity,"339,000,000","-193,000,000","106,000,000","189,000,000","237,000,000","949,000,000","118,000,000","5,000,000","-58,000,000","74,000,000","174,000,000","194,000,000","214,000,000","-137,000,000","-38,000,000","-40,000,000","28,000,000","38,000,000","46,000,000","32,000,000","32,000,000","38,000,000","51,000,000","45,000,000","31,000,000","37,000,000","25,000,000","33,000,000","32,000,000","51,000,000","34,000,000","118,000,000","115,000,000","17,000,000","470,000,000","37,000,000","68,000,000","52,000,000","63,000,000",,,,,,,,,,"360,000,000",,"148,000,000","57,000,000","13,000,000",,,,,,,,,,,,,,,,,,,,,,,,,,,,,,,,,,,,,,,,,,,,,,,,,,,,,,,,,,,,,,,,,,,,,,,,,,,,,,,,,,,,,,,,,,,,,,
	EarningsFromEquityInterest,"2,006,000,000","310,000,000","602,000,000","959,000,000","136,000,000","521,000,000","-266,000,000","300,000,000","-668,000,000","-210,000,000","-355,000,000","-202,000,000","262,000,000","-308,000,000","-76,000,000","69,000,000","-49,000,000","95,000,000","-39,000,000","15,000,000","36,000,000","-40,000,000","-34,000,000","-19,000,000","-11,000,000","-123,000,000","1,000,000","-236,000,000","33,000,000","10,000,000","33,000,000","22,000,000","32,000,000","10,000,000","-130,000,000","23,000,000","11,000,000","16,000,000","911,000,000","29,000,000","3,000,000","5,000,000","-40,000,000","37,000,000","-37,000,000","-43,000,000","-40,000,000","-52,000,000","-32,000,000","-20,000,000","-17,000,000","-13,000,000","-14,000,000","7,000,000","2,000,000","-13,000,000","-35,000,000","-14,000,000","-12,000,000","-16,000,000","-21,000,000","-38,000,000","-65,000,000","-14,000,000","-10,000,000","-25,000,000","-18,000,000","-16,000,000","12,000,000","-22,000,000","-29,000,000","-20,000,000","-17,000,000","-27,000,000","-16,000,000","-1,000,000","-20,000,000","-43,100,000","-11,500,000","-43,000,000","-5,400,000",,"-19,500,000","-9,500,000","2,900,000",,,,,,,,,,,,,,,,,,,,,,,,,,,,,,,,,,,,,,,,,,,,,,,,,,,,,,,,,,,,,,
	SpecialIncomeCharges,,,,,,,,,,,,,,,,,,"-20,000,000","-3,000,000","-2,000,000","-4,000,000","-6,000,000","-7,000,000","-1,000,000","-20,000,000","-13,000,000","-15,000,000","-16,000,000","-15,000,000","-20,000,000","-6,000,000","-19,000,000","-5,000,000","-4,000,000","-12,000,000","-4,000,000","-9,000,000","-2,000,000","-1,000,000","-39,000,000",,"105,000,000","-159,000,000",,"53,000,000",,"85,000,000","-79,000,000","-291,000,000","291,000,000","2,000,000","69,000,000","-1,000,000","-624,000,000","74,000,000","-63,000,000","328,000,000","111,000,000","122,000,000","93,000,000","631,000,000","170,000,000","898,000,000","54,000,000","76,000,000","-54,000,000","-87,000,000","30,000,000","-170,000,000","553,000,000","152,000,000","163,000,000","-2,000,000","334,000,000","-154,000,000","33,000,000","-212,000,000","169,200,000","-50,100,000","-460,100,000","-271,600,000","-954,100,000","321,300,000","496,400,000","1,408,900,000","1,646,500,000","2,258,800,000","290,600,000","-56,600,000",,,,,,,,,,,,,,,,,,"37,800,000",,,,"5,000,000","5,200,000","8,300,000",,,,,"-37,500,000","-7,100,000","-26,300,000","-6,100,000","56,300,000","-34,500,000","-26,800,000","-33,000,000","52,600,000","-36,800,000","-34,300,000","-34,000,000","-40,100,000","-2,400,000","-13,000,000","-30,100,000",,,,,,,,,,,,,,
		ImpairmentOfCapitalAssets,,,,,,,,,,,,,,,,,,,,,,,,,,,,,,,,,,,,,,,,,,,,,,,,,"8,000,000",,,,,,,,,,,,,,,,,,,,,,,,,,,,,,,,,,,,,,,,,,,,,,,,,,,,,,,,,,,,,,,,,,,,,,,,,,,,,,,,,,,,,,,,,,,,,,,,,,
		WriteOff,,,,,,,,,,,,,,,,,,"20,000,000","3,000,000","2,000,000","4,000,000","6,000,000","7,000,000","1,000,000","20,000,000","13,000,000","15,000,000","16,000,000","15,000,000","20,000,000","6,000,000","19,000,000","5,000,000","4,000,000","12,000,000","4,000,000","9,000,000","2,000,000","1,000,000",,,,,,,,,,,,,,,,,,,,,,,,,,,,,,,,,,,,,,,,,,,,,,,,,,,,,,,,,,,,,,,,,,,,,,,,,,,,,,,,,,,,,,,,,,,,,,,,,,,,,,,,,,,,
		OtherSpecialCharges,,,,,,,,,,,,,,,,,,,,,,,,,,,,,,,,,,,,,,,,,,,,,,,,,"283,000,000",,,,,,,,,,,,,,,,,,,,,,,,,,,,,,,,,,,,,,,,,,,,,,,,,,,,,,,,,,,,,,,,,,,,,,,,,,,,,,,,,,,,,,,,,,,,,,,,,,
	OtherNonOperatingIncomeExpenses,"211,000,000","65,000,000","59,000,000","69,000,000","17,000,000","72,000,000","62,000,000","115,000,000","10,000,000","63,000,000","71,000,000","-47,000,000","200,000,000","128,000,000","3,000,000","48,000,000","147,000,000","9,000,000","66,000,000","54,000,000","66,000,000","236,000,000","25,000,000","-1,000,000","149,000,000","-11,000,000","-89,000,000","315,000,000","118,000,000","-54,000,000","-103,000,000","-18,000,000","-12,000,000","-70,000,000","-304,000,000","-63,000,000","86,000,000","-152,000,000","995,000,000","-47,000,000","-16,000,000",,,"-34,000,000","-36,000,000",,"-24,000,000",,,,,,,,,,,,,,,,,,,,,,,,,,,,,,,,,,,,,,,,,,,,,,,,,,,,,,,,,,,,,,,,,,,,,,,,,,,,,,,,,,,,,,,,,,,,,,,,,,,,
PretaxIncome,"19,093,000,000","3,885,000,000","5,166,000,000","5,630,000,000","4,411,000,000","4,416,000,000","2,770,000,000","3,955,000,000","2,924,000,000","4,061,000,000","4,063,000,000","4,164,000,000","4,708,000,000","3,068,000,000","3,895,000,000","4,285,000,000","3,994,000,000","3,422,000,000","4,096,000,000","3,899,000,000","3,905,000,000","3,736,000,000","3,724,000,000","3,358,000,000","3,535,000,000","3,218,000,000","3,264,000,000","3,488,000,000","3,402,000,000","3,110,000,000","3,040,000,000","3,259,000,000","3,056,000,000","2,954,000,000","2,799,000,000","2,792,000,000","2,570,000,000","2,585,000,000","4,383,000,000","2,444,000,000","2,197,000,000","2,386,000,000","1,805,000,000","2,381,000,000","1,635,000,000","1,706,000,000","1,454,000,000","1,474,000,000","1,470,000,000","1,350,000,000","1,137,000,000","1,380,000,000","1,239,000,000","581,000,000","1,157,000,000","1,074,000,000","1,246,000,000","996,000,000","965,000,000","1,029,000,000","1,359,000,000","652,000,000","1,582,000,000","818,000,000","476,000,000","464,000,000","355,000,000","771,000,000","290,000,000","785,000,000","374,000,000","511,000,000","140,000,000","695,000,000","-256,000,000","55,000,000","-284,000,000","114,600,000","194,700,000","-242,500,000","-42,600,000","-453,700,000","-93,300,000","140,500,000","1,102,300,000","1,319,300,000","2,001,400,000","383,900,000","-218,200,000",,,,,,,,,,,,,,,,,,"16,400,000",,,,"-18,300,000","-11,800,000","-16,500,000",,,,,"-87,800,000","-50,000,000","-34,300,000","-31,800,000","-35,500,000","-38,100,000","-27,900,000","-41,200,000","-45,000,000","-46,800,000","-42,100,000","-49,100,000","-53,900,000","-18,100,000","-28,000,000","-47,000,000",,,,,,,,,,,,,,
TaxProvision,"5,259,000,000","905,000,000","1,235,000,000","2,000,000,000","1,119,000,000","979,000,000","739,000,000","946,000,000","700,000,000","861,000,000","775,000,000","961,000,000","1,076,000,000","486,000,000","999,000,000","1,077,000,000","818,000,000","-11,613,000,000","1,413,000,000","1,364,000,000","1,258,000,000","1,319,000,000","1,400,000,000","1,278,000,000","1,311,000,000","1,162,000,000","1,223,000,000","1,313,000,000","1,261,000,000","1,114,000,000","407,000,000","1,234,000,000","1,118,000,000","986,000,000","1,021,000,000","1,048,000,000","925,000,000","778,000,000","1,405,000,000","811,000,000","750,000,000","801,000,000","639,000,000","1,014,000,000","596,000,000","673,000,000","584,000,000","588,000,000","591,000,000","390,000,000","203,000,000","424,000,000","461,000,000","169,000,000","401,000,000","455,000,000","508,000,000","400,000,000","421,000,000","453,000,000","526,000,000","221,000,000","610,000,000","362,000,000","164,000,000","319,000,000","143,000,000","331,000,000","140,000,000","360,000,000","156,000,000","234,000,000","76,000,000","215,000,000","-103,000,000","77,000,000","-68,000,000","81,700,000","82,500,000","-32,900,000","2,700,000","-132,700,000","13,500,000","103,800,000","485,600,000","535,700,000","752,300,000","185,100,000","-31,800,000",,,,,,,,,,,,,,,,,,"18,400,000",,,,"-1,000,000","1,000,000","-700,000",,,,,"800,000","2,300,000","6,000,000","4,900,000","4,400,000","2,200,000","5,200,000","1,100,000","500,000","-1,700,000","-300,000","-3,200,000","-3,300,000","8,400,000","2,600,000","-5,800,000",,,,,,,,,,,,,,
NetIncomeCommonStockholders,"14,159,000,000","3,057,000,000","4,035,000,000","3,738,000,000","3,329,000,000","3,380,000,000","2,019,000,000","2,988,000,000","2,147,000,000","3,162,000,000","3,217,000,000","3,125,000,000","3,553,000,000","2,511,000,000","2,886,000,000","3,216,000,000","3,118,000,000","14,985,000,000","2,650,000,000","2,513,000,000","2,566,000,000","2,296,000,000","2,237,000,000","2,028,000,000","2,134,000,000","1,971,000,000","1,996,000,000","2,137,000,000","2,059,000,000","1,925,000,000","2,592,000,000","1,992,000,000","1,871,000,000","1,913,000,000","1,732,000,000","1,734,000,000","1,437,000,000","1,518,000,000","2,113,000,000","1,348,000,000","1,224,000,000","1,287,000,000","908,000,000","1,022,000,000","943,000,000","1,018,000,000","867,000,000","884,000,000","866,000,000","955,000,000","944,000,000","967,000,000","772,000,000","412,000,000","771,000,000","632,000,000","732,000,000","602,000,000","560,000,000","588,000,000","837,000,000","390,000,000","1,217,000,000","460,000,000","466,000,000","133,000,000","222,000,000","430,000,000","143,000,000","423,000,000","220,000,000","262,000,000","65,000,000","383,000,000","3,176,000,000","-22,000,000","-297,000,000","-51,100,000","75,600,000","-209,600,000","-88,900,000","-321,000,000","-106,800,000","35,200,000","1,001,200,000","777,700,000","1,239,200,000","180,100,000","-199,000,000","-243,900,000","375,100,000","824,000,000","81,000,000","421,800,000","714,000,000","-84,800,000","-78,900,000","-81,400,000","-55,200,000","-37,400,000","-64,700,000","-25,800,000","-10,000,000","16,900,000","-34,600,000","-6,600,000","-7,400,000","-29,300,000","-600,000","-29,500,000","-17,300,000","-12,900,000","-27,400,000","-39,900,000","-15,700,000","-15,700,000","-15,700,000","-140,900,000","-52,300,000","-40,300,000","-36,700,000","-39,900,000","-40,300,000","-33,100,000","-42,300,000","-45,500,000","-48,500,000","-45,200,000","-49,300,000","-50,600,000","-29,500,000","-33,800,000","-43,200,000",,,,,,,,,,,,,,
	NetIncome,"14,159,000,000","3,057,000,000","4,035,000,000","3,738,000,000","3,329,000,000","3,380,000,000","2,019,000,000","2,988,000,000","2,147,000,000","3,162,000,000","3,217,000,000","3,125,000,000","3,553,000,000","2,511,000,000","2,886,000,000","3,216,000,000","3,118,000,000","14,985,000,000","2,650,000,000","2,513,000,000","2,566,000,000","2,296,000,000","2,237,000,000","2,028,000,000","2,134,000,000","1,971,000,000","1,996,000,000","2,137,000,000","2,059,000,000","1,925,000,000","2,592,000,000","1,992,000,000","1,871,000,000","1,913,000,000","1,732,000,000","1,734,000,000","1,437,000,000","1,518,000,000","2,113,000,000","1,348,000,000","1,224,000,000","1,287,000,000","908,000,000","1,022,000,000","943,000,000","1,018,000,000","867,000,000","884,000,000","866,000,000","955,000,000","944,000,000","967,000,000","772,000,000","412,000,000","771,000,000","632,000,000","732,000,000","602,000,000","560,000,000","588,000,000","837,000,000","390,000,000","1,217,000,000","460,000,000","466,000,000","133,000,000","222,000,000","430,000,000","143,000,000","423,000,000","220,000,000","262,000,000","65,000,000","383,000,000","3,176,000,000","-22,000,000","-297,000,000","-51,100,000","75,600,000","-209,600,000","-88,900,000","-321,000,000","-106,800,000","35,200,000","1,001,200,000","778,500,000","1,246,800,000","187,700,000","-191,500,000","-214,200,000","375,100,000","824,000,000","81,000,000","421,800,000","714,000,000","-84,800,000","-78,900,000","-81,400,000","-55,200,000","-37,400,000","-64,700,000","-25,800,000","-10,000,000","16,900,000","-34,600,000","-6,600,000","-7,400,000","-29,300,000","-600,000","-29,500,000","-17,300,000","-12,900,000","-27,400,000","-39,900,000","-15,700,000","-15,700,000","-15,700,000","-140,900,000","-52,300,000","-40,300,000","-36,700,000","-39,900,000","-40,300,000","-33,100,000","-42,300,000","-45,500,000","-45,100,000","-41,800,000","-45,900,000","-50,600,000","-26,500,000","-30,600,000","-41,200,000",,,,,,,,,,,,,,
		NetIncomeIncludingNoncontrollingInterests,"13,833,000,000","2,979,000,000","3,931,000,000","3,630,000,000","3,292,000,000","3,437,000,000","2,031,000,000","3,009,000,000","2,224,000,000","3,200,000,000","3,288,000,000","3,203,000,000","3,632,000,000","2,582,000,000","2,896,000,000","3,208,000,000","3,176,000,000","15,035,000,000","2,683,000,000","2,535,000,000","2,647,000,000","2,417,000,000","2,324,000,000","2,080,000,000","2,224,000,000","2,056,000,000","2,041,000,000","2,175,000,000","2,141,000,000","1,996,000,000","2,633,000,000","2,025,000,000","1,938,000,000","1,968,000,000","1,778,000,000","1,744,000,000","1,645,000,000","1,807,000,000","2,978,000,000","1,633,000,000","1,447,000,000","1,585,000,000","1,166,000,000","1,367,000,000","1,039,000,000","1,033,000,000","870,000,000","886,000,000","879,000,000","960,000,000","934,000,000","956,000,000","778,000,000","412,000,000","756,000,000","619,000,000","738,000,000","596,000,000","544,000,000","576,000,000","833,000,000","392,000,000","1,220,000,000","456,000,000","476,000,000","145,000,000","212,000,000","440,000,000","150,000,000","425,000,000","218,000,000","277,000,000","66,000,000","395,000,000","3,190,000,000","74,000,000","-216,000,000","34,900,000","112,200,000","-163,800,000","-45,300,000","-250,400,000","-80,600,000","72,100,000","1,027,900,000","807,100,000","1,272,600,000","214,400,000","-157,300,000","-218,800,000","375,100,000","824,000,000","81,000,000","421,800,000","714,000,000","-84,800,000","-78,900,000","-81,400,000","-55,200,000","-37,400,000","-64,700,000","-73,800,000","-10,000,000","16,900,000","-34,600,000","-6,600,000","-7,400,000","-29,300,000","-600,000","-55,400,000","-6,500,000","-4,000,000","-17,800,000","-39,900,000","-15,700,000","-15,700,000","-15,700,000","-140,400,000","-51,800,000","-40,100,000","-36,100,000","-38,900,000","-39,800,000","-32,500,000","-41,500,000","-44,800,000","-44,600,000","-41,100,000","-45,600,000","-51,300,000","-26,200,000","-30,600,000","-41,200,000","-28,700,000","-9,300,000","-7,800,000","-1,800,000","-800,000","-100,000","-3,500,000","-5,000,000","-7,300,000","-600,000","4,600,000","4,400,000","7,300,000","1,100,000"
			NetIncomeContinuousOperations,"13,834,000,000","2,980,000,000","3,931,000,000","3,630,000,000","3,292,000,000","3,437,000,000","2,031,000,000","3,009,000,000","2,224,000,000","3,200,000,000","3,288,000,000","3,203,000,000","3,632,000,000","2,582,000,000","2,896,000,000","3,208,000,000","3,176,000,000","15,035,000,000","2,683,000,000","2,535,000,000","2,647,000,000","2,417,000,000","2,324,000,000","2,080,000,000","2,224,000,000","2,056,000,000","2,041,000,000","2,175,000,000","2,141,000,000","1,996,000,000","2,633,000,000","2,025,000,000","1,938,000,000","1,968,000,000","1,778,000,000","1,744,000,000","1,645,000,000","1,807,000,000","2,978,000,000","1,633,000,000","1,447,000,000","1,585,000,000","1,166,000,000","1,367,000,000","1,039,000,000","1,033,000,000","870,000,000","886,000,000","879,000,000","960,000,000","934,000,000","956,000,000","778,000,000","412,000,000","771,000,000","632,000,000","732,000,000","602,000,000","560,000,000","588,000,000","837,000,000","429,000,000","969,000,000","460,000,000","466,000,000","133,000,000","222,000,000","430,000,000","143,000,000","423,000,000","220,000,000","262,000,000","65,000,000","383,000,000","-153,000,000","-22,000,000","-297,000,000","-53,100,000","75,600,000","-209,600,000","-88,900,000","-321,000,000","-106,800,000","36,700,000","616,700,000","783,600,000","1,249,100,000","198,800,000","-186,400,000","-207,600,000","60,600,000","826,300,000","101,800,000","454,400,000","717,000,000","-84,800,000","-78,900,000","-77,100,000","-52,100,000","-14,600,000","-64,700,000","-25,800,000","-10,000,000","17,900,000","-34,600,000","-5,900,000","-2,000,000","-29,300,000","-600,000","-29,500,000","-17,300,000","-12,800,000","-15,800,000","-22,200,000","-17,700,000","-17,700,000","-17,700,000","-88,600,000","-52,300,000","-40,300,000","-36,700,000","-39,900,000","-40,300,000","-33,100,000","-42,300,000","-45,500,000","-45,100,000","-41,800,000","-45,900,000","-50,600,000","-26,500,000","-30,600,000","-41,200,000","-28,700,000","-9,300,000","-7,800,000","-1,800,000","-800,000","-100,000","-3,500,000","-5,000,000","-7,300,000","-600,000","4,600,000","4,400,000","7,300,000","1,100,000"
			NetIncomeDiscontinuousOperations,,,,,,,,,,,,,,,,,,,,,,,,,,,,,,,,,,,,,,,,,,,,,,,,,,,,,,,,,,,,,,"-39,000,000","248,000,000",,,,,,,,,,,"0","3,329,000,000",,,,,,,,,,,,,,,"0","355,900,000",,"-20,100,000",,,,,,,,,,,,,,,,,,,,,,,,,,,,,,,,,,,,,,,,,,,,,,,,,,,,,,
			NetIncomeExtraordinary,,,,,,,,,,,,,,,,,,,,,,,,,,,,,,,,,,,,,,,,,,,,,,,,,,,,,,,,,,,,,,,,,,,,,,,,,,,,,,,,,,"0",,,,,,,,,,,,,,,,,,,,,,,,,,,,,,,,,,,,,,,,,,,,,,,,,,,,,,,,,,,,,,,,,
			NetIncomeFromTaxLossCarryforward,,,,,,,,,,,,,,,,,,,,,,,,,,,,,,,,,,,,,,,,,,,,,,,,,,,,,,,,,,,,,,,,,,,,,,,,,,,,,,,,,,"0",,"-1,500,000","384,500,000","-5,100,000","-2,300,000","-11,100,000","-5,100,000","-6,600,000","-41,400,000","-2,300,000","-700,000","-1,200,000","-3,000,000",,,"-4,300,000","-3,100,000","-22,800,000",,"0",,"-1,000,000",,"-700,000","-5,400,000",,,"0",,"-100,000","-11,600,000","-17,700,000","2,000,000","2,000,000","2,000,000",,,,,,,,,,,,,,,,,,,,,,,,,,,,,,
		MinorityInterests,"325,000,000","76,000,000","104,000,000","108,000,000","37,000,000","-57,000,000","-12,000,000","-21,000,000","-77,000,000","-38,000,000","-71,000,000","-78,000,000","-79,000,000","-71,000,000","-10,000,000","8,000,000","-58,000,000","-50,000,000","-33,000,000","-22,000,000","-81,000,000","-121,000,000","-87,000,000","-52,000,000","-90,000,000","-85,000,000","-45,000,000","-38,000,000","-82,000,000","-71,000,000","-41,000,000","-33,000,000","-67,000,000","-55,000,000","-46,000,000","-10,000,000","-208,000,000","-289,000,000","-865,000,000","-285,000,000","-223,000,000","-298,000,000","-258,000,000","-345,000,000","-96,000,000","-15,000,000","-3,000,000","-2,000,000","-13,000,000","-5,000,000","10,000,000","11,000,000","-6,000,000","0","15,000,000","13,000,000","-6,000,000","6,000,000","16,000,000","12,000,000","4,000,000","-2,000,000","-3,000,000","4,000,000","-10,000,000","-12,000,000","10,000,000","-10,000,000","-7,000,000","-2,000,000","2,000,000","-15,000,000","-1,000,000","-12,000,000","-14,000,000","-96,000,000","-81,000,000","-86,000,000","-36,600,000","-45,800,000","-43,600,000","-70,600,000","-26,200,000","-36,900,000","-26,700,000","-28,600,000","-25,800,000","-26,700,000","-34,200,000",,,,,,,,,,,,,,,,,,,,,,"-10,800,000","-8,900,000","-9,600,000",,,,,"-500,000","-500,000","-200,000","-600,000","-1,000,000","-500,000","-600,000","-800,000","-700,000","-500,000","-700,000","-300,000",,"-300,000",,,,,,,,,,,,,,,,
	PreferredStockDividends,,,,,,,,,,,,,,,,,,,,,,,,,,,,,,,,,,,,,,,,,,,,,,,,,,,,,,,,,,,,,,,,,,,,,,,,,,,,,,,,,,,,,,"800,000","7,600,000","7,600,000","7,500,000",,,,,,,,,,,,,,,,,,,,,,,,,,,,,,,,,,,,,"0","3,400,000","3,400,000","3,400,000","0","3,000,000","3,200,000","2,000,000",,,,,,,,,,,,,,
	OtherunderPreferredStockDividend,,,,,,,,,,,,,,,,,,,,,,,,,,,,,,,,,,,,,,,,,,,,,,,,,,,,"-11,000,000",,,,,,,,,,,,,,,,,,,,,,,,,,,,,,,,,,,,,,,,,,,,,,,,,,,,,,,,,,,,,,,,,,,,,,,,,,,,,,,,,,,,,,,,,,,,,,,
DilutedNIAvailtoComStockholders,"14,159,000,000","3,057,000,000","4,035,000,000","3,738,000,000","3,329,000,000","3,380,000,000","2,019,000,000","2,988,000,000","2,147,000,000","3,162,000,000","3,217,000,000","3,125,000,000","3,553,000,000","2,511,000,000","2,886,000,000","3,216,000,000","3,118,000,000","14,985,000,000","2,650,000,000","2,513,000,000","2,566,000,000","2,296,000,000","2,237,000,000","2,028,000,000","2,134,000,000","1,971,000,000","1,996,000,000","2,137,000,000","2,059,000,000","1,925,000,000","2,592,000,000","1,992,000,000","1,871,000,000","1,913,000,000","1,732,000,000","1,734,000,000","1,437,000,000","1,518,000,000","2,113,000,000","1,348,000,000","1,224,000,000","1,287,000,000","908,000,000","1,022,000,000","943,000,000","1,018,000,000","867,000,000","884,000,000","866,000,000","955,000,000","944,000,000","967,000,000","772,000,000","412,000,000","771,000,000","632,000,000","732,000,000","602,000,000","560,000,000","588,000,000","837,000,000","390,000,000","1,217,000,000","460,000,000","466,000,000","133,000,000","222,000,000","430,000,000","143,000,000","423,000,000","220,000,000","262,000,000","65,000,000","383,000,000","3,176,000,000","-22,000,000","-297,000,000","-51,100,000","75,600,000","-209,600,000","-88,900,000","-321,000,000","-106,800,000","35,200,000","1,001,200,000","777,700,000","1,239,200,000","180,100,000","-199,000,000","-243,900,000","375,100,000","824,000,000","81,000,000","421,800,000","714,000,000","-84,800,000","-78,900,000","-81,400,000","-55,200,000","-37,400,000","-64,700,000","-25,800,000","-10,000,000","16,900,000","-34,600,000","-6,600,000","-7,400,000","-29,300,000","-600,000","-29,500,000","-17,300,000","-12,900,000","-27,400,000","-39,900,000","-15,700,000","-15,700,000","-15,700,000","-140,900,000","-52,300,000","-40,300,000","-36,700,000","-39,900,000","-40,300,000","-33,100,000","-42,300,000","-45,500,000","-48,500,000","-45,200,000","-49,300,000","-50,600,000","-29,500,000","-33,800,000","-43,200,000",,,,,,,,,,,,,,
BasicEPS,,"0.674","0.88","0.81","0.73","0.738","0.44","0.65","0.47","0.694","0.71","0.688","0.783","0.555","0.63","0.7","0.675","3.226","0.56","0.53","0.54","0.484","0.468","0.42","0.44","0.404","0.405","0.425","0.444","0.412","0.5","0.42","0.36","0.403","0.33","0.33","0.275","0.319","0.395","0.281","0.225",,"0.165","0.185","0.194",,"0.178","0.181","0.155",,"0.165","0.168","0.135",,"0.13","0.105","0.12",,"0.09","0.095","0.135",,"0.193","0.073","0.073",,"0.033","0.063","0.02",,"0.033","0.04","0.01",,"0.47","-0.003","-0.043",,"0.027","-0.073","-0.03",,"-0.037","0.013","0.354",,"0.457","0.067","-0.08",,"0.163","0.367","0",,"0.317","-0.043","-0.04",,"-0.033","-0.023","-0.033",,"-0.007","0.013","-0.023",,"-0.007","-0.02",,,"-0.013","-0.01","-0.023",,"-0.013","-0.01","-0.614",,"-0.043","-0.033","-0.033",,"-0.04","-0.033","-0.043",,"-0.047","-0.043","-0.047",,"-0.027","-0.053","-0.07",,"-0.017","-0.013","-0.003",,,"-0.007","-0.01",,"-0.003","0.01","0.01",,"0.003"
DilutedEPS,,"0.66","0.86","0.8","0.71","0.73","0.44","0.65","0.46","0.68","0.7","0.68","0.77","0.55","0.62","0.69","0.66","3.17","0.55","0.52","0.53","0.475","0.46","0.415","0.435","0.395","0.4","0.42","0.405","0.37","0.495","0.38","0.355","0.36","0.325","0.325","0.27","0.28","0.39","0.25","0.225",,"0.165","0.185","0.17",,"0.155","0.155","0.155",,"0.165","0.165","0.135",,"0.13","0.105","0.12",,"0.09","0.095","0.13",,"0.193","0.073","0.073",,"0.033","0.063","0.02",,"0.033","0.04","0.01",,"0.47","-0.003","-0.043",,"0.027","-0.073","-0.03",,"-0.037","0.013","0.349",,"0.43","0.063","-0.08",,"0.15","0.337","0",,"0.29","-0.043","-0.04",,"-0.033","-0.023","-0.033",,"-0.007","0.013","-0.023",,"-0.007","-0.02",,,"-0.013","-0.01","-0.023",,"-0.013","-0.01","-0.614",,"-0.043","-0.033","-0.033",,"-0.04","-0.033","-0.043",,"-0.047","-0.043","-0.047",,"-0.027","-0.053","-0.07",,"-0.017","-0.013","-0.003",,,"-0.007","-0.01",,"-0.003","0.01","0.01",,"0.003"
BasicAverageShares,,"4,533,230,325","4,588,000,000","4,601,000,000","4,591,000,000","4,580,656,172","4,577,000,000","4,570,000,000","4,562,000,000","4,553,034,645","4,551,000,000","4,544,985,368","4,538,515,208","4,525,962,522","4,564,000,000","4,598,000,000","4,617,116,267","4,644,508,017","4,698,000,000","4,728,000,000","4,747,000,000","4,742,159,011","4,776,220,413","4,840,000,000","4,868,000,000","4,875,352,351","4,944,000,000","5,000,000,000","4,636,459,471","4,672,204,936","5,160,000,000","4,737,679,477","5,206,000,000","4,744,624,821","5,244,000,000","5,262,000,000","5,268,000,000","4,761,771,108","5,336,000,000","4,790,685,236","5,416,000,000",,"5,478,000,000","5,518,000,000","4,850,562,679",,"4,859,703,732","5,674,000,000","5,674,000,000",,"5,744,000,000","5,770,000,000","5,770,000,000",,"5,818,000,000","5,914,000,000","6,018,000,000",,"6,174,000,000","6,226,000,000","6,250,000,000",,"9,427,286,358","9,499,250,376","9,602,698,650",,"9,877,061,469","9,926,536,731","9,958,020,990",,"10,047,976,011","10,151,424,288","10,155,922,038",,"10,151,424,288","10,142,428,785","10,142,428,785",,"2,857,271,364","2,855,472,264","2,852,773,614",,"2,853,073,464","2,851,874,062","2,834,482,758",,"2,725,037,482","2,728,035,982","2,508,545,728",,"2,295,382,921","2,246,149,652","2,171,366,949",,"2,253,610,037","1,955,945,104","1,971,514,243",,"1,655,172,414","1,602,056,115","1,940,029,985",,"1,499,250,375","1,266,866,567","1,482,116,085",,"1,109,445,277","1,464,267,866",,,"1,296,851,574","1,289,355,322","1,173,698,865",,"1,176,911,544","1,569,215,392","25,585,034",,"1,206,319,917","1,208,395,802","1,100,449,775",,"1,006,996,502","992,503,748","975,666,013",,"1,038,766,331","1,042,555,645","1,055,900,621",,"1,105,697,151","633,433,283","616,834,440",,,,,,,,,,,,,,
DilutedAverageShares,,"4,613,000,000","4,665,000,000","4,673,000,000","4,665,000,000","4,645,000,000","4,628,000,000","4,607,000,000","4,617,000,000","4,623,000,000","4,619,000,000","4,607,000,000","4,594,000,000","4,596,000,000","4,619,000,000","4,643,000,000","4,705,000,000","4,729,000,000","4,777,000,000","4,809,000,000","4,832,000,000","4,820,000,000","4,862,000,000","4,892,000,000","4,924,000,000","4,962,000,000","5,004,000,000","5,062,000,000","5,112,000,000","5,180,000,000","5,232,000,000","5,256,000,000","5,290,000,000","5,304,000,000","5,316,000,000","5,332,000,000","5,350,000,000","5,374,000,000","5,406,000,000","5,434,000,000","5,488,000,000",,"5,522,000,000","5,578,000,000","5,610,000,000",,"5,620,000,000","5,674,000,000","5,674,000,000",,"5,754,000,000","5,782,000,000","5,780,000,000",,"5,840,000,000","5,940,000,000","6,034,000,000",,"6,236,000,000","6,294,000,000","6,322,000,000",,"9,485,757,120","9,548,725,638","9,634,182,909",,"9,935,532,234","9,989,505,246","9,994,002,999",,"10,088,455,773","10,196,401,800","10,200,899,550",,"10,151,424,288","10,142,428,785","10,142,428,785",,"2,876,161,920","2,855,472,264","2,852,773,614",,"2,853,073,464","2,895,352,324","2,893,553,224",,"2,725,037,482","2,922,638,680","2,508,545,728",,"2,499,416,958","2,446,301,602","2,171,366,949",,"2,460,838,546","1,955,945,104","1,971,514,243",,"1,655,172,414","1,602,056,115","1,940,029,985",,"1,499,250,375","1,266,866,567","1,482,116,085",,"1,109,445,277","1,464,267,866",,,"1,296,851,574","1,289,355,322","1,173,698,865",,"1,176,911,544","1,569,215,392","25,585,034",,"1,206,319,917","1,208,395,802","1,100,449,775",,"1,006,996,502","992,503,748","975,666,013",,"1,038,766,331","1,042,555,645","1,055,900,621",,"1,105,697,151","633,433,283","616,834,440",,,,,,,,,,,,,,
TotalOperatingIncomeAsReported,"20,817,000,000","4,821,000,000","5,450,000,000","5,507,000,000","5,039,000,000","3,918,000,000","4,076,000,000","4,647,000,000","4,852,000,000","5,247,000,000","5,340,000,000","5,356,000,000","5,182,000,000","4,514,000,000","4,836,000,000","5,014,000,000","4,645,000,000","4,107,000,000","4,792,000,000","4,558,000,000","4,530,000,000","4,264,000,000","4,440,000,000","4,066,000,000","4,089,000,000","4,002,000,000","4,001,000,000","4,105,000,000","3,890,000,000","3,787,000,000","3,745,000,000","3,804,000,000","3,568,000,000","3,647,000,000","3,414,000,000","3,435,000,000","3,067,000,000","3,294,000,000","3,048,000,000","3,079,000,000","2,758,000,000","2,918,000,000","2,641,000,000","2,938,000,000","2,224,000,000","2,013,000,000","1,954,000,000","2,078,000,000","1,935,000,000","1,817,000,000","1,711,000,000","1,875,000,000","1,811,000,000","1,757,000,000","1,670,000,000","1,750,000,000","1,555,000,000","1,458,000,000","1,391,000,000","1,468,000,000","1,261,000,000","1,218,000,000","1,224,000,000","1,229,000,000","1,050,000,000","893,000,000","883,000,000","1,048,000,000","866,000,000","711,000,000","686,000,000","852,000,000","659,000,000","742,000,000","493,000,000","611,000,000","473,000,000","329,000,000","430,500,000","478,400,000","421,100,000","-334,200,000","-178,200,000","-133,300,000","-100,500,000","-114,200,000","-56,400,000","-31,600,000","41,200,000",,,,,,,,,,,,,,,,,,"116,400,000",,,,"63,400,000","65,300,000","64,300,000",,,,,"32,600,000","43,800,000","46,500,000","42,100,000","37,700,000","36,100,000","39,800,000","31,200,000","28,100,000","29,200,000","29,600,000","23,200,000","26,000,000","22,100,000","22,800,000","18,700,000",,,,,,,,,,,,,,
TotalExpenses,"95,568,000,000","25,515,000,000","24,849,000,000","23,039,000,000","22,166,000,000","23,790,000,000","21,456,000,000","19,068,000,000","21,757,000,000","23,151,000,000","21,487,000,000","21,502,000,000","21,677,000,000","23,332,000,000","17,299,000,000","16,721,000,000","18,146,000,000","17,808,000,000","16,191,000,000","16,607,000,000","15,933,000,000","16,761,000,000","16,879,000,000","15,203,000,000","14,701,000,000","15,243,000,000","14,668,000,000","14,638,000,000","13,963,000,000","13,945,000,000","13,046,000,000","13,040,000,000","13,840,000,000","13,279,000,000","12,737,000,000","12,835,000,000","12,243,000,000","12,643,000,000","13,496,000,000","12,132,000,000","12,120,000,000","12,124,000,000","11,698,000,000","11,395,000,000","9,904,000,000","7,708,000,000","7,535,000,000","7,447,000,000","7,267,000,000","7,364,000,000","7,091,000,000","7,063,000,000","7,024,000,000","7,008,000,000","6,879,000,000","6,803,000,000","6,834,000,000","6,556,000,000","6,390,000,000","6,244,000,000","6,127,000,000","5,813,000,000","5,208,000,000","4,999,000,000","4,851,000,000","4,823,000,000","4,695,000,000","4,550,000,000","4,497,000,000","4,524,000,000","4,412,000,000","4,214,000,000","4,249,000,000","4,000,000,000","4,053,000,000","5,074,000,000","5,045,000,000","4,044,900,000","2,274,200,000","2,230,500,000","2,251,400,000","3,158,300,000","2,533,700,000","2,431,800,000","2,296,600,000","2,521,800,000","2,016,400,000","1,943,700,000","1,818,000,000",,,,,,,,,,,,,,,,,,"753,800,000",,,,"282,400,000","275,300,000","264,400,000",,,,,"228,600,000","177,400,000","174,800,000","154,400,000","146,200,000","142,800,000","143,700,000","143,500,000","144,100,000","136,600,000","134,100,000","132,100,000","131,500,000","119,000,000","112,200,000","110,000,000",,,,,,,,,,,,,,
NetIncomeFromContinuingAndDiscontinuedOperation,"14,159,000,000","3,057,000,000","4,035,000,000","3,738,000,000","3,329,000,000","3,380,000,000","2,019,000,000","2,988,000,000","2,147,000,000","3,162,000,000","3,217,000,000","3,125,000,000","3,553,000,000","2,511,000,000","2,886,000,000","3,216,000,000","3,118,000,000","14,985,000,000","2,650,000,000","2,513,000,000","2,566,000,000","2,296,000,000","2,237,000,000","2,028,000,000","2,134,000,000","1,971,000,000","1,996,000,000","2,137,000,000","2,059,000,000","1,925,000,000","2,592,000,000","1,992,000,000","1,871,000,000","1,913,000,000","1,732,000,000","1,734,000,000","1,437,000,000","1,518,000,000","2,113,000,000","1,348,000,000","1,224,000,000","1,287,000,000","908,000,000","1,022,000,000","943,000,000","1,018,000,000","867,000,000","884,000,000","866,000,000","955,000,000","944,000,000","967,000,000","772,000,000","412,000,000","771,000,000","632,000,000","732,000,000","602,000,000","560,000,000","588,000,000","837,000,000","390,000,000","1,217,000,000","460,000,000","466,000,000","133,000,000","222,000,000","430,000,000","143,000,000","423,000,000","220,000,000","262,000,000","65,000,000","383,000,000","3,176,000,000","-22,000,000","-297,000,000","-51,100,000","75,600,000","-209,600,000","-88,900,000","-321,000,000","-106,800,000","36,700,000","616,700,000","783,600,000","1,249,100,000","198,800,000","-186,400,000","-207,600,000","416,500,000","826,300,000","81,700,000","423,000,000","717,000,000","-84,800,000","-78,900,000","-77,100,000","-52,100,000","-14,600,000","-64,700,000","-25,800,000","-10,000,000","17,900,000","-34,600,000","-5,900,000","-2,000,000","-29,300,000","-600,000","-29,500,000","-17,300,000","-12,800,000","-15,800,000","-22,200,000","-17,700,000","-17,700,000","-17,700,000","-88,600,000","-52,300,000","-40,300,000","-36,700,000","-39,900,000","-40,300,000","-33,100,000","-42,300,000","-45,500,000","-45,100,000","-41,800,000","-45,900,000","-50,600,000","-26,500,000","-30,600,000","-41,200,000",,,,,,,,,,,,,,
NormalizedIncome,"13,913,225,000","3,205,041,184.041","3,954,340,689.121","3,616,140,319.716","3,152,123,101.338","2,641,387,454.71","1,932,480,866.426","2,984,195,954.488","2,191,114,911.081","3,103,689,239.104","3,076,189,761.26","2,975,772,814.601","3,387,909,090.909","2,626,297,913.95","2,914,253,658.537","3,245,946,324.387","3,095,734,601.903","14,974,200,000","2,621,833,740.234","2,493,494,998.718","2,547,020,230.474","2,275,297,644.54","2,209,541,353.383","2,000,745,681.954","2,127,079,490.806","1,955,666,252.331","1,989,746,936.275","2,126,399,369.266","2,048,301,293.357","1,905,104,180.064","2,567,748,684.211","1,930,485,731.82","1,801,242,146.597","1,904,339,201.083","1,441,066,095.034","1,713,386,819.484","1,399,235,408.56","1,483,048,355.899","2,070,874,515.172","1,348,000,000","1,224,000,000","1,217,249,371.333","1,010,711,357.341","1,022,000,000","943,000,000","1,018,000,000","867,000,000","931,485,753.053","824,600,000","903,088,888.889","820,781,002.639","919,200,000","764,464,891.041","791,380,378.657","722,647,363.872","672,950,000","518,800,000","535,400,000","480,700,000","527,550,000","450,228,108.904","316,622,699.387","417,257,901.391","427,600,000","416,184,873.95","165,400,000","274,200,000","412,000,000","245,000,000","91,200,000","128,800,000","164,200,000","66,200,000","152,323,741.007","-60,600,000","-41,800,000","-135,760,563.38","-154,620,000","105,660,000","188,078,185.567","74,060,000","354,040,996.253","-299,580,000","-261,140,000","-228,640,000","-204,300,000","-160,646,717.298","24,440,000","-138,048,762.603","-207,600,000","60,600,000","826,300,000","101,800,000","454,400,000","717,000,000","-84,800,000","-78,900,000","-77,100,000","-52,100,000","-14,600,000","-64,700,000","-25,800,000","-10,000,000","17,900,000","-34,600,000","-5,900,000","-24,680,000","-29,300,000","-600,000","-29,500,000","-22,026,775.956","-15,920,000","-23,747,878.788","-22,200,000","-17,700,000","-17,700,000","-17,700,000","-66,100,000","-48,040,000","-24,520,000","-33,040,000","-73,680,000","-19,600,000","-17,020,000","-22,500,000","-77,060,000","-9,636,752.137","-7,744,418.052","-14,115,885.947","-12,955,102.041","-25,060,000","-22,800,000","-14,814,468.085",,,,,,,,,,,,,,
InterestIncome,,,,,,,,,,,,,,,,,,,,,,,,,,,,,,,,,,,,,,,,"8,000,000","92,000,000",,,"61,000,000","89,000,000",,"109,000,000","23,000,000","22,000,000",,,,,,,,,,,,,,,,,,,,,,,,,,,,,,,,,,,,,,,,,,,,,,,,,,,,,,,,,,,,,,,,,,,,,,,,,,,,,,,,,,,,,,,,,,,,,,,,,,
InterestExpense,"4,281,000,000","1,120,000,000","1,050,000,000","1,093,000,000","1,018,000,000","1,044,000,000","1,220,000,000","1,112,000,000","1,212,000,000","1,113,000,000","1,167,000,000","1,137,000,000","1,150,000,000","1,129,000,000","830,000,000","806,000,000","777,000,000","807,000,000","766,000,000","758,000,000","755,000,000","756,000,000","751,000,000","732,000,000","703,000,000","674,000,000","659,000,000","713,000,000","656,000,000","664,000,000","663,000,000","648,000,000","642,000,000","646,000,000","639,000,000","636,000,000","653,000,000","623,000,000","633,000,000","625,000,000","640,000,000","642,000,000","637,000,000","621,000,000","605,000,000","544,000,000","545,000,000","543,000,000","524,000,000","520,000,000","707,000,000","551,000,000","570,000,000",,,,,,,,,,,,,,,,,,,,,,,,,,,,,,,,,,,,,,,,,,,,,,,,,,,,,,,,,,,,,,,,,,,,,,,,,,,,,,,,,,,,,,,,,,,,,,
NetInterestIncome,"-4,281,000,000","-1,120,000,000","-1,050,000,000","-1,093,000,000","-1,018,000,000","-1,044,000,000","-1,220,000,000","-1,112,000,000","-1,212,000,000","-1,113,000,000","-1,167,000,000","-1,137,000,000","-1,150,000,000","-1,129,000,000","-830,000,000","-806,000,000","-777,000,000","-807,000,000","-766,000,000","-758,000,000","-755,000,000","-756,000,000","-751,000,000","-732,000,000","-703,000,000","-674,000,000","-659,000,000","-713,000,000","-656,000,000","-664,000,000","-663,000,000","-648,000,000","-642,000,000","-646,000,000","-639,000,000","-636,000,000","-653,000,000","-623,000,000","-633,000,000","-617,000,000","-548,000,000","-642,000,000","-637,000,000","-560,000,000","-516,000,000","-754,000,000","-436,000,000","-520,000,000","-502,000,000","-520,000,000","-707,000,000","-551,000,000","-570,000,000",,,,,,,,,,,,,,,,,,,,,,,,,,,,,,,,,,,,,,,,,,,,,,,,,,,,,,,,,,,,,,,,,,,,,,,,,,,,,,,,,,,,,,,,,,,,,,
EBIT,"23,374,000,000","5,005,000,000","6,216,000,000","6,723,000,000","5,429,000,000","5,460,000,000","3,990,000,000","5,067,000,000","4,136,000,000","5,174,000,000","5,230,000,000","5,301,000,000","5,858,000,000","4,197,000,000","4,725,000,000","5,091,000,000","4,771,000,000","4,229,000,000","4,862,000,000","4,657,000,000","4,660,000,000","4,492,000,000","4,475,000,000","4,090,000,000","4,238,000,000","3,892,000,000","3,923,000,000","4,201,000,000","4,058,000,000","3,774,000,000","3,703,000,000","3,907,000,000","3,698,000,000","3,600,000,000","3,438,000,000","3,428,000,000","3,223,000,000","3,208,000,000","5,016,000,000","3,069,000,000","2,837,000,000","3,028,000,000","2,442,000,000","3,002,000,000","2,240,000,000","2,250,000,000","1,999,000,000","2,017,000,000","1,994,000,000","1,870,000,000","1,844,000,000","1,931,000,000","1,809,000,000","1,522,000,000","1,670,000,000","1,750,000,000","1,555,000,000","1,458,000,000","1,391,000,000","1,468,000,000","1,261,000,000","1,218,000,000","1,224,000,000","1,229,000,000","1,050,000,000","893,000,000","883,000,000","1,048,000,000","866,000,000","711,000,000","686,000,000","852,000,000","659,000,000","742,000,000","493,000,000","611,000,000","473,000,000","329,000,000","430,500,000","478,400,000","421,100,000","-334,200,000","-178,200,000","-133,300,000","-100,500,000","-114,200,000","-56,400,000","-31,600,000","41,200,000","-3,713,600,000","1,525,100,000","1,478,600,000","1,374,000,000","1,108,900,000","1,354,900,000","1,321,700,000","1,359,800,000","1,393,100,000","1,204,200,000","1,184,500,000","1,130,800,000","-2,362,000,000","974,600,000","945,600,000","950,700,000","3,153,000,000","116,400,000","823,600,000","663,600,000","1,182,400,000","63,400,000","65,300,000","64,300,000","337,600,000","345,900,000","345,900,000","345,900,000","32,600,000","43,800,000","46,500,000","42,100,000","37,700,000","36,100,000","39,800,000","31,200,000","28,100,000","29,200,000","29,600,000","23,200,000","26,000,000","22,100,000","22,800,000","18,700,000","-262,100,000","116,100,000","113,200,000","98,200,000","-178,900,000","80,000,000","74,200,000","70,900,000","-68,100,000","33,400,000","32,500,000","30,900,000","-64,900,000","30,000,000"
EBITDA,"37,178,000,000"
ReconciledCostOfRevenue,"38,450,000,000","9,880,000,000","10,396,000,000","9,256,000,000","8,919,000,000","9,438,000,000","8,565,000,000","6,817,000,000","8,301,000,000","9,300,000,000","8,316,000,000","8,255,000,000","8,569,000,000","9,252,000,000","6,852,000,000","6,500,000,000","7,429,000,000","6,892,000,000","6,519,000,000","6,341,000,000","6,074,000,000","6,537,000,000","7,003,000,000","5,492,000,000","5,431,000,000","5,836,000,000","5,582,000,000","5,669,000,000","5,463,000,000","5,358,000,000","4,772,000,000","7,750,000,000","3,032,000,000","3,001,000,000","2,869,000,000","2,860,000,000","2,691,000,000","1,695,000,000","6,801,000,000","5,614,000,000","5,819,000,000","5,698,000,000","5,397,000,000","5,340,000,000","4,323,000,000","3,899,000,000","3,792,000,000","3,827,000,000","3,732,000,000","3,796,000,000","3,490,000,000","3,545,000,000","3,565,000,000","4,179,000,000","3,095,000,000","3,091,000,000","3,107,000,000","2,903,000,000","2,759,000,000","2,754,000,000","2,759,000,000","2,312,000,000","2,420,000,000","2,310,000,000","2,196,000,000","2,061,000,000","2,007,000,000","1,944,000,000","1,957,000,000","1,962,000,000","1,837,000,000","1,794,000,000","1,869,000,000","1,774,000,000","1,767,000,000","2,575,000,000","2,603,000,000","2,209,500,000","1,365,100,000","1,352,200,000","1,377,200,000","1,742,600,000","1,252,900,000","1,227,400,000","1,196,900,000","1,358,600,000","1,045,700,000","1,017,200,000","996,300,000",,,,,,,,,,,,,,,,,,"443,500,000",,,,"103,200,000","100,500,000","100,900,000",,,,,"76,200,000","66,800,000","67,000,000","65,500,000","58,500,000","63,500,000","66,100,000","64,100,000","65,800,000","61,300,000","58,500,000","58,200,000","61,200,000","50,900,000","44,900,000","51,000,000",,,,,,,,,,,,,,
ReconciledDepreciation,"13,804,000,000","3,582,000,000","3,477,000,000","3,383,000,000","3,362,000,000","3,252,000,000","3,320,000,000","3,264,000,000","3,264,000,000","3,177,000,000","3,180,000,000","3,276,000,000","3,320,000,000","3,197,000,000","2,477,000,000","2,403,000,000","2,599,000,000","2,644,000,000","2,138,000,000","2,541,000,000","2,502,000,000","2,496,000,000","2,395,000,000","2,389,000,000","2,278,000,000","2,270,000,000","2,183,000,000","2,161,000,000","2,066,000,000","2,090,000,000","1,959,000,000","-876,000,000","4,846,000,000","4,249,000,000","3,834,000,000","4,098,000,000","3,939,000,000","4,142,000,000","9,255,000,000","1,925,000,000","1,930,000,000","1,998,000,000","1,933,000,000","1,863,000,000","1,842,000,000","1,703,000,000","1,624,000,000","1,659,000,000","1,630,000,000","1,592,000,000","1,615,000,000","1,660,000,000","1,633,000,000","1,613,000,000","1,567,000,000","1,601,000,000","1,619,000,000","1,624,000,000","1,538,000,000","1,544,000,000","1,502,000,000","1,515,000,000","1,093,000,000","1,203,000,000","1,151,000,000","1,262,000,000","1,216,000,000","1,161,000,000","1,164,000,000","1,275,000,000","1,174,000,000","1,100,000,000","1,074,000,000","978,000,000","1,075,000,000","1,220,000,000","1,165,000,000","861,400,000","395,300,000","388,200,000","387,100,000","988,900,000","884,000,000","833,700,000","741,400,000","789,100,000","662,100,000","634,400,000","545,700,000","357,100,000","312,800,000","307,600,000","238,500,000","142,200,000","271,000,000","259,100,000","267,300,000","232,700,000","241,300,000","250,000,000","212,400,000","207,300,000","166,700,000","167,400,000","156,900,000","154,400,000","147,700,000","143,500,000","243,500,000","93,200,000","82,800,000","83,300,000","77,200,000","80,800,000","84,500,000","88,500,000","87,700,000","81,500,000","54,700,000","52,100,000","43,700,000","41,200,000","40,500,000","40,200,000","42,400,000","41,700,000","39,100,000","39,700,000","40,700,000","37,900,000","33,600,000","31,200,000","31,200,000",,,,,,,,,,,,,,
NetIncomeFromContinuingOperationNetMinorityInterest,"14,159,000,000","3,057,000,000","4,035,000,000","3,738,000,000","3,329,000,000","3,380,000,000","2,019,000,000","2,988,000,000","2,147,000,000","3,162,000,000","3,217,000,000","3,125,000,000","3,553,000,000","2,511,000,000","2,886,000,000","3,216,000,000","3,118,000,000","14,985,000,000","2,650,000,000","2,513,000,000","2,566,000,000","2,296,000,000","2,237,000,000","2,028,000,000","2,134,000,000","1,971,000,000","1,996,000,000","2,137,000,000","2,059,000,000","1,925,000,000","2,592,000,000","1,992,000,000","1,871,000,000","1,913,000,000","1,732,000,000","1,734,000,000","1,437,000,000","1,518,000,000","2,113,000,000","1,348,000,000","1,224,000,000","1,287,000,000","908,000,000","1,022,000,000","943,000,000","1,018,000,000","867,000,000","884,000,000","866,000,000","955,000,000","944,000,000","967,000,000","772,000,000","412,000,000","771,000,000","632,000,000","732,000,000","602,000,000","560,000,000","588,000,000","837,000,000","429,000,000","969,000,000","460,000,000","466,000,000","133,000,000","222,000,000","430,000,000","143,000,000","423,000,000","220,000,000","262,000,000","65,000,000","383,000,000","-153,000,000","-22,000,000","-297,000,000","-53,100,000","75,600,000","-209,600,000","-88,900,000","-321,000,000","-106,800,000","36,700,000","616,700,000","783,600,000","1,249,100,000","198,800,000","-186,400,000","-207,600,000","60,600,000","826,300,000","101,800,000","454,400,000","717,000,000","-84,800,000","-78,900,000","-77,100,000","-52,100,000","-14,600,000","-64,700,000","-25,800,000","-10,000,000","17,900,000","-34,600,000","-5,900,000","-2,000,000","-29,300,000","-600,000","-29,500,000","-17,300,000","-12,800,000","-15,800,000","-22,200,000","-17,700,000","-17,700,000","-17,700,000","-88,600,000","-52,300,000","-40,300,000","-36,700,000","-39,900,000","-40,300,000","-33,100,000","-42,300,000","-45,500,000","-45,100,000","-41,800,000","-45,900,000","-50,600,000","-26,500,000","-30,600,000","-41,200,000",,,,,,,,,,,,,,
TotalUnusualItemsExcludingGoodwill,"339,000,000","-193,000,000","106,000,000","189,000,000","237,000,000","949,000,000","118,000,000","5,000,000","-58,000,000","74,000,000","174,000,000","194,000,000","214,000,000","-137,000,000","-38,000,000","-40,000,000","28,000,000","18,000,000","43,000,000","30,000,000","28,000,000","32,000,000","44,000,000","44,000,000","11,000,000","24,000,000","10,000,000","17,000,000","17,000,000","31,000,000","28,000,000","99,000,000","110,000,000","13,000,000","458,000,000","33,000,000","59,000,000","50,000,000","62,000,000","-39,000,000",,"105,000,000","-159,000,000",,"53,000,000",,"85,000,000","-79,000,000","69,000,000","73,000,000","150,000,000","69,000,000","12,000,000","-535,000,000","74,000,000","-63,000,000","328,000,000","111,000,000","122,000,000","93,000,000","631,000,000","170,000,000","898,000,000","54,000,000","76,000,000","-54,000,000","-87,000,000","30,000,000","-170,000,000","553,000,000","152,000,000","163,000,000","-2,000,000","334,000,000","-154,000,000","33,000,000","-212,000,000","169,200,000","-50,100,000","-460,100,000","-271,600,000","-954,100,000","321,300,000","496,400,000","1,408,900,000","1,646,500,000","2,258,800,000","290,600,000","-56,600,000",,,,,,,,,,,,,,,,,,"37,800,000",,,,"5,000,000","5,200,000","8,300,000",,,,,"-37,500,000","-7,100,000","-26,300,000","-6,100,000","56,300,000","-34,500,000","-26,800,000","-33,000,000","52,600,000","-36,800,000","-34,300,000","-34,000,000","-40,100,000","-2,400,000","-13,000,000","-30,100,000",,,,,,,,,,,,,,
TotalUnusualItems,"339,000,000","-193,000,000","106,000,000","189,000,000","237,000,000","949,000,000","118,000,000","5,000,000","-58,000,000","74,000,000","174,000,000","194,000,000","214,000,000","-137,000,000","-38,000,000","-40,000,000","28,000,000","18,000,000","43,000,000","30,000,000","28,000,000","32,000,000","44,000,000","44,000,000","11,000,000","24,000,000","10,000,000","17,000,000","17,000,000","31,000,000","28,000,000","99,000,000","110,000,000","13,000,000","458,000,000","33,000,000","59,000,000","50,000,000","62,000,000","-39,000,000",,"105,000,000","-159,000,000",,"53,000,000",,"85,000,000","-79,000,000","69,000,000","73,000,000","150,000,000","69,000,000","12,000,000","-535,000,000","74,000,000","-63,000,000","328,000,000","111,000,000","122,000,000","93,000,000","631,000,000","170,000,000","898,000,000","54,000,000","76,000,000","-54,000,000","-87,000,000","30,000,000","-170,000,000","553,000,000","152,000,000","163,000,000","-2,000,000","334,000,000","-154,000,000","33,000,000","-212,000,000","169,200,000","-50,100,000","-460,100,000","-271,600,000","-954,100,000","321,300,000","496,400,000","1,408,900,000","1,646,500,000","2,258,800,000","290,600,000","-56,600,000",,,,,,,,,,,,,,,,,,"37,800,000",,,,"5,000,000","5,200,000","8,300,000",,,,,"-37,500,000","-7,100,000","-26,300,000","-6,100,000","56,300,000","-34,500,000","-26,800,000","-33,000,000","52,600,000","-36,800,000","-34,300,000","-34,000,000","-40,100,000","-2,400,000","-13,000,000","-30,100,000",,,,,,,,,,,,,,
NormalizedEBITDA,"36,839,000,000","8,780,000,000","9,588,000,000","9,917,000,000","8,554,000,000","7,763,000,000","7,192,000,000","8,326,000,000","7,458,000,000","8,277,000,000","8,236,000,000","8,383,000,000","8,964,000,000","7,531,000,000","7,381,000,000","7,734,000,000","7,342,000,000","6,855,000,000","7,399,000,000","7,168,000,000","7,134,000,000","6,956,000,000","6,826,000,000","6,435,000,000","6,505,000,000","6,138,000,000","6,096,000,000","6,345,000,000","6,107,000,000","5,833,000,000","5,634,000,000","5,808,000,000","8,434,000,000","7,836,000,000","6,814,000,000","7,493,000,000","7,103,000,000","7,300,000,000","14,209,000,000","4,994,000,000","4,767,000,000","4,921,000,000","4,534,000,000","4,865,000,000","4,082,000,000","3,953,000,000","3,623,000,000","3,755,000,000","3,555,000,000","3,389,000,000","3,309,000,000","3,522,000,000","3,430,000,000","3,670,000,000","3,163,000,000","3,414,000,000","2,846,000,000","2,971,000,000","2,807,000,000","2,919,000,000","2,132,000,000","2,563,000,000","1,539,000,000","2,378,000,000","2,125,000,000","2,209,000,000","2,186,000,000","2,179,000,000","2,200,000,000","1,433,000,000","1,708,000,000","1,789,000,000","1,735,000,000","1,386,000,000","1,786,000,000","1,798,000,000","1,850,000,000","1,021,200,000","875,900,000","1,326,700,000","1,079,800,000","1,608,800,000","384,500,000","204,000,000","-768,000,000","-971,600,000","-1,653,100,000","312,200,000","643,500,000","-3,356,500,000","1,837,900,000","1,786,200,000","1,612,500,000","1,251,100,000","1,625,900,000","1,580,800,000","1,627,100,000","1,625,800,000","1,445,500,000","1,434,500,000","1,343,200,000","-2,154,700,000","1,141,300,000","1,113,000,000","1,107,600,000","3,307,400,000","226,300,000","967,100,000","907,100,000","1,275,600,000","141,200,000","143,400,000","133,200,000","418,400,000","430,400,000","434,400,000","433,600,000","151,600,000","105,600,000","124,900,000","91,900,000","22,600,000","111,200,000","106,800,000","106,600,000","17,200,000","105,100,000","103,600,000","97,900,000","104,000,000","58,100,000","67,100,000","80,000,000","-262,100,000","116,100,000","113,200,000","98,200,000","-178,900,000","80,000,000","74,200,000","70,900,000","-68,100,000","33,400,000","32,500,000","30,900,000","-64,900,000","30,000,000"
TaxRateForCalcs,"0.275","0.233","0.239","0.355","0.254","0.222","0.267","0.239","0.239","0.212","0.191","0.231","0.229","0.158","0.256","0.251","0.205","0.4","0.345","0.35","0.322","0.353","0.376","0.381","0.371","0.361","0.375","0.376","0.371","0.358","0.134","0.379","0.366","0.334","0.365","0.375","0.36","0.301","0.321","0.332","0.341","0.336","0.354","0.35","0.365","0.394","0.4","0.399","0.4","0.289","0.179","0.307","0.372","0.291","0.347","0.35","0.35","0.4","0.35","0.35","0.387","0.339","0.386","0.4","0.345","0.4","0.4","0.4","0.4","0.4","0.4","0.4","0.4","0.309","0.4","0.4","0.239","0.4","0.4","0.136","0.4","0.292","0.4","0.4","0.4","0.4","0.376","0.4","0.146","0.4","0.4","0.4","0.4","0.4","0.4","0.4","0.4","0.4","0.4","0.4","0.4","0.4","0.4","0.4","0.4","0.4","0.4","0.4","0.4","0.4","0.055","0.4","0.042","0.4","0.4","0.4","0.4","0.4","0.4","0.4","0.4","0.4","0.4","0.4","0.4","0.4","0.036","0.007","0.065","0.061","0.4","0.4","0.123",,,,,,,,,,,,,,
TaxEffectOfUnusualItems,"93,225,000","-44,958,815.959","25,340,689.121","67,140,319.716","60,123,101.338","210,387,454.71","31,480,866.426","1,195,954.488","-13,885,088.919","15,689,239.104","33,189,761.26","44,772,814.601","48,909,090.909","-21,702,086.05","-9,746,341.463","-10,053,675.613","5,734,601.903","7,200,000","14,833,740.234","10,494,998.718","9,020,230.474","11,297,644.54","16,541,353.383","16,745,681.954","4,079,490.806","8,666,252.331","3,746,936.275","6,399,369.266","6,301,293.357","11,104,180.064","3,748,684.211","37,485,731.82","40,242,146.597","4,339,201.083","167,066,095.034","12,386,819.484","21,235,408.56","15,048,355.899","19,874,515.172","0","0","35,249,371.333","-56,288,642.659","0","0","0","0","-31,514,246.947","27,600,000","21,088,888.889","26,781,002.639","21,200,000","4,464,891.041","-155,619,621.343","25,647,363.872","-22,050,000","114,800,000","44,400,000","42,700,000","32,550,000","244,228,108.904","57,622,699.387","346,257,901.391","21,600,000","26,184,873.95","-21,600,000","-34,800,000","12,000,000","-68,000,000","221,200,000","60,800,000","65,200,000","-800,000","103,323,741.007","-61,600,000","13,200,000","-50,760,563.38","67,680,000","-20,040,000","-62,421,814.433","-108,640,000","-279,059,003.747","128,520,000","198,560,000","563,560,000","658,600,000","849,053,282.702","116,240,000","-8,248,762.603","0","0","0","0","0","0","0","0","0","0","0","0","0","0","0","0","0","15,120,000","0","0","0","273,224.044","2,080,000","352,121.212","0","0","0","0","-15,000,000","-2,840,000","-10,520,000","-2,440,000","22,520,000","-13,800,000","-10,720,000","-13,200,000","21,040,000","-1,336,752.137","-244,418.052","-2,215,885.947","-2,455,102.041","-960,000","-5,200,000","-3,714,468.085",,,,,,,,,,,,,,