name,ttm,12/31/2021,09/30/2021,06/30/2021,03/31/2021,12/31/2020,09/30/2020,06/30/2020,03/31/2020,12/31/2019,09/30/2019,06/30/2019,03/31/2019,12/31/2018,09/30/2018,06/30/2018,03/31/2018,12/31/2017,09/30/2017,06/30/2017,03/31/2017,12/31/2016,09/30/2016,06/30/2016,03/31/2016,12/31/2015,09/30/2015,06/30/2015,03/31/2015,12/31/2014,09/30/2014,06/30/2014,03/31/2014,12/31/2013,09/30/2013,06/30/2013,03/31/2013,12/31/2012,09/30/2012,06/30/2012,03/31/2012,12/31/2011,09/30/2011,06/30/2011,03/31/2011,12/31/2010,09/30/2010,06/30/2010,03/31/2010,12/31/2009,09/30/2009,06/30/2009,03/31/2009,12/31/2008,09/30/2008,06/30/2008,03/31/2008,12/31/2007,09/30/2007,06/30/2007,03/31/2007,12/31/2006,09/30/2006,06/30/2006,03/31/2006,12/31/2005,09/30/2005,06/30/2005,03/31/2005,12/31/2004,09/30/2004,06/30/2004,03/31/2004,12/31/2003,09/30/2003,06/30/2003,03/31/2003,12/31/2002,09/30/2002,06/30/2002,03/31/2002,12/31/2001,09/30/2001,06/30/2001,03/31/2001,12/31/2000,09/30/2000,06/30/2000,03/31/2000,12/31/1999,09/30/1999,06/30/1999,03/31/1999,12/31/1998,09/30/1998,06/30/1998,03/31/1998,12/31/1997,09/30/1997,06/30/1997,03/31/1997,12/31/1996,09/30/1996,06/30/1996,03/31/1996,12/31/1995,09/30/1995,06/30/1995,03/31/1995,12/31/1994,09/30/1994,06/30/1994,03/31/1994,12/31/1993,09/30/1993,06/30/1993,03/31/1993,12/31/1992,09/30/1992,06/30/1992,03/31/1992,12/31/1991,09/30/1991,06/30/1991,03/31/1991,12/31/1990,09/30/1990,06/30/1990,03/31/1990,12/31/1989,09/30/1989,06/30/1989,03/31/1989,12/31/1988,09/30/1988,06/30/1988,03/31/1988,12/31/1987,09/30/1987,06/30/1987,03/31/1987,12/31/1986,09/30/1986,06/30/1986,03/31/1986,12/31/1985,09/30/1985
TotalRevenue,"7,329,000,000","2,033,000,000","1,725,000,000","1,558,000,000","2,083,000,000","1,798,000,000","1,575,000,000","1,443,000,000","1,864,000,000","1,795,000,000","1,546,000,000","1,445,000,000","2,059,000,000","1,829,000,000","1,599,000,000","1,492,000,000","1,953,000,000","1,778,000,000","1,527,000,000","1,449,000,000","1,829,000,000","1,640,000,000","1,587,000,000","1,371,000,000","1,801,000,000","1,509,000,000","1,486,000,000","1,350,000,000","2,111,000,000","1,758,000,000","1,430,000,000","1,468,000,000","2,523,000,000","1,736,000,000","1,445,000,000","1,406,000,000","1,979,000,000","1,670,000,000","1,507,000,000","1,333,000,000","1,743,000,000","1,620,000,000","1,464,000,000","1,364,000,000","2,055,000,000","1,682,000,000","1,443,000,000","1,340,000,000","1,967,000,000","1,597,000,000","1,274,000,000","1,228,000,000","2,106,000,000","1,844,000,000","1,428,000,000","1,365,000,000","2,184,000,000","1,674,000,000","1,282,000,000","1,319,000,000","2,237,000,000","1,920,000,000","1,462,000,000","1,396,000,000","2,032,000,000","1,867,000,000","1,335,000,000","1,241,000,000","1,845,000,000","1,562,000,000","1,063,000,000","1,093,000,000","1,754,000,000","1,454,000,000","1,016,000,000","1,154,000,000","1,992,000,000","4,402,000,000","1,333,000,000","2,368,000,000","2,525,000,000","-1,875,000,000","2,996,000,000","4,421,000,000","4,126,000,000","3,177,000,000","2,395,000,000","1,599,000,000","1,827,000,000","1,724,000,000","1,488,000,000","1,353,000,000","1,538,000,000","1,349,000,000","1,286,000,000","1,132,000,000","1,374,000,000","1,393,000,000","1,045,000,000","1,036,000,000","1,313,000,000","1,183,000,000","929,000,000","936,000,000","1,275,000,000","1,069,000,000","869,000,000","837,000,000","1,119,000,000","914,000,000","767,000,000","796,000,000","1,142,000,000","936,000,000","758,000,000","742,000,000","1,009,000,000","843,000,000","599,000,000","664,000,000","967,000,000","716,000,000","614,000,000","635,000,000","977,000,000","850,300,000","614,900,000","641,700,000","857,100,000","860,600,000","569,100,000","608,900,000","922,600,000","860,500,000","589,500,000","575,600,000","917,100,000","801,900,000","574,200,000","552,400,000","872,000,000","872,300,000","596,100,000","612,200,000","1,027,900,000","931,700,000","632,500,000"
	OperatingRevenue,"7,329,000,000","2,033,000,000","1,725,000,000","1,558,000,000","2,083,000,000","1,798,000,000","1,575,000,000","1,443,000,000","1,864,000,000","1,795,000,000","1,546,000,000","1,445,000,000","2,059,000,000","1,829,000,000","1,599,000,000","1,492,000,000","1,953,000,000","1,778,000,000","1,527,000,000","1,449,000,000","1,829,000,000","1,640,000,000","1,587,000,000","1,371,000,000","1,801,000,000","1,509,000,000","1,486,000,000","1,350,000,000","2,111,000,000","1,758,000,000","1,430,000,000","1,468,000,000","2,523,000,000","1,736,000,000","1,445,000,000","1,406,000,000","1,979,000,000","1,670,000,000","1,507,000,000","1,333,000,000","1,743,000,000","1,620,000,000","1,464,000,000","1,364,000,000","2,055,000,000","1,682,000,000","1,443,000,000","1,340,000,000","1,967,000,000","1,597,000,000","1,274,000,000","1,228,000,000","2,106,000,000","1,844,000,000","1,428,000,000","1,365,000,000","2,184,000,000","1,674,000,000","1,282,000,000","1,319,000,000","2,237,000,000","1,920,000,000","1,462,000,000","1,396,000,000","2,032,000,000","1,867,000,000","1,335,000,000","1,241,000,000","1,845,000,000","1,562,000,000","1,063,000,000","1,093,000,000","1,754,000,000","1,454,000,000","1,016,000,000","1,154,000,000","1,992,000,000","4,402,000,000","1,333,000,000","2,368,000,000","2,525,000,000","-1,875,000,000","2,996,000,000","4,421,000,000","4,126,000,000","3,177,000,000","2,395,000,000","1,599,000,000","1,827,000,000","1,724,000,000","1,488,000,000","1,353,000,000","1,538,000,000","1,349,000,000","1,286,000,000","1,132,000,000","1,374,000,000","1,393,000,000","1,045,000,000","1,036,000,000","1,313,000,000","1,183,000,000","929,000,000","936,000,000","1,275,000,000","1,069,000,000","869,000,000","837,000,000","1,119,000,000","914,000,000","767,000,000","796,000,000","1,142,000,000","936,000,000","758,000,000","742,000,000","1,009,000,000","843,000,000","599,000,000","664,000,000","967,000,000","716,000,000","614,000,000","635,000,000","977,000,000","850,300,000","614,900,000","641,700,000","857,100,000","860,600,000","569,100,000","608,900,000","922,600,000","860,500,000","589,500,000","575,600,000","917,100,000","801,900,000","574,200,000","552,400,000","872,000,000","872,300,000","596,100,000","612,200,000","1,027,900,000","931,700,000","632,500,000"
CostOfRevenue,"4,680,000,000","1,448,000,000","1,134,000,000","975,000,000","1,135,000,000","1,070,000,000","903,000,000","872,000,000","1,066,000,000","1,135,000,000","910,000,000","940,000,000","1,296,000,000","1,254,000,000","1,032,000,000","965,000,000","1,224,000,000","1,095,000,000","942,000,000","945,000,000","1,098,000,000","1,064,000,000","956,000,000","850,000,000","1,140,000,000","1,016,000,000","937,000,000","917,000,000","1,411,000,000","1,239,000,000","984,000,000","1,026,000,000","1,841,000,000","1,246,000,000","930,000,000","987,000,000","1,399,000,000","2,113,000,000","679,000,000","613,000,000","1,019,000,000","881,000,000","694,000,000","696,000,000","1,241,000,000","968,000,000","671,000,000","664,000,000","1,215,000,000","994,000,000","581,000,000","608,000,000","1,387,000,000","2,716,000,000","579,000,000","432,000,000","485,000,000","2,697,000,000","520,000,000","472,000,000","430,000,000","2,573,000,000","563,000,000","481,000,000","531,000,000","57,000,000","446,000,000","330,000,000","63,000,000","-857,000,000","457,000,000","264,000,000","249,000,000","-1,040,000,000","515,000,000","314,000,000","475,000,000","2,536,000,000","402,000,000","897,000,000","710,000,000","-6,016,000,000","2,219,000,000","1,891,000,000","1,779,000,000","-1,230,000,000","1,859,000,000","1,109,000,000","392,000,000","1,167,000,000","963,000,000","874,000,000","1,038,000,000","936,000,000","854,000,000","747,000,000","948,000,000","978,000,000","663,000,000","672,000,000","867,000,000","812,000,000","577,000,000","598,000,000","838,000,000","731,000,000","531,000,000","534,000,000","697,000,000","611,000,000","470,000,000","519,000,000","615,000,000",,,,,,,,,,,,,,,,,,,,,,,,,,,,,,,,,,
GrossProfit,"2,649,000,000","585,000,000","591,000,000","583,000,000","948,000,000","728,000,000","672,000,000","571,000,000","798,000,000","660,000,000","636,000,000","505,000,000","763,000,000","575,000,000","567,000,000","527,000,000","729,000,000","683,000,000","585,000,000","504,000,000","731,000,000","576,000,000","631,000,000","521,000,000","661,000,000","493,000,000","549,000,000","433,000,000","700,000,000","519,000,000","446,000,000","442,000,000","682,000,000","490,000,000","515,000,000","419,000,000","580,000,000","-443,000,000","828,000,000","720,000,000","724,000,000","739,000,000","770,000,000","668,000,000","814,000,000","714,000,000","772,000,000","676,000,000","752,000,000","603,000,000","693,000,000","620,000,000","719,000,000","-872,000,000","849,000,000","933,000,000","1,699,000,000","-1,023,000,000","762,000,000","847,000,000","1,807,000,000","-653,000,000","899,000,000","915,000,000","1,501,000,000","1,810,000,000","889,000,000","911,000,000","1,782,000,000","2,419,000,000","606,000,000","829,000,000","1,505,000,000","2,494,000,000","501,000,000","840,000,000","1,517,000,000","1,866,000,000","931,000,000","1,471,000,000","1,815,000,000","4,141,000,000","777,000,000","2,530,000,000","2,347,000,000","4,407,000,000","536,000,000","490,000,000","1,435,000,000","557,000,000","525,000,000","479,000,000","500,000,000","413,000,000","432,000,000","385,000,000","426,000,000","415,000,000","382,000,000","364,000,000","446,000,000","371,000,000","352,000,000","338,000,000","437,000,000","338,000,000","338,000,000","303,000,000","422,000,000","303,000,000","297,000,000","277,000,000","527,000,000",,,,,,,,,,,,,,,,,,,,,,,,,,,,,,,,,,
OperatingExpense,"1,503,000,000","381,000,000","331,000,000","331,000,000","463,000,000","376,000,000","303,000,000","298,000,000","430,000,000","349,000,000","285,000,000","287,000,000","404,000,000","325,000,000","273,000,000","272,000,000","366,000,000","304,000,000","255,000,000","263,000,000","343,000,000","286,000,000","245,000,000","236,000,000","325,000,000","248,000,000","232,000,000","229,000,000","303,000,000","246,000,000","210,000,000","207,000,000","274,000,000","225,000,000","199,000,000","187,000,000","251,000,000","-654,000,000","485,000,000","460,000,000","536,000,000","565,000,000","454,000,000","461,000,000","508,000,000","556,000,000","453,000,000","414,000,000","513,000,000","492,000,000","454,000,000","478,000,000","513,000,000","-1,049,000,000","642,000,000","785,000,000","1,438,000,000","-792,000,000","568,000,000","843,000,000","1,854,000,000","-506,000,000","919,000,000","828,000,000","1,547,000,000","1,855,000,000","1,733,000,000","837,000,000","1,362,000,000","2,201,000,000","466,000,000","722,000,000","1,383,000,000","2,493,000,000","392,000,000","657,000,000","1,278,000,000","2,498,000,000","720,000,000","1,238,000,000","1,523,000,000","4,022,000,000","1,178,000,000","2,275,000,000","2,016,000,000","4,425,000,000","289,000,000","285,000,000","1,142,000,000","393,000,000","254,000,000","247,000,000","255,000,000","245,000,000","210,000,000","197,000,000","276,000,000","234,000,000","197,000,000","197,000,000","233,000,000","230,000,000","186,000,000","182,000,000","223,000,000","214,000,000","189,000,000","179,000,000","216,000,000","207,000,000","171,000,000","169,000,000","352,000,000",,,,,,,,,,,,,,,,,,,,,,,,,,,,,,,,,,
	DepreciationAmortizationDepletionIncomeStatement,"1,114,000,000","282,000,000","250,000,000","244,000,000","340,000,000","281,000,000","228,000,000","223,000,000","316,000,000","263,000,000","215,000,000","216,000,000","298,000,000","244,000,000","206,000,000","204,000,000","279,000,000","229,000,000","193,000,000","197,000,000","262,000,000","214,000,000","183,000,000","176,000,000","238,000,000","186,000,000","173,000,000","169,000,000","222,000,000","182,000,000","153,000,000","151,000,000","199,000,000","165,000,000","145,000,000","137,000,000","181,000,000","158,000,000","138,000,000","130,000,000","172,000,000","142,000,000","120,000,000","122,000,000","162,000,000","140,000,000","133,000,000","131,000,000","172,000,000","148,000,000","128,000,000","121,000,000","173,000,000","153,000,000","135,000,000","128,000,000","173,000,000","138,000,000","121,000,000","121,000,000","161,000,000","158,000,000","129,000,000","127,000,000","162,000,000","126,000,000","121,000,000","122,000,000","156,000,000","65,000,000","114,000,000","108,000,000","144,000,000","128,000,000","86,000,000","88,000,000","126,000,000","74,000,000","103,000,000","95,000,000","140,000,000","142,000,000","125,000,000","116,000,000","153,000,000","167,000,000","152,000,000","142,000,000","176,000,000","165,000,000","151,000,000","155,000,000","159,000,000","159,000,000","112,000,000","110,000,000","154,000,000","137,000,000","124,000,000","121,000,000","139,000,000","127,000,000","110,000,000","186,000,000","133,000,000","125,000,000","111,000,000","109,000,000","132,000,000","180,000,000","85,000,000","79,000,000","108,000,000",,,,,,,,,,,,,,,,,,,,,,,,,,,,,,,,,,
		DepreciationAndAmortizationInIncomeStatement,"1,114,000,000","282,000,000","250,000,000","244,000,000","340,000,000","281,000,000","228,000,000","223,000,000","316,000,000","263,000,000","215,000,000","216,000,000","298,000,000","244,000,000","206,000,000","204,000,000","279,000,000","229,000,000","193,000,000","197,000,000","262,000,000","214,000,000","183,000,000","176,000,000","238,000,000","186,000,000","173,000,000","169,000,000","222,000,000","182,000,000","153,000,000","151,000,000","199,000,000","165,000,000","145,000,000","137,000,000","181,000,000","158,000,000","138,000,000","130,000,000","172,000,000","142,000,000","120,000,000","122,000,000","162,000,000","140,000,000","133,000,000","131,000,000","172,000,000","148,000,000","128,000,000","121,000,000","173,000,000",,,,,,,,,,,,,,,,,,,,,,,,,,,,,,,,,,,,,,,,,,,,,,,,,,,,,,,,,,,,,,,,,,,,,,,,,,,,,,,,,,,,,,,,,,,,,,
			DepreciationIncomeStatement,"975,000,000"
			Amortization,"139,000,000"
				AmortizationOfIntangiblesIncomeStatement,"139,000,000"
	OtherTaxes,"389,000,000","99,000,000","81,000,000","87,000,000","123,000,000","95,000,000","75,000,000","75,000,000","114,000,000","86,000,000","70,000,000","71,000,000","106,000,000","81,000,000","67,000,000","68,000,000","87,000,000","75,000,000","62,000,000","66,000,000","81,000,000","72,000,000","62,000,000","60,000,000","87,000,000","62,000,000","59,000,000","60,000,000","81,000,000","64,000,000","57,000,000","56,000,000","75,000,000","60,000,000","54,000,000","50,000,000","70,000,000","59,000,000","53,000,000","48,000,000","69,000,000","54,000,000","33,000,000","51,000,000","67,000,000","54,000,000","49,000,000","41,000,000","66,000,000","53,000,000","51,000,000","48,000,000","65,000,000","49,000,000","47,000,000","48,000,000","60,000,000","46,000,000","53,000,000","55,000,000","80,000,000","61,000,000","-9,000,000","68,000,000","78,000,000","61,000,000","59,000,000","66,000,000","75,000,000","70,000,000","64,000,000","62,000,000","74,000,000","76,000,000","50,000,000","1,000,000","64,000,000","29,000,000","52,000,000","53,000,000","66,000,000","54,000,000","54,000,000","59,000,000","76,000,000","71,000,000","69,000,000","70,000,000","71,000,000","68,000,000","60,000,000","60,000,000","66,000,000","60,000,000","49,000,000","48,000,000","59,000,000","53,000,000","48,000,000","48,000,000","61,000,000","53,000,000","45,000,000","45,000,000","59,000,000","53,000,000","45,000,000","42,000,000","56,000,000","46,000,000","40,000,000","36,000,000","62,000,000",,,,,,,,,,,,,,,,,,,,,,,,,,,,,,,,,,
	OtherOperatingExpenses,,,,,,,,,,,,,,,,,,,,,,,,,,,,,,,,,,,,,,,"294,000,000",,,,,,,"362,000,000","271,000,000","242,000,000","275,000,000","291,000,000","275,000,000","309,000,000","275,000,000","-1,251,000,000","460,000,000","609,000,000","1,205,000,000","-976,000,000","394,000,000","667,000,000","1,613,000,000","-725,000,000","799,000,000","633,000,000","1,307,000,000","1,668,000,000","1,553,000,000","649,000,000","1,131,000,000","2,066,000,000","288,000,000","552,000,000","1,165,000,000","2,289,000,000","256,000,000","568,000,000","1,088,000,000","2,395,000,000","565,000,000","1,090,000,000","1,317,000,000","3,826,000,000","999,000,000","2,100,000,000","1,787,000,000","4,187,000,000","68,000,000","73,000,000","895,000,000","160,000,000","43,000,000","32,000,000","30,000,000","26,000,000","49,000,000","39,000,000","63,000,000","44,000,000","25,000,000","28,000,000","33,000,000","50,000,000","31,000,000","-49,000,000","31,000,000","36,000,000","33,000,000","28,000,000","28,000,000","-19,000,000","46,000,000","54,000,000","182,000,000",,,,,,,,,,,,,,,,,,,,,,,,,,,,,,,,,,
OperatingIncome,"1,146,000,000","204,000,000","260,000,000","252,000,000","485,000,000","352,000,000","369,000,000","273,000,000","368,000,000","311,000,000","351,000,000","218,000,000","359,000,000","250,000,000","294,000,000","255,000,000","363,000,000","379,000,000","330,000,000","241,000,000","388,000,000","290,000,000","386,000,000","285,000,000","336,000,000","245,000,000","317,000,000","204,000,000","397,000,000","273,000,000","236,000,000","235,000,000","408,000,000","265,000,000","316,000,000","232,000,000","329,000,000","211,000,000","343,000,000","260,000,000","188,000,000","174,000,000","316,000,000","207,000,000","306,000,000","158,000,000","319,000,000","262,000,000","239,000,000","111,000,000","239,000,000","142,000,000","206,000,000","177,000,000","207,000,000","148,000,000","261,000,000","-231,000,000","194,000,000","4,000,000","-47,000,000","-147,000,000","-20,000,000","87,000,000","-46,000,000","-45,000,000","-844,000,000","74,000,000","420,000,000","218,000,000","140,000,000","107,000,000","122,000,000","1,000,000","109,000,000","183,000,000","239,000,000","-632,000,000","211,000,000","233,000,000","292,000,000","119,000,000","-401,000,000","255,000,000","331,000,000","-18,000,000","247,000,000","205,000,000","293,000,000","164,000,000","271,000,000","232,000,000","245,000,000","168,000,000","222,000,000","188,000,000","150,000,000","181,000,000","185,000,000","167,000,000","213,000,000","141,000,000","166,000,000","156,000,000","214,000,000","124,000,000","149,000,000","124,000,000","206,000,000","96,000,000","126,000,000","108,000,000","175,000,000","936,000,000","758,000,000","742,000,000","1,009,000,000","843,000,000","599,000,000","664,000,000","967,000,000","716,000,000","614,000,000","635,000,000","977,000,000","850,300,000","614,900,000","641,700,000","857,100,000","860,600,000","569,100,000","608,900,000","922,600,000","860,500,000","589,500,000","575,600,000","917,100,000","801,900,000","574,200,000","552,400,000","872,000,000","872,300,000","596,100,000","612,200,000","1,027,900,000","931,700,000","632,500,000"
NetNonOperatingInterestIncomeExpense,"-497,000,000","-125,000,000","-125,000,000","-124,000,000","-135,000,000","-139,000,000","-142,000,000","-140,000,000","-129,000,000","-132,000,000","-131,000,000","-129,000,000","-120,000,000","-118,000,000","-112,000,000","-108,000,000","-109,000,000","-108,000,000","-108,000,000","-108,000,000","-102,000,000","-109,000,000","-109,000,000","-106,000,000","-105,000,000","-82,000,000","-100,000,000","-102,000,000","-100,000,000","-101,000,000","-100,000,000","-100,000,000","-101,000,000","-99,000,000","-98,000,000","-100,000,000","-98,000,000","-94,000,000","-95,000,000","-97,000,000","-98,000,000","-101,000,000","-100,000,000","-102,000,000","-103,000,000","-102,000,000","-97,000,000","-94,000,000","-101,000,000","-121,000,000","-97,000,000","-99,000,000","-94,000,000",,,,,,,,,,,,,,,,,,,,,,,,,,,,,,,,,,,,,,,,,,,,,,,,,,,,,,,,,,,,,,,,,,,,,,,,,,,,,,,,,,,,,,,,,,,,,,
	InterestIncomeNonOperating,"3,000,000","1,000,000","0","1,000,000","1,000,000","1,000,000","1,000,000","1,000,000","8,000,000","2,000,000","2,000,000","2,000,000","1,000,000","3,000,000","2,000,000","4,000,000","2,000,000","2,000,000","3,000,000","2,000,000","5,000,000","2,000,000","1,000,000","2,000,000","1,000,000","9,000,000","1,000,000","1,000,000","1,000,000","3,000,000","1,000,000","1,000,000",,"0","1,000,000","2,000,000","0","2,000,000","1,000,000","1,000,000","1,000,000","1,000,000","4,000,000","2,000,000","2,000,000","5,000,000","5,000,000","4,000,000","5,000,000","7,000,000","6,000,000","6,000,000","5,000,000",,,,,,,,,,,,,,,,,,,,,,,,,,,,,,,,,,,,,,,,,,,,,,,,,,,,,,,,,,,,,,,,,,,,,,,,,,,,,,,,,,,,,,,,,,,,,,
	InterestExpenseNonOperating,"500,000,000","126,000,000","125,000,000","125,000,000","136,000,000","140,000,000","143,000,000","141,000,000","137,000,000","134,000,000","133,000,000","131,000,000","121,000,000","121,000,000","114,000,000","112,000,000","111,000,000","110,000,000","111,000,000","110,000,000","107,000,000","111,000,000","110,000,000","108,000,000","106,000,000","91,000,000","101,000,000","103,000,000","101,000,000","104,000,000","101,000,000","101,000,000","101,000,000","99,000,000","99,000,000","102,000,000","98,000,000","96,000,000","96,000,000","98,000,000","99,000,000","102,000,000","104,000,000","104,000,000","105,000,000","107,000,000","102,000,000","98,000,000","106,000,000","128,000,000","103,000,000","105,000,000","99,000,000",,,,,,,,,,,,,,,,,,,,,,,,,,,,,,,,,,,,,,,,,,,,,,,,,,,,,,,,,,,,,,,,,,,,,,,,,,,,,,,,,,,,,,,,,,,,,,
OtherIncomeExpense,"174,000,000","40,000,000","44,000,000","47,000,000","43,000,000","-16,000,000","27,000,000","31,000,000","31,000,000","26,000,000","29,000,000","25,000,000","22,000,000","-6,000,000","20,000,000","18,000,000","27,000,000","-49,000,000","7,000,000","7,000,000","9,000,000","-57,000,000","4,000,000","4,000,000","7,000,000","4,000,000","6,000,000","2,000,000","5,000,000","-20,000,000","5,000,000","-8,000,000","2,000,000","-2,000,000",,"3,000,000","8,000,000","-8,000,000","-1,000,000","5,000,000","8,000,000","-9,000,000","5,000,000","6,000,000","7,000,000","-8,000,000","11,000,000","-10,000,000","9,000,000","13,000,000","-9,000,000","36,000,000","10,000,000","0","3,000,000","12,000,000","2,000,000","59,000,000","19,000,000","5,000,000","39,000,000","110,000,000","31,000,000","30,000,000","39,000,000","-18,000,000","50,000,000","35,000,000","45,000,000","18,000,000","69,000,000","46,000,000","17,000,000","33,000,000","20,000,000","-1,000,000","-2,000,000","-47,000,000","9,000,000","17,000,000","521,000,000","-12,000,000","-3,000,000",,"4,000,000","-5,000,000","4,000,000","61,000,000","2,000,000","1,000,000","-4,000,000","12,000,000","1,000,000","-4,000,000","-6,000,000",,"1,000,000","-10,000,000","1,000,000","-1,000,000","-2,000,000",,"-1,000,000",,"1,000,000",,"-2,000,000","1,000,000","1,000,000","7,000,000",,,"2,000,000",,,,,,,,,,,,,,,,,,,,,,,,,,,,,,,,,,
	EarningsFromEquityInterest,"10,000,000","2,000,000","4,000,000","2,000,000","2,000,000","4,000,000","0","-2,000,000","3,000,000","4,000,000","5,000,000","2,000,000","-1,000,000","3,000,000","-1,000,000","4,000,000","3,000,000","5,000,000","3,000,000","3,000,000","4,000,000","1,000,000","5,000,000","3,000,000","4,000,000","5,000,000","4,000,000","1,000,000","4,000,000","4,000,000","4,000,000","3,000,000","4,000,000","2,000,000","3,000,000","3,000,000","5,000,000","4,000,000","5,000,000","3,000,000","5,000,000","-1,000,000","4,000,000","2,000,000","4,000,000","3,000,000","3,000,000","2,000,000",,,,,,,,,,,,,,,,,,,,,,,,,,,,,,,,,,,,,,,,,,,,,,,,,,,,,,,,,,,,,,,,,,,,,,,,,,,,,,,,,,,,,,,,,,,,,,,,,,,
	SpecialIncomeCharges,"-3,000,000","-8,000,000","2,000,000","2,000,000","1,000,000","2,000,000","1,000,000","2,000,000","1,000,000","3,000,000","2,000,000","3,000,000","2,000,000","2,000,000","2,000,000","1,000,000","1,000,000","0","1,000,000","2,000,000","2,000,000","3,000,000","3,000,000","3,000,000","3,000,000","3,000,000","3,000,000","2,000,000","2,000,000","2,000,000","2,000,000","2,000,000","2,000,000","0","2,000,000","1,000,000","3,000,000","10,000,000","-6,000,000","2,000,000","3,000,000","-8,000,000","1,000,000","4,000,000","3,000,000","-11,000,000","8,000,000","-12,000,000","9,000,000","13,000,000","-9,000,000","36,000,000","10,000,000","0","3,000,000","12,000,000","2,000,000","59,000,000","19,000,000","5,000,000","39,000,000","110,000,000","31,000,000","30,000,000","39,000,000","-18,000,000","50,000,000","35,000,000","45,000,000","18,000,000","69,000,000","46,000,000","17,000,000","33,000,000","20,000,000","-1,000,000","-2,000,000","-47,000,000","9,000,000","17,000,000","521,000,000","-12,000,000","-3,000,000",,"4,000,000","-5,000,000","4,000,000","61,000,000","2,000,000","1,000,000","-4,000,000","12,000,000","1,000,000","-4,000,000","-6,000,000",,"1,000,000","-10,000,000","1,000,000","-1,000,000","-2,000,000",,"-1,000,000",,"1,000,000",,"-2,000,000","1,000,000","1,000,000","7,000,000",,,"2,000,000",,,,,,,,,,,,,,,,,,,,,,,,,,,,,,,,,,
		OtherSpecialCharges,"3,000,000","8,000,000","-2,000,000","-2,000,000","-1,000,000","-2,000,000","-1,000,000","-2,000,000","-1,000,000","-3,000,000","-2,000,000","-3,000,000","-2,000,000","-2,000,000","-2,000,000","-1,000,000","-1,000,000","0","-1,000,000","-2,000,000","-2,000,000","-3,000,000","-3,000,000","-3,000,000","-3,000,000","-3,000,000","-3,000,000","-2,000,000","-2,000,000","-2,000,000","-2,000,000","-2,000,000","-2,000,000","-1,000,000","-1,000,000","-1,000,000","-3,000,000",,,"-2,000,000","-3,000,000",,"-1,000,000","-4,000,000","-3,000,000",,,,,,,,,,,,,,,,,,,,,,,,,,,,,,,,,,,,,,,,,,,,,,,,,,,,,,,,,,,,,,,,,,,,,,,,,,,,,,,,,,,,,,,,,,,,,,,,,,,,,,
		GainOnSaleOfPPE,,,,,,,,,,,,,,,,,,,,,,,,,,,,,,,,,,,"1,000,000",,,,,,,,,,,,,,,,,,,,,,,,,,,,,,,,,,,,,,,,,,,,,,,,,,,,,,,,,,,,,,,,,,,,,,,,,,,,,,,,,,,,,,,,,,,,,,,,,,,,,,,,,,,,,,,,
	OtherNonOperatingIncomeExpenses,"167,000,000","46,000,000","38,000,000","43,000,000","40,000,000","-22,000,000","26,000,000","31,000,000","27,000,000","19,000,000","22,000,000","20,000,000","21,000,000","-11,000,000","19,000,000","13,000,000","23,000,000","-54,000,000","3,000,000","2,000,000","3,000,000","-61,000,000","-4,000,000","-2,000,000","3,000,000","-4,000,000","-1,000,000","-1,000,000","-1,000,000","-26,000,000","-1,000,000","-13,000,000","-4,000,000","-4,000,000","-5,000,000","-1,000,000","3,000,000",,,,,,,,,,,,,,,,,,,,,,,,,,,,,,,,,,,,,,,,,,,,,,,,,,,,,,,,,,,,,,,,,,,,,,,,,,,,,,,,,,,,,,,,,,,,,,,,,,,,,,,,,,,,,,
PretaxIncome,"823,000,000","119,000,000","179,000,000","175,000,000","393,000,000","197,000,000","254,000,000","164,000,000","270,000,000","205,000,000","249,000,000","114,000,000","261,000,000","126,000,000","202,000,000","165,000,000","281,000,000","222,000,000","229,000,000","140,000,000","295,000,000","124,000,000","281,000,000","183,000,000","238,000,000","167,000,000","223,000,000","104,000,000","302,000,000","152,000,000","141,000,000","127,000,000","309,000,000","164,000,000","218,000,000","135,000,000","239,000,000","109,000,000","247,000,000","168,000,000","98,000,000","64,000,000","221,000,000","111,000,000","210,000,000","48,000,000","233,000,000","159,000,000","150,000,000","3,000,000","132,000,000","79,000,000","121,000,000","80,000,000","117,000,000","75,000,000","170,000,000","-259,000,000","130,000,000","-84,000,000","-101,000,000","-64,000,000","-132,000,000","7,000,000","-53,000,000","-69,000,000","-428,000,000","5,000,000","226,000,000","46,000,000","69,000,000","12,000,000","-12,000,000","-80,000,000","-50,000,000","29,000,000","117,000,000","-718,000,000","56,000,000","105,000,000","653,000,000","-74,000,000","-580,000,000","84,000,000","168,000,000","-203,000,000","75,000,000","96,000,000","133,000,000","-7,000,000","108,000,000","105,000,000","135,000,000","65,000,000","122,000,000","91,000,000","55,000,000","74,000,000","94,000,000","83,000,000","134,000,000","58,000,000","92,000,000","84,000,000","145,000,000","57,000,000","79,000,000","58,000,000","140,000,000","38,000,000","67,000,000","53,000,000","126,000,000",,,,,,,,,,,,,,,,,,,,,,,,,,,,,,,,,,
TaxProvision,"95,000,000","5,000,000","26,000,000","22,000,000","51,000,000","35,000,000","44,000,000","27,000,000","27,000,000","37,000,000","42,000,000","20,000,000","48,000,000","17,000,000","33,000,000","25,000,000","40,000,000","224,000,000","57,000,000","47,000,000","96,000,000","46,000,000","95,000,000","58,000,000","74,000,000","60,000,000","75,000,000","36,000,000","100,000,000","55,000,000","47,000,000","43,000,000","105,000,000","62,000,000","91,000,000","54,000,000","95,000,000","42,000,000","98,000,000","67,000,000","38,000,000","23,000,000","81,000,000","10,000,000","77,000,000","17,000,000","87,000,000","59,000,000","61,000,000","-13,000,000","51,000,000","29,000,000","48,000,000","16,000,000","37,000,000","25,000,000","64,000,000","-137,000,000","46,000,000","-29,000,000","-70,000,000","-33,000,000","-31,000,000","-66,000,000","-28,000,000","-52,000,000","-165,000,000","-25,000,000","74,000,000","-13,000,000","18,000,000","-7,000,000","-3,000,000","0","-16,000,000","34,000,000","41,000,000","-134,000,000","50,000,000","32,000,000","253,000,000","35,000,000","-196,000,000","31,000,000","59,000,000","-28,000,000","20,000,000","15,000,000","53,000,000","-28,000,000","25,000,000","30,000,000","37,000,000","14,000,000","41,000,000","26,000,000","15,000,000","10,000,000","28,000,000","29,000,000","50,000,000","14,000,000","34,000,000","34,000,000","57,000,000","19,000,000","32,000,000","25,000,000","54,000,000","7,000,000","27,000,000","23,000,000","48,000,000",,,,,,,,,,,,,,,,,,,,,,,,,,,,,,,,,,
EarningsFromEquityInterestNetOfTax,,,,,,,,,,,,,,,,,,,,,,,,,,,,,,,,,,,,,,,,,,,,,,,,,"3,000,000","0","-1,000,000",,,,,,,,,,,,,,,,,,,,,,,,,,,,,,,,,,,,,,,,,,,,,,,,,,,,,,,,,,,,,,,,,,,,,,,,,,,,,,,,,,,,,,,,,,,,,,,,
NetIncomeCommonStockholders,"1,348,000,000","634,000,000","189,000,000","176,000,000","349,000,000","158,000,000","218,000,000","136,000,000","243,000,000","167,000,000","207,000,000","93,000,000","213,000,000","108,000,000","169,000,000","139,000,000","241,000,000","-3,000,000","172,000,000","92,000,000","199,000,000","77,000,000","186,000,000","124,000,000","164,000,000","106,000,000","148,000,000","67,000,000","202,000,000","96,000,000","94,000,000","83,000,000","204,000,000","102,000,000","126,000,000","80,000,000","144,000,000","67,000,000","148,000,000","100,000,000","67,000,000","41,000,000","139,000,000","100,000,000","135,000,000","25,000,000","134,000,000","80,000,000","85,000,000","2,000,000","73,000,000","74,000,000","69,000,000","61,000,000","79,000,000","46,000,000","103,000,000","-127,000,000","82,000,000","33,000,000","-214,000,000","-32,000,000","-102,000,000","72,000,000","-27,000,000","-6,000,000","-265,000,000","27,000,000","150,000,000","45,000,000","56,000,000","16,000,000","-11,000,000","-1,000,000","-77,000,000","-45,000,000","79,000,000","-974,000,000","23,000,000","-75,000,000","399,000,000","-138,000,000","-569,000,000","53,000,000","109,000,000","-180,000,000","55,000,000","81,000,000","80,000,000","21,000,000","83,000,000","75,000,000","98,000,000","51,000,000","81,000,000","65,000,000","83,000,000","64,000,000","66,000,000","54,000,000","84,000,000","44,000,000","58,000,000","50,000,000","88,000,000","38,000,000","47,000,000","33,000,000","86,000,000","31,000,000","40,000,000","30,000,000","78,000,000","27,000,000","32,000,000","24,000,000","72,000,000","-372,000,000","10,000,000","14,000,000","51,000,000","-115,000,000","29,000,000","31,000,000","-206,000,000","-638,900,000","-3,900,000","181,500,000","245,900,000","74,300,000","68,200,000","63,300,000",,,,,,,,,,,,,,,
	NetIncome,"1,353,000,000","639,000,000","189,000,000","176,000,000","349,000,000","158,000,000","218,000,000","136,000,000","243,000,000","167,000,000","207,000,000","93,000,000","213,000,000","108,000,000","169,000,000","139,000,000","241,000,000","-3,000,000","172,000,000","92,000,000","199,000,000","77,000,000","186,000,000","124,000,000","164,000,000","106,000,000","148,000,000","67,000,000","202,000,000","96,000,000","94,000,000","83,000,000","204,000,000","102,000,000","126,000,000","80,000,000","144,000,000","67,000,000","148,000,000","100,000,000","67,000,000","41,000,000","139,000,000","100,000,000","135,000,000","25,000,000","145,000,000","82,000,000","88,000,000","5,000,000","75,000,000","77,000,000","72,000,000","64,000,000","81,000,000","49,000,000","106,000,000","-124,000,000","84,000,000","36,000,000","-211,000,000","-29,000,000","-100,000,000","75,000,000","-24,000,000","-3,000,000","-263,000,000","30,000,000","152,000,000","47,000,000","59,000,000","19,000,000","-11,000,000","-1,000,000","-77,000,000","-45,000,000","79,000,000","-974,000,000","23,000,000","-75,000,000","399,000,000","-138,000,000","-569,000,000","53,000,000","109,000,000","-180,000,000","55,000,000","81,000,000","80,000,000","21,000,000","83,000,000","75,000,000","98,000,000","51,000,000","81,000,000","65,000,000","83,000,000","64,000,000","66,000,000","54,000,000","84,000,000","44,000,000","58,000,000","50,000,000","88,000,000","38,000,000","47,000,000","33,000,000","86,000,000","31,000,000","40,000,000","30,000,000","78,000,000","27,000,000","32,000,000","24,000,000","72,000,000","-372,000,000","10,000,000","14,000,000","51,000,000","-115,000,000","29,000,000","31,000,000","-206,000,000","-638,900,000","-3,900,000","184,400,000","248,800,000","74,300,000","68,200,000","63,300,000",,,,,,,,,,,,,,,
		NetIncomeIncludingNoncontrollingInterests,"1,330,000,000","634,000,000","183,000,000","171,000,000","342,000,000","162,000,000","210,000,000","137,000,000","243,000,000","168,000,000","207,000,000","94,000,000","213,000,000","109,000,000","169,000,000","140,000,000","241,000,000","-2,000,000","172,000,000","93,000,000","199,000,000","78,000,000","186,000,000","125,000,000","164,000,000","107,000,000","148,000,000","68,000,000","202,000,000","97,000,000","94,000,000","84,000,000","204,000,000","102,000,000","127,000,000","81,000,000","144,000,000","67,000,000","149,000,000","101,000,000","67,000,000","41,000,000","140,000,000","101,000,000","135,000,000","25,000,000","146,000,000","84,000,000","88,000,000","7,000,000","81,000,000","79,000,000","73,000,000","65,000,000","83,000,000","50,000,000","108,000,000","-121,000,000","87,000,000","39,000,000","-209,000,000","-102,000,000","-59,000,000","75,000,000","-92,000,000","-63,000,000","-742,000,000","15,000,000","265,000,000","41,000,000","64,000,000","20,000,000","4,000,000","-2,000,000","-77,000,000","-45,000,000","80,000,000","-978,000,000","25,000,000","-74,000,000","399,000,000","-138,000,000","-568,000,000","54,000,000","110,000,000","-180,000,000","56,000,000","82,000,000","81,000,000","42,000,000","101,000,000","84,000,000","111,000,000","64,000,000","94,000,000","78,000,000","96,000,000","76,000,000","78,000,000","64,000,000","93,000,000","53,000,000","67,000,000","59,000,000","96,000,000","45,000,000","54,000,000","40,000,000","93,000,000","38,000,000","47,000,000","37,000,000","81,000,000","27,000,000","32,000,000","24,000,000","72,000,000","-372,000,000","10,000,000","14,000,000","51,000,000","-115,000,000","29,000,000","31,000,000","-206,000,000","-638,900,000","-3,900,000","184,400,000","248,800,000","74,300,000","68,200,000","63,300,000","106,300,000","73,200,000","66,800,000","52,600,000","78,900,000","68,700,000","60,600,000","33,500,000","24,100,000","51,100,000","37,200,000","25,300,000","64,200,000","-364,100,000","22,900,000"
			NetIncomeContinuousOperations,"728,000,000","114,000,000","153,000,000","153,000,000","342,000,000","162,000,000","210,000,000","137,000,000","243,000,000","168,000,000","207,000,000","94,000,000","213,000,000","109,000,000","169,000,000","140,000,000","241,000,000","-2,000,000","172,000,000","93,000,000","199,000,000","78,000,000","186,000,000","125,000,000","164,000,000","107,000,000","148,000,000","68,000,000","202,000,000","97,000,000","94,000,000","84,000,000","204,000,000","102,000,000","127,000,000","81,000,000","144,000,000","67,000,000","149,000,000","101,000,000","60,000,000","41,000,000","140,000,000","101,000,000","133,000,000","31,000,000","146,000,000","100,000,000","89,000,000","16,000,000","81,000,000","50,000,000","73,000,000","64,000,000","80,000,000","50,000,000","106,000,000","-122,000,000","84,000,000","-55,000,000","-31,000,000","-31,000,000","-101,000,000","73,000,000","-25,000,000","-17,000,000","-263,000,000","30,000,000","152,000,000","59,000,000","51,000,000","19,000,000","-9,000,000","-80,000,000","-34,000,000","-5,000,000","76,000,000","-584,000,000","6,000,000","73,000,000","400,000,000","-109,000,000","-384,000,000","53,000,000","109,000,000","-175,000,000","55,000,000","81,000,000","80,000,000","21,000,000","83,000,000","75,000,000","98,000,000","51,000,000","81,000,000","65,000,000","40,000,000","64,000,000","66,000,000","54,000,000","84,000,000","44,000,000","58,000,000","50,000,000","88,000,000","38,000,000","47,000,000","33,000,000","86,000,000","31,000,000","40,000,000","30,000,000","78,000,000","27,000,000","32,000,000","24,000,000","72,000,000","-372,000,000","10,000,000","14,000,000","51,000,000","-115,000,000","29,000,000","31,000,000","-206,000,000","-638,900,000","-21,400,000","184,400,000","248,800,000","74,300,000","68,200,000","63,300,000","106,300,000","73,200,000","66,800,000","52,600,000","78,900,000","68,700,000","60,600,000","33,500,000","24,100,000","51,100,000","37,200,000","25,300,000","64,200,000","-364,100,000","22,900,000"
			NetIncomeDiscontinuousOperations,"602,000,000","520,000,000","30,000,000","18,000,000",,,,,,,,,,,,,,,,,,,,,,,,,,,,,,"0","0","0","0","0","0","0","7,000,000","0","0","0","2,000,000","-6,000,000","0","-16,000,000","-1,000,000","-9,000,000","0","29,000,000",,,"1,000,000","-1,000,000",,"-2,000,000",,"91,000,000","-180,000,000","2,000,000","1,000,000","2,000,000","1,000,000",,,,,"-10,000,000","8,000,000",,"-2,000,000","79,000,000","-43,000,000","-40,000,000","27,000,000","-408,000,000","17,000,000","-141,000,000",,"0","-185,000,000",,,,,,,,,,,,,,,,,,,,,,,,,,,,,,,,,,,,,,,,,,,,"17,500,000",,,,,,,,,,,,,,,,,,,,
			NetIncomeExtraordinary,,,,,,,,,,,,,,,,,,,,,,,,,,,,,,,,,,,,,,,,,,,,,,,,,,,,,,,,,,,,,,,,,,,,,,,,,,"0",,,"-24,000,000",,,,,,,,,,,,,,,,,"0",,,"43,000,000",,,,,,,,,,,,,,,,,,,,,,,,,,,,,,,,,,,,,,,,,,,,,,,,,,
			NetIncomeFromTaxLossCarryforward,,,,,,,,,,,,,,,,,,,,,,,,,,,,,,,,,,,,,,,,,,,,,,,,,,,,,,,,,,,,,,,,,,,,,,,,,,,,,,,,"-7,000,000","-1,000,000",,,,,,,,,,,,,,,,,,,,,,,,,,,,,,,,,,,,,,,,,,,,,,,,,,,,,,,,,,,,,,,,,,
		MinorityInterests,"23,000,000","5,000,000","6,000,000","5,000,000","7,000,000","-4,000,000","8,000,000","-1,000,000",,"-1,000,000","0","-1,000,000",,"-1,000,000","0","-1,000,000",,"-1,000,000","0","-1,000,000",,"-1,000,000",,"-1,000,000",,"-1,000,000","0","-1,000,000",,"-1,000,000","0","-1,000,000",,"0","-1,000,000","-1,000,000",,"0","-1,000,000","-1,000,000",,"0","-1,000,000","-1,000,000",,"0","-1,000,000","-2,000,000","0","-2,000,000","-6,000,000","-2,000,000","-1,000,000","-1,000,000","-2,000,000","-1,000,000","-2,000,000","-3,000,000","-3,000,000","-3,000,000","-2,000,000","73,000,000","-41,000,000",,"68,000,000","60,000,000","479,000,000","15,000,000","-113,000,000","6,000,000","-5,000,000","-1,000,000","-15,000,000",,,,"-1,000,000",,"-2,000,000","-1,000,000",,"0","-1,000,000","-1,000,000","-1,000,000","0","-1,000,000","-1,000,000","-1,000,000","-21,000,000","-18,000,000","-9,000,000","-13,000,000","-13,000,000","-13,000,000","-13,000,000","-13,000,000","-12,000,000","-12,000,000","-10,000,000","-9,000,000","-9,000,000","-9,000,000","-9,000,000","-8,000,000","-7,000,000","-7,000,000","-7,000,000","-7,000,000","-7,000,000","-7,000,000","-7,000,000","-3,000,000",,,,,,,,,,,,,,,,,,,,,,,,,,,,,,,,,,
	PreferredStockDividends,"5,000,000","2,000,000",,,,,,,,,,,,,,,,,,,,,,,,,,,,,,,,,,,,,,,,,,,,"0","3,000,000","2,000,000","3,000,000","3,000,000","2,000,000","3,000,000","3,000,000","3,000,000","2,000,000","3,000,000","3,000,000","3,000,000","2,000,000","3,000,000","3,000,000","3,000,000","2,000,000","3,000,000","3,000,000","3,000,000","2,000,000","3,000,000","2,000,000","2,000,000","3,000,000","3,000,000",,,,,,,,,,,,,,,,,,,,,,,,,,,,,,,,,,,,,,,,,,,,,,,,,,,,,,,,,,,,,,,,,,,,,,,,,,,
	OtherunderPreferredStockDividend,,,,,,,,,,,,,,,,,,,,,,,,,,,,,,,,,,,,,,,,,,,,,,,,,,,,,,,,,,,,,,,,,,,,,,,,,,,,,,,,,,,,,,,,,,,,,,,,,,,,,,,,,,,,,,,,,,,,,,,,,,,,,,,,"2,900,000","2,900,000",,,,,,,,,,,,,,,,,,
DilutedNIAvailtoComStockholders,"1,348,000,000","634,000,000","189,000,000","176,000,000","349,000,000","158,000,000","218,000,000","136,000,000","243,000,000","167,000,000","207,000,000","93,000,000","213,000,000","108,000,000","169,000,000","139,000,000","241,000,000","-3,000,000","172,000,000","92,000,000","199,000,000","77,000,000","186,000,000","124,000,000","164,000,000","106,000,000","148,000,000","67,000,000","202,000,000","96,000,000","94,000,000","83,000,000","204,000,000","102,000,000","126,000,000","80,000,000","144,000,000","67,000,000","148,000,000","100,000,000","67,000,000","41,000,000","139,000,000","100,000,000","135,000,000","25,000,000","134,000,000","80,000,000","85,000,000","2,000,000","73,000,000","74,000,000","69,000,000","61,000,000","79,000,000","46,000,000","103,000,000","-127,000,000","82,000,000","33,000,000","-214,000,000","-32,000,000","-102,000,000","72,000,000","-27,000,000","-6,000,000","-265,000,000","27,000,000","150,000,000","45,000,000","56,000,000","16,000,000","-11,000,000","-1,000,000","-77,000,000","-45,000,000","79,000,000","-974,000,000","23,000,000","-75,000,000","399,000,000","-138,000,000","-569,000,000","53,000,000","109,000,000","-180,000,000","55,000,000","81,000,000","80,000,000","21,000,000","83,000,000","75,000,000","98,000,000","51,000,000","81,000,000","65,000,000","83,000,000","64,000,000","66,000,000","54,000,000","84,000,000","44,000,000","58,000,000","50,000,000","88,000,000","38,000,000","47,000,000","33,000,000","86,000,000","31,000,000","40,000,000","30,000,000","78,000,000","27,000,000","32,000,000","24,000,000","72,000,000","-372,000,000","10,000,000","14,000,000","51,000,000","-115,000,000","29,000,000","31,000,000","-206,000,000","-638,900,000","-3,900,000","181,500,000","245,900,000","74,300,000","68,200,000","63,300,000",,,,,,,,,,,,,,,
BasicEPS,,"2.2","0.64","0.61","1.21","0.55","0.76","0.48","0.86","0.59","0.73","0.33","0.75","0.38","0.6","0.49","0.86","-0.01","0.61","0.33","0.71","0.28","0.67","0.45","0.59","0.39","0.53","0.25","0.73","0.35","0.34","0.31","0.77","0.38","0.48","0.3","0.55",,"0.56","0.38","0.26",,"0.55","0.4","0.54",,"0.58","0.35","0.37",,"0.32","0.33","0.3",,"0.36","0.2","0.46",,"0.37","0.15","-0.97",,"-0.47","0.33","-0.12",,"-1.21","0.12","0.77",,"0.35","0.1","-0.07",,"-0.51","-0.31","0.55",,"0.16","-0.56","2.99",,"-4.29","0.4","0.87",,"0.51","0.73","0.71",,"0.79","0.68","0.82",,"0.65","0.63","0.73",,"0.7","0.55","0.79",,"0.65","0.54","0.83",,"0.54","0.37","0.99",,"0.46","0.35","0.92",,"0.4","0.3","0.9",,"0.13","0.17","0.64",,"0.36","0.38","-2.56",,"-0.26","0.77","1.27",,"0.83","0.77","1.29",,"0.81","0.64","0.96",,"0.7","0.38","0.28",,"0.1","-0.05","0.39",,"-0.08"
DilutedEPS,,"2.2","0.64","0.61","1.21","0.55","0.76","0.48","0.85","0.58","0.73","0.33","0.75","0.38","0.59","0.49","0.86","-0.01","0.61","0.33","0.71","0.28","0.67","0.45","0.59","0.38","0.53","0.25","0.73","0.35","0.34","0.3","0.75","0.37","0.46","0.29","0.53",,"0.55","0.37","0.25",,"0.53","0.38","0.52",,"0.53","0.32","0.34",,"0.31","0.32","0.3",,"0.34","0.19","0.44",,"0.34","0.15","-0.97",,"-0.47","0.31","-0.12",,"-1.21","0.12","0.74",,"0.34","0.1","-0.07",,"-0.51","-0.31","0.51",,"0.16","-0.56","2.92",,"-4.29","0.4","0.85",,"0.51","0.72","0.7",,"0.78","0.67","0.8",,"0.64","0.62","0.72",,"0.69","0.55","0.78",,"0.65","0.53","0.83",,"0.54","0.37","0.99",,"0.46","0.35","0.92",,"0.4","0.3","0.9",,"0.13","0.17","0.64",,"0.36","0.38","-2.56",,"-0.26","0.77","1.27",,"0.83","0.77","1.29",,"0.81","0.64","0.96",,"0.7","0.38","0.28",,"0.1","-0.05","0.39",,"-0.08"
BasicAverageShares,,"289,100,000","289,100,000","289,000,000","288,600,000","285,700,000","285,600,000","285,500,000","283,300,000","283,000,000","283,000,000","282,900,000","282,800,000","282,600,000","282,500,000","282,100,000","281,500,000","280,800,000","280,800,000","279,500,000","278,900,000","278,000,000","278,200,000","278,200,000","276,700,000","276,000,000","276,000,000","275,400,000","274,800,000","274,000,000","274,000,000","268,000,000","266,100,000","265,000,000","265,000,000","264,500,000","263,600,000",,"262,900,000","261,200,000","255,600,000",,"251,300,000","250,300,000","250,000,000",,"229,000,000","228,200,000","229,729,730",,"228,125,000","227,000,000","226,600,000",,"224,100,000","230,000,000","223,913,043",,"221,621,622","220,000,000","220,618,557",,"217,021,277","218,181,818","225,000,000",,"219,008,264","225,000,000","194,805,195",,"160,000,000","160,000,000","157,142,857",,"150,980,392","145,161,290","143,636,364",,"144,000,000","135,000,000","133,000,000",,"133,000,000","132,000,000","125,000,000",,"110,000,000","110,000,000","113,000,000",,"105,063,291","110,294,118","119,512,195",,"124,615,385","103,174,603","113,698,630",,"94,285,714","98,181,818","106,329,114",,"89,230,769","92,592,593","106,024,096",,"87,037,037","89,189,189","86,868,687",,"86,956,522","85,714,286","84,782,609",,"80,000,000","80,000,000","80,000,000",,"76,923,077","82,352,941","79,687,500",,"80,555,556","81,578,947","80,468,750",,"81,529,000","84,109,000","84,109,000",,"82,168,675","82,207,792","82,316,000",,"82,122,000","82,072,000","85,036,000",,"86,320,000","88,007,000","88,007,000",,"87,987,000","87,987,000","88,065,000",,"88,065,000"
DilutedAverageShares,,"289,700,000","289,600,000","289,400,000","289,100,000","286,900,000","286,900,000","286,500,000","285,200,000","284,800,000","284,600,000","284,000,000","283,600,000","283,300,000","283,200,000","282,600,000","282,200,000","280,800,000","281,600,000","280,300,000","279,900,000","279,000,000","279,200,000","279,300,000","277,900,000","277,000,000","276,900,000","276,200,000","275,700,000","275,000,000","275,000,000","274,600,000","273,000,000","272,000,000","272,000,000","272,200,000","270,900,000",,"269,000,000","268,200,000","266,800,000",,"263,900,000","261,900,000","261,700,000",,"254,700,000","247,600,000","250,000,000",,"235,483,871","235,000,000","233,200,000",,"234,300,000","242,105,263","234,090,909",,"241,176,471","220,000,000","220,618,557",,"217,021,277","232,258,065","225,000,000",,"219,008,264","225,000,000","202,702,703",,"164,705,882","160,000,000","157,142,857",,"150,980,392","145,161,290","154,901,961",,"144,000,000","135,000,000","136,643,836",,"133,000,000","132,000,000","128,235,294",,"110,000,000","112,500,000","114,285,714",,"106,410,256","111,940,299","122,500,000",,"126,562,500","104,838,710","115,277,778",,"95,652,174","98,181,818","107,692,308",,"89,230,769","94,339,623","106,024,096",,"87,037,037","89,189,189","86,868,687",,"86,956,522","85,714,286","84,782,609",,"80,000,000","80,000,000","80,000,000",,"76,923,077","82,352,941","79,687,500",,"80,555,556","81,578,947","80,468,750",,"81,529,000","84,109,000","84,109,000",,"82,168,675","82,207,792","82,316,000",,"82,122,000","82,072,000","85,036,000",,"86,320,000","88,007,000","88,007,000",,"87,987,000","87,987,000","88,065,000",,"88,065,000"
TotalOperatingIncomeAsReported,"1,146,000,000","204,000,000","260,000,000","252,000,000","485,000,000","352,000,000","369,000,000","273,000,000","368,000,000","311,000,000","351,000,000","218,000,000","359,000,000","250,000,000","294,000,000","255,000,000","363,000,000","379,000,000","330,000,000","241,000,000","388,000,000","290,000,000","386,000,000","285,000,000","336,000,000","245,000,000","317,000,000","204,000,000","397,000,000","273,000,000","236,000,000","235,000,000","408,000,000","264,000,000","317,000,000","232,000,000","329,000,000","212,000,000","343,000,000","260,000,000","188,000,000","174,000,000","316,000,000","207,000,000","306,000,000","158,000,000","319,000,000","262,000,000","242,000,000","111,000,000","238,000,000","142,000,000","205,000,000","177,000,000","207,000,000","148,000,000","261,000,000","-231,000,000","194,000,000","4,000,000","-47,000,000","-147,000,000","-20,000,000","87,000,000","-46,000,000","-45,000,000","-844,000,000","74,000,000","420,000,000","218,000,000","140,000,000","107,000,000","122,000,000","1,000,000","109,000,000","183,000,000","239,000,000","-632,000,000","211,000,000","233,000,000","292,000,000","119,000,000","-401,000,000","255,000,000","331,000,000","-18,000,000","247,000,000","205,000,000","293,000,000","164,000,000","271,000,000","232,000,000","245,000,000","168,000,000","222,000,000","188,000,000","150,000,000","181,000,000","185,000,000","167,000,000","213,000,000","141,000,000","166,000,000","156,000,000","214,000,000","124,000,000","149,000,000","124,000,000","206,000,000","96,000,000","126,000,000","108,000,000","175,000,000",,,,,,,,,,,,,,,,,,,,,,,,,,,,,,,,,,
TotalExpenses,"6,183,000,000","1,829,000,000","1,465,000,000","1,306,000,000","1,598,000,000","1,446,000,000","1,206,000,000","1,170,000,000","1,496,000,000","1,484,000,000","1,195,000,000","1,227,000,000","1,700,000,000","1,579,000,000","1,305,000,000","1,237,000,000","1,590,000,000","1,399,000,000","1,197,000,000","1,208,000,000","1,441,000,000","1,350,000,000","1,201,000,000","1,086,000,000","1,465,000,000","1,264,000,000","1,169,000,000","1,146,000,000","1,714,000,000","1,485,000,000","1,194,000,000","1,233,000,000","2,115,000,000","1,471,000,000","1,129,000,000","1,174,000,000","1,650,000,000","1,459,000,000","1,164,000,000","1,073,000,000","1,555,000,000","1,446,000,000","1,148,000,000","1,157,000,000","1,749,000,000","1,524,000,000","1,124,000,000","1,078,000,000","1,728,000,000","1,486,000,000","1,035,000,000","1,086,000,000","1,900,000,000","1,667,000,000","1,221,000,000","1,217,000,000","1,923,000,000","1,905,000,000","1,088,000,000","1,315,000,000","2,284,000,000","2,067,000,000","1,482,000,000","1,309,000,000","2,078,000,000","1,912,000,000","2,179,000,000","1,167,000,000","1,425,000,000","1,344,000,000","923,000,000","986,000,000","1,632,000,000","1,453,000,000","907,000,000","971,000,000","1,753,000,000","5,034,000,000","1,122,000,000","2,135,000,000","2,233,000,000","-1,994,000,000","3,397,000,000","4,166,000,000","3,795,000,000","3,195,000,000","2,148,000,000","1,394,000,000","1,534,000,000","1,560,000,000","1,217,000,000","1,121,000,000","1,293,000,000","1,181,000,000","1,064,000,000","944,000,000","1,224,000,000","1,212,000,000","860,000,000","869,000,000","1,100,000,000","1,042,000,000","763,000,000","780,000,000","1,061,000,000","945,000,000","720,000,000","713,000,000","913,000,000","818,000,000","641,000,000","688,000,000","967,000,000",,,,,,,,,,,,,,,,,,,,,,,,,,,,,,,,,,
NetIncomeFromContinuingAndDiscontinuedOperation,"1,353,000,000","639,000,000","189,000,000","176,000,000","349,000,000","158,000,000","218,000,000","136,000,000","243,000,000","167,000,000","207,000,000","93,000,000","213,000,000","108,000,000","169,000,000","139,000,000","241,000,000","-3,000,000","172,000,000","92,000,000","199,000,000","77,000,000","186,000,000","124,000,000","164,000,000","106,000,000","148,000,000","67,000,000","202,000,000","96,000,000","94,000,000","83,000,000","204,000,000","102,000,000","126,000,000","80,000,000","144,000,000","67,000,000","148,000,000","100,000,000","67,000,000","41,000,000","139,000,000","100,000,000","135,000,000","25,000,000","145,000,000","82,000,000","88,000,000","5,000,000","75,000,000","77,000,000","72,000,000","64,000,000","81,000,000","49,000,000","106,000,000","-124,000,000","84,000,000","36,000,000","-211,000,000","-29,000,000","-100,000,000","75,000,000","-24,000,000","-3,000,000","-263,000,000","30,000,000","152,000,000","49,000,000","59,000,000","19,000,000","-11,000,000","-1,000,000","-77,000,000","-45,000,000","103,000,000","-992,000,000","23,000,000","-68,000,000","400,000,000","-109,000,000","-569,000,000","53,000,000","109,000,000","-175,000,000","55,000,000","81,000,000","80,000,000","21,000,000","83,000,000","75,000,000","98,000,000","51,000,000","81,000,000","65,000,000","40,000,000","64,000,000","66,000,000","54,000,000","84,000,000","44,000,000","58,000,000","50,000,000","88,000,000","38,000,000","47,000,000","33,000,000","86,000,000","31,000,000","40,000,000","30,000,000","78,000,000","27,000,000","32,000,000","24,000,000","72,000,000","-372,000,000","10,000,000","14,000,000","51,000,000","-115,000,000","29,000,000","31,000,000","-206,000,000","-638,900,000","-3,900,000","184,400,000","248,800,000","74,300,000","68,200,000","63,300,000",,,,,,,,,,,,,,,
NormalizedIncome,"753,653,705.954","126,663,865.546","157,290,502.793","156,251,428.571","348,129,770.992","156,355,329.949","217,173,228.346","134,329,268.293","242,100,000","164,541,463.415","205,337,349.398","90,526,315.789","211,367,816.092","106,269,841.27","167,326,732.673","138,151,515.152","240,142,000","-3,000,000","171,248,908.297","90,671,428.571","197,650,000","75,112,903.226","184,014,234.875","121,950,819.672","161,933,000","104,077,844.311","146,008,968.61","65,692,307.692","200,662,000","94,723,684.211","92,666,666.667","81,677,165.354","202,680,000","102,000,000","124,700,000","79,400,000","142,192,468.619","60,853,211.009","151,619,433.198","98,797,619.048","58,164,000","46,125,000","138,366,515.837","96,360,360.36","131,100,000","38,104,166.667","139,987,124.464","105,547,169.811","83,150,000","5,550,000","80,522,727.273","25,215,189.873","65,966,942.149","64,000,000","77,948,717.949","42,000,000","104,752,941.176","-160,350,000","71,723,076.923","-58,273,809.524","-56,350,000","-97,000,000","-124,719,696.97","55,000,000","-48,400,000","-6,200,000","-293,724,299.065","9,000,000","121,734,513.274","48,200,000","0","-8,600,000","-21,750,000","-113,000,000","-47,600,000","-4,400,000","77,299,145.299","-545,771,587.744","600,000","61,180,952.381","80,857,580.398","-101,800,000","-382,013,793.103","53,000,000","106,404,761.905","-170,689,655.172","52,066,666.667","29,531,250","78,796,992.481","20,400,000","86,074,074.074","66,428,571.429","97,274,074.074","54,138,461.538","84,983,606.557","65,000,000","39,272,727.273","72,648,648.649","65,297,872.34","54,650,602.41","85,253,731.343","44,000,000","58,630,434.783","50,000,000","87,393,103.448","38,000,000","48,200,000","32,400,000","85,385,714.286","25,289,473.684","40,000,000","30,000,000","76,761,904.762","27,000,000","32,000,000","24,000,000","72,000,000","-372,000,000","10,000,000","14,000,000","51,000,000","-115,000,000","29,000,000","31,000,000","-206,000,000","-638,900,000","-21,400,000","184,400,000","248,800,000","74,300,000","68,200,000","63,300,000",,,,,,,,,,,,,,,
InterestIncome,"3,000,000","1,000,000","0","1,000,000","1,000,000","1,000,000","1,000,000","1,000,000","8,000,000","2,000,000","2,000,000","2,000,000","1,000,000","3,000,000","2,000,000","4,000,000","2,000,000","2,000,000","3,000,000","2,000,000","5,000,000","2,000,000","1,000,000","2,000,000","1,000,000","9,000,000","1,000,000","1,000,000","1,000,000","3,000,000","1,000,000","1,000,000",,"0","1,000,000","2,000,000","0","2,000,000","1,000,000","1,000,000","1,000,000","1,000,000","4,000,000","2,000,000","2,000,000","5,000,000","5,000,000","4,000,000","5,000,000","7,000,000","6,000,000","6,000,000","5,000,000",,,,,,,,,,,,,,,,,,,,,,,,,,,,,,,,,,,,,,,,,,,,,,,,,,,,,,,,,,,,,,,,,,,,,,,,,,,,,,,,,,,,,,,,,,,,,,
InterestExpense,"500,000,000","126,000,000","125,000,000","125,000,000","136,000,000","140,000,000","143,000,000","141,000,000","137,000,000","134,000,000","133,000,000","131,000,000","121,000,000","121,000,000","114,000,000","112,000,000","111,000,000","110,000,000","111,000,000","110,000,000","107,000,000","111,000,000","110,000,000","108,000,000","106,000,000","91,000,000","101,000,000","103,000,000","101,000,000","104,000,000","101,000,000","101,000,000","101,000,000","99,000,000","99,000,000","102,000,000","98,000,000","96,000,000","96,000,000","98,000,000","99,000,000","102,000,000","104,000,000","104,000,000","105,000,000","107,000,000","102,000,000","98,000,000","106,000,000","128,000,000","103,000,000","105,000,000","99,000,000",,,,,,,,,,,,,,,,,,,,,,,,,,,,,,,,,,,,,,,,,,,,,,,,,,,,,,,,,,,,,,,,,,,,,,,,,,,,,,,,,,,,,,,,,,,,,,
NetInterestIncome,"-497,000,000","-125,000,000","-125,000,000","-124,000,000","-135,000,000","-139,000,000","-142,000,000","-140,000,000","-129,000,000","-132,000,000","-131,000,000","-129,000,000","-120,000,000","-118,000,000","-112,000,000","-108,000,000","-109,000,000","-108,000,000","-108,000,000","-108,000,000","-102,000,000","-109,000,000","-109,000,000","-106,000,000","-105,000,000","-82,000,000","-100,000,000","-102,000,000","-100,000,000","-101,000,000","-100,000,000","-100,000,000","-101,000,000","-99,000,000","-98,000,000","-100,000,000","-98,000,000","-94,000,000","-95,000,000","-97,000,000","-98,000,000","-101,000,000","-100,000,000","-102,000,000","-103,000,000","-102,000,000","-97,000,000","-94,000,000","-101,000,000","-121,000,000","-97,000,000","-99,000,000","-94,000,000",,,,,,,,,,,,,,,,,,,,,,,,,,,,,,,,,,,,,,,,,,,,,,,,,,,,,,,,,,,,,,,,,,,,,,,,,,,,,,,,,,,,,,,,,,,,,,
EBIT,"1,323,000,000","245,000,000","304,000,000","300,000,000","529,000,000","337,000,000","397,000,000","305,000,000","407,000,000","339,000,000","382,000,000","245,000,000","382,000,000","247,000,000","316,000,000","277,000,000","392,000,000","332,000,000","340,000,000","250,000,000","402,000,000","235,000,000","391,000,000","291,000,000","344,000,000","258,000,000","324,000,000","207,000,000","403,000,000","256,000,000","242,000,000","228,000,000","410,000,000","263,000,000","317,000,000","237,000,000","337,000,000","205,000,000","343,000,000","266,000,000","197,000,000","166,000,000","325,000,000","215,000,000","315,000,000","155,000,000","335,000,000","257,000,000","256,000,000","131,000,000","235,000,000","184,000,000","220,000,000","177,000,000","207,000,000","148,000,000","261,000,000","-231,000,000","194,000,000","4,000,000","-47,000,000","-147,000,000","-20,000,000","87,000,000","-46,000,000","-45,000,000","-844,000,000","74,000,000","420,000,000","218,000,000","140,000,000","107,000,000","122,000,000","1,000,000","109,000,000","183,000,000","239,000,000","-632,000,000","211,000,000","233,000,000","292,000,000","119,000,000","-401,000,000","255,000,000","331,000,000","-18,000,000","247,000,000","205,000,000","293,000,000","164,000,000","271,000,000","232,000,000","245,000,000","168,000,000","222,000,000","188,000,000","150,000,000","181,000,000","185,000,000","167,000,000","213,000,000","141,000,000","166,000,000","156,000,000","214,000,000","124,000,000","149,000,000","124,000,000","206,000,000","96,000,000","126,000,000","108,000,000","175,000,000","936,000,000","758,000,000","742,000,000","1,009,000,000","843,000,000","599,000,000","664,000,000","967,000,000","716,000,000","614,000,000","635,000,000","977,000,000","850,300,000","614,900,000","641,700,000","857,100,000","860,600,000","569,100,000","608,900,000","922,600,000","860,500,000","589,500,000","575,600,000","917,100,000","801,900,000","574,200,000","552,400,000","872,000,000","872,300,000","596,100,000","612,200,000","1,027,900,000","931,700,000","632,500,000"
EBITDA,"2,437,000,000"
ReconciledCostOfRevenue,"4,680,000,000","1,448,000,000","1,134,000,000","977,000,000","1,135,000,000","1,070,000,000","903,000,000","872,000,000","1,066,000,000","1,135,000,000","910,000,000","940,000,000","1,296,000,000","1,254,000,000","1,032,000,000","965,000,000","1,224,000,000","1,095,000,000","942,000,000","945,000,000","1,098,000,000","1,064,000,000","956,000,000","850,000,000","1,140,000,000","1,016,000,000","937,000,000","917,000,000","1,411,000,000","1,239,000,000","984,000,000","1,026,000,000","1,841,000,000","1,246,000,000","930,000,000","987,000,000","1,399,000,000","2,113,000,000","679,000,000","613,000,000","1,019,000,000","881,000,000","694,000,000","696,000,000","1,241,000,000","968,000,000","671,000,000","664,000,000","1,215,000,000","994,000,000","581,000,000","608,000,000","1,387,000,000","2,744,000,000","570,000,000","422,000,000","476,000,000","2,738,000,000","503,000,000","455,000,000","419,000,000","2,573,000,000","563,000,000","481,000,000","531,000,000","57,000,000","446,000,000","330,000,000","63,000,000","-857,000,000","457,000,000","264,000,000","249,000,000","-1,040,000,000","488,000,000","302,000,000","475,000,000","2,441,000,000","385,000,000","906,000,000","710,000,000","-6,016,000,000","2,225,000,000","1,900,000,000","1,770,000,000","-1,230,000,000","1,859,000,000","1,109,000,000","385,000,000","1,167,000,000","963,000,000","874,000,000","1,038,000,000","936,000,000","854,000,000","747,000,000","948,000,000","978,000,000","663,000,000","672,000,000","867,000,000","812,000,000","577,000,000","598,000,000","838,000,000","731,000,000","531,000,000","534,000,000","697,000,000","611,000,000","470,000,000","519,000,000","615,000,000",,,,,,,,,,,,,,,,,,,,,,,,,,,,,,,,,,
ReconciledDepreciation,"1,114,000,000","282,000,000","250,000,000","242,000,000","340,000,000","281,000,000","228,000,000","223,000,000","316,000,000","263,000,000","215,000,000","216,000,000","298,000,000","244,000,000","206,000,000","204,000,000","279,000,000","229,000,000","193,000,000","197,000,000","262,000,000","214,000,000","183,000,000","176,000,000","238,000,000","186,000,000","173,000,000","169,000,000","222,000,000","182,000,000","153,000,000","151,000,000","199,000,000","165,000,000","145,000,000","137,000,000","181,000,000","158,000,000","138,000,000","130,000,000","172,000,000","142,000,000","120,000,000","122,000,000","162,000,000","140,000,000","133,000,000","131,000,000","172,000,000","148,000,000","128,000,000","121,000,000","173,000,000","125,000,000","144,000,000","138,000,000","182,000,000","97,000,000","138,000,000","138,000,000","172,000,000","158,000,000","129,000,000","127,000,000","162,000,000","126,000,000","121,000,000","122,000,000","156,000,000","65,000,000","114,000,000","108,000,000","144,000,000","123,000,000","113,000,000","100,000,000","126,000,000","169,000,000","120,000,000","86,000,000","140,000,000","136,000,000","119,000,000","107,000,000","162,000,000","142,000,000",,,"183,000,000",,,,,,,,,,,,,,,,,,,,,,,,,,,,,,,,,,,,,,,,,,,,,,,,,,,,,,,,,,
NetIncomeFromContinuingOperationNetMinorityInterest,"751,000,000","119,000,000","159,000,000","158,000,000","349,000,000","158,000,000","218,000,000","136,000,000","243,000,000","167,000,000","207,000,000","93,000,000","213,000,000","108,000,000","169,000,000","139,000,000","241,000,000","-3,000,000","172,000,000","92,000,000","199,000,000","77,000,000","186,000,000","124,000,000","164,000,000","106,000,000","148,000,000","67,000,000","202,000,000","96,000,000","94,000,000","83,000,000","204,000,000","102,000,000","126,000,000","80,000,000","144,000,000","67,000,000","148,000,000","100,000,000","60,000,000","41,000,000","139,000,000","100,000,000","133,000,000","31,000,000","145,000,000","98,000,000","89,000,000","14,000,000","75,000,000","48,000,000","72,000,000","64,000,000","80,000,000","50,000,000","106,000,000","-122,000,000","84,000,000","-55,000,000","-31,000,000","-31,000,000","-101,000,000","73,000,000","-25,000,000","-17,000,000","-263,000,000","30,000,000","152,000,000","59,000,000","51,000,000","19,000,000","-9,000,000","-80,000,000","-34,000,000","-5,000,000","76,000,000","-584,000,000","6,000,000","73,000,000","400,000,000","-109,000,000","-384,000,000","53,000,000","109,000,000","-175,000,000","55,000,000","81,000,000","80,000,000","21,000,000","83,000,000","75,000,000","98,000,000","51,000,000","81,000,000","65,000,000","40,000,000","64,000,000","66,000,000","54,000,000","84,000,000","44,000,000","58,000,000","50,000,000","88,000,000","38,000,000","47,000,000","33,000,000","86,000,000","31,000,000","40,000,000","30,000,000","78,000,000","27,000,000","32,000,000","24,000,000","72,000,000","-372,000,000","10,000,000","14,000,000","51,000,000","-115,000,000","29,000,000","31,000,000","-206,000,000","-638,900,000","-21,400,000","184,400,000","248,800,000","74,300,000","68,200,000","63,300,000",,,,,,,,,,,,,,,
TotalUnusualItemsExcludingGoodwill,"-3,000,000","-8,000,000","2,000,000","2,000,000","1,000,000","2,000,000","1,000,000","2,000,000","1,000,000","3,000,000","2,000,000","3,000,000","2,000,000","2,000,000","2,000,000","1,000,000","1,000,000","0","1,000,000","2,000,000","2,000,000","3,000,000","3,000,000","3,000,000","3,000,000","3,000,000","3,000,000","2,000,000","2,000,000","2,000,000","2,000,000","2,000,000","2,000,000","0","2,000,000","1,000,000","3,000,000","10,000,000","-6,000,000","2,000,000","3,000,000","-8,000,000","1,000,000","4,000,000","3,000,000","-11,000,000","8,000,000","-12,000,000","9,000,000","13,000,000","-9,000,000","36,000,000","10,000,000","0","3,000,000","12,000,000","2,000,000","59,000,000","19,000,000","5,000,000","39,000,000","110,000,000","31,000,000","30,000,000","39,000,000","-18,000,000","50,000,000","35,000,000","45,000,000","18,000,000","69,000,000","46,000,000","17,000,000","33,000,000","20,000,000","-1,000,000","-2,000,000","-47,000,000","9,000,000","17,000,000","521,000,000","-12,000,000","-3,000,000",,"4,000,000","-5,000,000","4,000,000","61,000,000","2,000,000","1,000,000","-4,000,000","12,000,000","1,000,000","-4,000,000","-6,000,000",,"1,000,000","-10,000,000","1,000,000","-1,000,000","-2,000,000",,"-1,000,000",,"1,000,000",,"-2,000,000","1,000,000","1,000,000","7,000,000",,,"2,000,000",,,,,,,,,,,,,,,,,,,,,,,,,,,,,,,,,,
TotalUnusualItems,"-3,000,000","-8,000,000","2,000,000","2,000,000","1,000,000","2,000,000","1,000,000","2,000,000","1,000,000","3,000,000","2,000,000","3,000,000","2,000,000","2,000,000","2,000,000","1,000,000","1,000,000","0","1,000,000","2,000,000","2,000,000","3,000,000","3,000,000","3,000,000","3,000,000","3,000,000","3,000,000","2,000,000","2,000,000","2,000,000","2,000,000","2,000,000","2,000,000","0","2,000,000","1,000,000","3,000,000","10,000,000","-6,000,000","2,000,000","3,000,000","-8,000,000","1,000,000","4,000,000","3,000,000","-11,000,000","8,000,000","-12,000,000","9,000,000","13,000,000","-9,000,000","36,000,000","10,000,000","0","3,000,000","12,000,000","2,000,000","59,000,000","19,000,000","5,000,000","39,000,000","110,000,000","31,000,000","30,000,000","39,000,000","-18,000,000","50,000,000","35,000,000","45,000,000","18,000,000","69,000,000","46,000,000","17,000,000","33,000,000","20,000,000","-1,000,000","-2,000,000","-47,000,000","9,000,000","17,000,000","521,000,000","-12,000,000","-3,000,000",,"4,000,000","-5,000,000","4,000,000","61,000,000","2,000,000","1,000,000","-4,000,000","12,000,000","1,000,000","-4,000,000","-6,000,000",,"1,000,000","-10,000,000","1,000,000","-1,000,000","-2,000,000",,"-1,000,000",,"1,000,000",,"-2,000,000","1,000,000","1,000,000","7,000,000",,,"2,000,000",,,,,,,,,,,,,,,,,,,,,,,,,,,,,,,,,,
NormalizedEBITDA,"2,440,000,000","535,000,000","552,000,000","542,000,000","868,000,000","616,000,000","624,000,000","526,000,000","722,000,000","599,000,000","595,000,000","458,000,000","678,000,000","489,000,000","520,000,000","480,000,000","670,000,000","561,000,000","532,000,000","445,000,000","662,000,000","446,000,000","571,000,000","464,000,000","579,000,000","441,000,000","494,000,000","374,000,000","623,000,000","436,000,000","393,000,000","377,000,000","607,000,000","428,000,000","460,000,000","373,000,000","515,000,000","353,000,000","487,000,000","394,000,000","366,000,000","316,000,000","444,000,000","333,000,000","474,000,000","306,000,000","460,000,000","400,000,000","419,000,000","266,000,000","372,000,000","269,000,000","383,000,000","330,000,000","348,000,000","274,000,000","441,000,000","-152,000,000","313,000,000","137,000,000","86,000,000","-99,000,000","78,000,000","184,000,000","77,000,000","99,000,000","-773,000,000","161,000,000","531,000,000","265,000,000","185,000,000","169,000,000","249,000,000","96,000,000","202,000,000","284,000,000","367,000,000","-416,000,000","322,000,000","311,000,000","-89,000,000","273,000,000","-273,000,000","371,000,000","489,000,000","154,000,000","395,000,000","286,000,000","474,000,000","328,000,000","426,000,000","375,000,000","403,000,000","331,000,000","340,000,000","298,000,000","303,000,000","328,000,000","308,000,000","289,000,000","354,000,000","268,000,000","277,000,000","342,000,000","346,000,000","249,000,000","262,000,000","232,000,000","337,000,000","269,000,000","211,000,000","187,000,000","281,000,000","936,000,000","758,000,000","742,000,000","1,009,000,000","843,000,000","599,000,000","664,000,000","967,000,000","716,000,000","614,000,000","635,000,000","977,000,000","850,300,000","614,900,000","641,700,000","857,100,000","860,600,000","569,100,000","608,900,000","922,600,000","860,500,000","589,500,000","575,600,000","917,100,000","801,900,000","574,200,000","552,400,000","872,000,000","872,300,000","596,100,000","612,200,000","1,027,900,000","931,700,000","632,500,000"
TaxRateForCalcs,"0.115","0.042","0.145","0.126","0.13","0.178","0.173","0.165","0.1","0.18","0.169","0.175","0.184","0.135","0.163","0.152","0.142","0.4","0.249","0.336","0.325","0.371","0.338","0.317","0.311","0.359","0.336","0.346","0.331","0.362","0.333","0.339","0.34","0.378","0.35","0.4","0.397","0.385","0.397","0.399","0.388","0.359","0.367","0.09","0.367","0.354","0.373","0.371","0.35","0.35","0.386","0.367","0.397","0.2","0.316","0.333","0.376","0.35","0.354","0.345","0.35","0.4","0.235","0.4","0.4","0.4","0.386","0.4","0.327","0.4","0.261","0.4","0.25","0","0.32","0.4","0.35","0.187","0.4","0.305","0.387","0.4","0.338","0.369","0.351","0.138","0.267","0.156","0.398","0.4","0.231","0.286","0.274","0.215","0.336","0.286","0.273","0.135","0.298","0.349","0.373","0.241","0.37","0.4","0.393","0.333","0.4","0.4","0.386","0.184","0.4","0.4","0.381","0.4","0.4","0.4","0.4","0.4","0.4","0.4","0.4","0.4","0.4","0.4","0.4","0.4","0.4","0.4","0.4","0.4","0.4","0.4",,,,,,,,,,,,,,,
TaxEffectOfUnusualItems,"-346,294.046","-336,134.454","290,502.793","251,428.571","129,770.992","355,329.949","173,228.346","329,268.293","100,000","541,463.415","337,349.398","526,315.789","367,816.092","269,841.27","326,732.673","151,515.152","142,000","0","248,908.297","671,428.571","650,000","1,112,903.226","1,014,234.875","950,819.672","933,000","1,077,844.311","1,008,968.61","692,307.692","662,000","723,684.211","666,666.667","677,165.354","680,000","0","700,000","400,000","1,192,468.619","3,853,211.009","-2,380,566.802","797,619.048","1,164,000","-2,875,000","366,515.837","360,360.36","1,100,000","-3,895,833.333","2,987,124.464","-4,452,830.189","3,150,000","4,550,000","-3,477,272.727","13,215,189.873","3,966,942.149","0","948,717.949","4,000,000","752,941.176","20,650,000","6,723,076.923","1,726,190.476","13,650,000","44,000,000","7,280,303.03","12,000,000","15,600,000","-7,200,000","19,275,700.935","14,000,000","14,734,513.274","7,200,000","18,000,000","18,400,000","4,250,000","0","6,400,000","-400,000","-700,854.701","-8,771,587.744","3,600,000","5,180,952.381","201,857,580.398","-4,800,000","-1,013,793.103","0","1,404,761.905","-689,655.172","1,066,666.667","9,531,250","796,992.481","400,000","-925,925.926","3,428,571.429","274,074.074","-861,538.462","-2,016,393.443","0","272,727.273","-1,351,351.351","297,872.34","-349,397.59","-746,268.657","0","-369,565.217","0","393,103.448","0","-800,000","400,000","385,714.286","1,289,473.684","0","0","761,904.762","0","0","0","0","0","0","0","0","0","0","0","0","0","0","0","0","0","0","0",,,,,,,,,,,,,,,