name,ttm,12/31/2021,09/30/2021,06/30/2021,03/31/2021,12/31/2020,09/30/2020,06/30/2020,03/31/2020,12/31/2019,09/30/2019,06/30/2019,03/31/2019,12/31/2018,09/30/2018,06/30/2018,03/31/2018,12/31/2017,09/30/2017,06/30/2017,03/31/2017,12/31/2016,09/30/2016,06/30/2016,03/31/2016,12/31/2015,09/30/2015,06/30/2015,03/31/2015,12/31/2014,09/30/2014,06/30/2014,03/31/2014,12/31/2013,09/30/2013,06/30/2013,03/31/2013,12/31/2012,09/30/2012,06/30/2012,03/31/2012,12/31/2011,09/30/2011,06/30/2011,03/31/2011,12/31/2010,09/30/2010,06/30/2010,03/31/2010,12/31/2009,09/30/2009,06/30/2009,03/31/2009,12/31/2008,09/30/2008,06/30/2008,03/31/2008,12/31/2007,09/30/2007,06/30/2007,03/31/2007,12/31/2006,09/30/2006,06/30/2006,03/31/2006,12/31/2005,09/30/2005,06/30/2005,03/31/2005,12/31/2004,09/30/2004,06/30/2004,03/31/2004,12/31/2003,09/30/2003,06/30/2003,03/31/2003,12/31/2002,09/30/2002,06/30/2002,03/31/2002
TotalRevenue,"125,982,000,000","32,568,000,000","32,406,000,000","31,025,000,000","29,983,000,000","28,288,000,000","29,090,000,000","27,712,000,000","26,025,000,000","18,863,000,000","18,976,000,000","18,356,000,000","18,444,000,000","16,559,000,000","16,182,000,000","14,181,000,000","13,194,000,000","12,806,000,000","11,898,000,000","11,954,000,000","11,724,000,000","11,911,000,000","10,846,000,000","10,897,000,000","6,953,000,000","6,302,000,000","5,821,000,000","5,506,000,000","5,131,000,000","4,724,551,000","4,351,861,000","4,023,700,000","3,459,888,000","2,687,840,000","2,803,652,000","2,725,945,000","2,645,892,000","2,396,597,000","2,448,121,000","2,110,746,000","1,712,148,000","1,507,176,000","1,302,035,000","1,315,014,000","1,216,357,000","1,180,969,000","1,121,861,000","1,076,772,000","1,068,721,000","1,092,726,000","1,038,234,000","1,039,469,000","932,435,000","790,672,000","897,137,000","860,067,000","816,639,000","770,770,000","749,949,000","727,738,000","670,835,000","697,400,000","631,249,000","495,293,000","455,078,000","423,218,000","400,642,000","349,628,000","332,376,000","288,064,000","253,743,000","233,608,000","225,525,000","207,657,000","198,407,000","186,232,000","177,434,000","141,726,000","116,398,000","107,610,000","95,753,000"
	OperatingRevenue,"117,983,000,000","30,493,000,000","30,514,000,000","28,862,000,000","28,114,000,000","26,445,000,000","27,459,000,000","25,724,000,000","24,172,000,000","18,012,000,000","18,215,000,000","17,299,000,000","16,838,000,000","15,649,000,000","15,355,000,000","12,875,000,000","12,556,000,000","11,593,000,000","11,421,000,000","11,441,000,000","11,165,000,000","10,677,000,000","10,215,000,000","10,276,000,000","6,411,000,000","5,857,000,000","5,463,000,000","5,184,000,000","4,761,000,000","4,414,763,000","4,159,089,000","3,741,087,000","3,352,061,000","2,615,332,000","2,734,148,000","2,634,317,000","2,542,243,000","1,967,932,000","2,448,121,000","2,110,746,000","1,712,148,000","1,347,601,000","1,302,035,000","1,315,014,000","1,216,357,000","1,016,479,000","1,121,861,000","1,076,772,000","1,115,220,000","1,092,726,000","1,038,234,000","1,039,469,000","932,435,000","790,672,000","897,137,000","860,067,000","816,639,000","770,770,000","749,949,000","727,738,000","670,835,000","685,344,000","635,874,000","499,184,000","458,618,000","415,757,000","403,460,000","352,151,000","334,496,000","283,535,000","255,426,000","234,944,000","227,035,000","209,341,000","199,652,000","187,489,000","178,408,000","142,642,000","109,000","108,586,000","96,668,000"
	ExciseTaxes,"-7,999,000,000","-2,075,000,000","-1,892,000,000","-2,163,000,000","-1,869,000,000","-1,843,000,000","-1,631,000,000","-1,988,000,000","-1,853,000,000","-851,000,000","-761,000,000","-1,057,000,000","-1,606,000,000","-910,000,000","-827,000,000","-1,306,000,000","-638,000,000","-1,213,000,000","-477,000,000","-513,000,000","-559,000,000","-1,234,000,000","-631,000,000","-621,000,000","-542,000,000","-445,000,000","-358,000,000","-322,000,000","-370,000,000","-309,788,000","-192,772,000","-282,613,000","-107,827,000","-72,508,000","-69,504,000","-91,628,000","-103,649,000","-95,181,000",,,,,,,,,,,"46,499,000",,,,,,,,,,,,,,,,,,,,,,,,,,,,,,,,
CostOfRevenue,"111,783,000,000","28,934,000,000","28,750,000,000","27,732,000,000","26,367,000,000","24,984,000,000","25,182,000,000","22,863,000,000","22,870,000,000","16,789,000,000","16,847,000,000","16,075,000,000","16,085,000,000","14,376,000,000","13,964,000,000","12,227,000,000","11,128,000,000","11,326,000,000","10,490,000,000","10,412,000,000","10,353,000,000","10,145,000,000","9,392,000,000","9,398,000,000","6,128,000,000","5,511,000,000","5,120,000,000","4,839,000,000","4,544,000,000","4,136,261,000","3,878,066,000","3,578,658,000","3,063,015,000","2,362,851,000","2,467,813,000","2,428,671,000","2,395,440,000","2,525,119,000","2,058,743,000","1,912,221,000","1,466,013,000","1,320,743,000","1,048,815,000","1,056,052,000","977,250,000","823,599,000","949,518,000","901,593,000","903,603,000","879,840,000","818,905,000","878,813,000","779,244,000","555,969,000","741,642,000","697,026,000","657,795,000","637,622,000","605,750,000","591,532,000","551,036,000","1,835,268,000","15,373,000","14,317,000","15,588,000","1,229,187,000","2,002,000","728,000","843,000","802,392,000","2,111,000","2,022,000","2,016,000","2,054,000","2,681,000","2,613,000","975,000",,,,
GrossProfit,"14,199,000,000","3,634,000,000","3,656,000,000","3,293,000,000","3,616,000,000","3,304,000,000","3,908,000,000","4,849,000,000","3,155,000,000","2,074,000,000","2,129,000,000","2,281,000,000","2,359,000,000","2,183,000,000","2,218,000,000","1,954,000,000","2,066,000,000","1,480,000,000","1,408,000,000","1,542,000,000","1,371,000,000","1,766,000,000","1,454,000,000","1,499,000,000","825,000,000","791,000,000","701,000,000","667,000,000","587,000,000","588,290,000","473,795,000","445,042,000","396,873,000","324,989,000","335,839,000","297,274,000","250,452,000","-128,522,000","389,378,000","198,525,000","246,135,000","186,433,000","253,220,000","258,962,000","239,107,000","357,370,000","172,343,000","175,179,000","165,118,000","212,886,000","219,329,000","160,656,000","153,191,000","234,703,000","155,495,000","163,041,000","158,844,000","133,148,000","144,199,000","136,206,000","119,799,000","-1,137,868,000","615,876,000","480,976,000","439,490,000","-805,969,000","398,640,000","348,900,000","331,533,000","-514,328,000","251,632,000","231,586,000","223,509,000","205,603,000","195,726,000","183,619,000","176,459,000",,,,
OperatingExpense,"10,936,000,000","3,031,000,000","2,882,000,000","2,461,000,000","2,562,000,000","3,289,000,000","3,047,000,000","2,831,000,000","2,895,000,000","1,797,000,000","1,682,000,000","1,638,000,000","1,674,000,000","1,795,000,000","2,177,000,000","1,465,000,000","1,526,000,000","1,299,000,000","1,068,000,000","1,104,000,000","1,131,000,000","1,245,000,000","1,112,000,000","1,122,000,000","805,000,000","571,000,000","518,000,000","494,000,000","458,000,000","394,928,000","365,863,000","352,370,000","326,839,000","236,933,000","253,608,000","230,248,000","210,348,000","-141,590,000","417,019,000","217,238,000","211,937,000","139,056,000","204,673,000","203,659,000","200,010,000","311,869,000","132,095,000","133,470,000","135,507,000","175,108,000","181,319,000","129,221,000","122,279,000","200,590,000","122,627,000","135,391,000","121,914,000","136,130,000","121,139,000","119,342,000","102,648,000","-1,069,523,000","595,341,000","474,670,000","426,894,000","-826,382,000","383,500,000","326,580,000","310,215,000","-531,772,000","235,161,000","215,649,000","208,825,000","191,799,000","183,086,000","173,283,000","166,312,000","132,128,000","108,370,000","99,892,000","89,491,000"
	SellingGeneralAndAdministration,"10,166,000,000","2,842,000,000","2,684,000,000","2,273,000,000","2,367,000,000","3,097,000,000","2,883,000,000","2,634,000,000","2,729,000,000","1,733,000,000","1,617,000,000","1,574,000,000","1,609,000,000","1,733,000,000","2,112,000,000","1,420,000,000","1,487,000,000","1,260,000,000","1,030,000,000","1,065,000,000","1,091,000,000","1,193,000,000","1,069,000,000","1,079,000,000","796,000,000","571,000,000","518,000,000","494,000,000","458,000,000","394,928,000","365,863,000","352,370,000","326,839,000","236,933,000","253,608,000","230,248,000","210,348,000","192,282,000","181,073,000","168,062,000","163,187,000","90,330,000","167,668,000","166,425,000","162,581,000","146,751,000","132,095,000","133,470,000","135,507,000","133,005,000","130,024,000","129,221,000","122,279,000","109,624,000","122,627,000","113,199,000","99,283,000","49,086,000","121,139,000","122,596,000","106,866,000","112,630,000","93,991,000","74,441,000","65,222,000","54,639,000","52,450,000","44,365,000","42,459,000","38,948,000","32,187,000","28,351,000","28,377,000","25,590,000","22,414,000","20,879,000","19,405,000","15,357,000","12,726,000","11,783,000","10,547,000"
		GeneralAndAdministrativeExpense,"10,166,000,000","2,842,000,000","2,684,000,000","2,273,000,000","2,367,000,000","3,097,000,000","2,883,000,000","2,634,000,000","2,729,000,000","1,733,000,000","1,617,000,000","1,574,000,000","1,609,000,000","1,733,000,000","2,112,000,000","1,420,000,000","1,487,000,000","1,260,000,000","1,030,000,000","1,065,000,000","1,091,000,000","1,193,000,000","1,069,000,000","1,079,000,000","796,000,000","571,000,000","518,000,000","494,000,000","458,000,000","394,928,000","365,863,000","352,370,000","326,839,000","236,933,000","253,608,000","230,248,000","210,348,000","192,282,000",,,,,,,,,,,,,,,,,,,,,,,,,"93,991,000",,"65,222,000",,"52,450,000","44,365,000","42,459,000",,"32,187,000","28,351,000","28,377,000","25,590,000","22,414,000",,,,,,
			SalariesAndWages,,,,,,,,,,,,,,,,,,,,,,,,,,,,,,,,,,,,,,,,,,,,,,,,,,,,,,,,,,,,,,,"93,991,000",,"65,222,000",,"52,450,000","44,365,000","42,459,000",,"32,187,000","28,351,000","28,377,000","25,590,000","22,414,000",,,,,,
			InsuranceAndClaims,"0","0","0","0","0","376,000,000","376,000,000","379,000,000","345,000,000","0","0","0","0","177,000,000","178,000,000","183,000,000","171,000,000","0","0","0","0","128,000,000","129,000,000","130,000,000","74,000,000","54,000,000","54,000,000","52,000,000","55,000,000","31,360,000","31,985,000","31,328,000","31,327,000",,,,,,,,,,,,,,,,,,,,,,,,,,,,,,,,,,,,,,,,,,,,,,,,
			OtherGandA,"10,166,000,000","2,842,000,000","2,684,000,000","2,273,000,000","2,367,000,000","2,721,000,000","2,507,000,000","2,255,000,000","2,384,000,000","1,733,000,000","1,617,000,000","1,574,000,000","1,609,000,000","1,556,000,000","1,934,000,000","1,237,000,000","1,316,000,000","1,260,000,000","1,030,000,000","1,065,000,000","1,091,000,000","1,065,000,000","940,000,000","949,000,000","722,000,000","517,000,000","464,000,000","442,000,000","403,000,000","363,568,000","333,878,000","321,042,000","295,512,000","236,933,000","253,608,000","230,248,000","210,348,000","192,282,000",,,,,,,,,,,,,,,,,,,,,,,,,,,,,,,,,,,,,,,,,,,
	DepreciationAmortizationDepletionIncomeStatement,"770,000,000","189,000,000","198,000,000","188,000,000","195,000,000","192,000,000","164,000,000","197,000,000","166,000,000","64,000,000","65,000,000","64,000,000","65,000,000","62,000,000","65,000,000","45,000,000","39,000,000","39,000,000","38,000,000","39,000,000","40,000,000","52,000,000","43,000,000","43,000,000","9,000,000",,,,,,,,,,,,,,,,,,,,,,,,,,,,,,,,,,,,,,,,"4,520,000",,,,"2,782,000",,,,"2,271,000","2,149,000",,,"1,379,000","1,031,000",,,"476,000"
		DepreciationAndAmortizationInIncomeStatement,"770,000,000","189,000,000","198,000,000","188,000,000","195,000,000","192,000,000","164,000,000","197,000,000","166,000,000","64,000,000","65,000,000","64,000,000","65,000,000","62,000,000","65,000,000","45,000,000","39,000,000","39,000,000","38,000,000","39,000,000","40,000,000","52,000,000","43,000,000","43,000,000","9,000,000",,,,,,,,,,,,,,,,,,,,,,,,,,,,,,,,,,,,,,,,,,,,,,,,,,,,,,,,
			Amortization,"770,000,000","189,000,000","198,000,000","188,000,000","195,000,000","192,000,000","164,000,000","197,000,000","166,000,000","64,000,000","65,000,000","64,000,000","65,000,000","62,000,000","65,000,000","45,000,000","39,000,000","39,000,000","38,000,000","39,000,000","40,000,000","52,000,000","43,000,000","43,000,000","9,000,000",,,,,,,,,,,,,,,,,,,,,,,,,,,,,,,,,,,,,,,,,,,,,,,,,,,,,,,,
				AmortizationOfIntangiblesIncomeStatement,"770,000,000","189,000,000","198,000,000","188,000,000","195,000,000","192,000,000","164,000,000","197,000,000","166,000,000","64,000,000","65,000,000","64,000,000","65,000,000","62,000,000","65,000,000","45,000,000","39,000,000","39,000,000","38,000,000","39,000,000","40,000,000","52,000,000","43,000,000","43,000,000","9,000,000",,,,,,,,,,,,,,,,,,,,,,,,,,,,,,,,,,,,,,,,,,,,,,,,,,,,,,,,
	OtherTaxes,,,,,,,,,,,,,,,,,,,,,,,,,,,,,,,,,,,,,,,"235,946,000","49,176,000","48,750,000","48,726,000","37,005,000","37,234,000","37,429,000",,,,,,,,,,,,,,,,,,"-610,714,000","-488,987,000","-442,482,000",,"-385,502,000","-327,308,000","-311,058,000",,"-237,272,000","-217,671,000","-210,841,000","-193,853,000","-185,767,000","-175,896,000","-167,287,000","-132,128,000",,"-99,892,000","-89,491,000"
	OtherOperatingExpenses,,,,,,,,,,,,,,,,,,,,,,,,,,,,,,,,,,,,,,,,,,,,,,,,,,"42,103,000","51,295,000",,,,"24,057,000","22,192,000","22,631,000","87,044,000",,"-3,254,000","-4,218,000","-2,709,050,000","1,112,064,000","889,216,000","799,634,000",,"716,552,000","609,523,000","576,032,000",,"440,246,000","404,969,000","389,018,000","357,913,000","346,439,000","328,300,000","312,815,000","247,868,000","95,644,000","188,001,000","167,959,000"
OperatingIncome,"3,263,000,000","603,000,000","774,000,000","832,000,000","1,054,000,000","15,000,000","861,000,000","2,018,000,000","260,000,000","277,000,000","447,000,000","643,000,000","685,000,000","388,000,000","41,000,000","489,000,000","540,000,000","181,000,000","340,000,000","438,000,000","240,000,000","521,000,000","342,000,000","377,000,000","20,000,000","220,000,000","183,000,000","173,000,000","129,000,000","193,362,000","107,932,000","92,672,000","70,034,000","88,056,000","82,231,000","67,026,000","40,104,000","13,068,000","-27,641,000","-18,713,000","34,198,000","47,377,000","48,547,000","55,303,000","39,097,000","45,501,000","40,248,000","41,709,000","29,611,000","37,778,000","38,010,000","31,435,000","30,912,000","34,113,000","32,868,000","27,650,000","36,930,000","-2,982,000","23,060,000","16,864,000","17,151,000","-68,345,000","20,535,000","6,306,000","12,596,000","20,413,000","15,140,000","22,320,000","21,318,000","17,444,000","16,471,000","15,937,000","14,684,000","13,804,000","12,640,000","10,336,000","10,147,000","-369,870,000","8,028,000","7,718,000","6,262,000"
NetNonOperatingInterestIncomeExpense,"-665,000,000","-162,000,000","-170,000,000","-163,000,000","-170,000,000","-177,000,000","-184,000,000","-187,000,000","-180,000,000","-113,000,000","-99,000,000","-101,000,000","-99,000,000","-98,000,000","-97,000,000","-80,000,000","-68,000,000","-66,000,000","-65,000,000","-62,000,000","-62,000,000","-75,000,000","-57,000,000","-52,000,000","-33,000,000","-11,000,000","-11,000,000","-11,000,000","-10,000,000","-10,091,000","-9,282,000","-8,604,000","-7,023,000","-6,696,000","-6,603,000","-7,033,000","-6,625,000","-6,067,000","-4,855,000","-694,000","-4,799,000","-4,797,000","-4,572,000","-5,256,000","-1,946,000","-5,452,000","-4,858,000","-3,869,000","-3,813,000","-4,108,000","-4,064,000","-4,160,000","-3,986,000","-4,237,000","-4,377,000","-4,065,000","-3,994,000","-4,110,000","-4,171,000","-4,213,000","-3,132,000",,,,,,,,,,,,,,,,,,,,
	InterestIncomeNonOperating,,,,,,,,,,,,,,,,,,,,,,,,,,,,,,,,,,,,,,,,"4,045,000",,,,,"3,749,000",,,,,,,,,,,,,,,,,,,,,,,,,,,,,,,,,,,,
	InterestExpenseNonOperating,"665,000,000","162,000,000","170,000,000","163,000,000","170,000,000","177,000,000","184,000,000","187,000,000","180,000,000","113,000,000","99,000,000","101,000,000","99,000,000","98,000,000","97,000,000","80,000,000","68,000,000","66,000,000","65,000,000","62,000,000","62,000,000","75,000,000","57,000,000","52,000,000","33,000,000","11,000,000","11,000,000","11,000,000","10,000,000","10,091,000","9,282,000","8,604,000","7,023,000","6,696,000","6,603,000","7,033,000","6,625,000","6,067,000","4,855,000","4,739,000","4,799,000","4,797,000","4,572,000","5,256,000","5,695,000","5,452,000","4,858,000","3,869,000","3,813,000","4,108,000","4,064,000","4,160,000","3,986,000","4,237,000","4,377,000","4,065,000","3,994,000","4,110,000","4,171,000","4,213,000","3,132,000",,,,,,,,,,,,,,,,,,,,
OtherIncomeExpense,"-785,000,000","253,000,000","116,000,000","-1,211,000,000","57,000,000","88,000,000","95,000,000","113,000,000","51,000,000","96,000,000","-173,000,000","120,000,000","99,000,000","67,000,000","80,000,000","65,000,000","41,000,000","53,000,000","51,000,000","45,000,000","41,000,000","34,000,000","33,000,000","32,000,000","15,000,000","8,000,000","8,000,000","10,000,000","9,000,000","10,348,000","5,676,000","7,252,000","4,724,000","4,754,000","4,946,000","4,286,000","4,471,000","3,377,000","23,244,000","-28,033,000","5,291,000","3,990,000","2,697,000","-5,555,000",,"3,293,000","713,000","4,142,000","7,057,000","3,910,000","3,750,000","4,418,000","3,613,000","6,194,000","2,165,000","5,600,000","7,769,000","8,368,000","6,352,000","5,948,000","4,501,000","92,927,000","-82,466,000","3,891,000","3,540,000","3,194,000","2,818,000","2,523,000","2,120,000","1,902,000","1,683,000","1,336,000","1,510,000","1,684,000","1,245,000","1,257,000","974,000","916,000","6,768,000","976,000","915,000"
	GainOnSaleOfSecurity,"819,000,000","253,000,000","424,000,000","39,000,000","103,000,000","105,000,000","95,000,000","113,000,000","167,000,000","126,000,000","98,000,000","120,000,000","99,000,000","67,000,000","80,000,000","65,000,000","41,000,000","53,000,000","51,000,000","45,000,000","41,000,000","34,000,000","33,000,000","32,000,000","15,000,000","0","8,000,000","10,000,000","9,000,000","10,348,000","5,676,000","7,252,000","4,724,000","4,754,000","4,946,000","4,286,000","4,471,000","3,377,000","23,244,000",,"5,291,000","3,990,000","2,697,000","2,933,000",,,,,,,,,,,,,,,,,,,,,,,,,,,,,,,,,,,,,
	SpecialIncomeCharges,"-1,604,000,000","0","-308,000,000","-1,250,000,000","-46,000,000","-17,000,000","0","0","-116,000,000","-30,000,000","-271,000,000",,,,,,,,,,,,,,,,,,,,,,,"0","0","0",,"0","0","-28,033,000",,"0","0","-8,488,000",,,"713,000","4,142,000","7,057,000","3,910,000","3,750,000","4,418,000","3,613,000","6,194,000","2,165,000","5,600,000","7,769,000","8,368,000","6,352,000","5,948,000","4,501,000","92,927,000","-82,466,000","3,891,000","3,540,000","3,194,000","2,818,000","2,523,000","2,120,000","1,902,000","1,683,000","1,336,000","1,510,000","1,684,000","1,245,000","1,257,000","974,000","916,000","6,768,000","976,000","915,000"
		ImpairmentOfCapitalAssets,"229,000,000","0","229,000,000","0","0","0","0","0","72,000,000","0","271,000,000",,,,,,,,,,,,,,,,,,,,,,,"0","0","0",,"0","0","28,033,000",,,,,,,,,,,,,,,,,,,,,,,,,,,,,,,,,,,,,,,,,
		WriteOff,"229,000,000",,,,,,,"0",,,,,,,,,,,,,,,,,,,,,,,,,,,,,,,,,,,,,,,,,,,,,,,,,,,,,,,,,,,,,,,,,,,,,,,,,
		OtherSpecialCharges,"1,375,000,000","0","79,000,000","1,250,000,000","46,000,000","17,000,000",,,"44,000,000","30,000,000",,,,,,,,,,,,,,,,,,,,,,,,,,,,,,,,"0",,"8,488,000",,,,,,,,,,,,,,,,,,,,,,,,,,,,,,,,,,,,,
PretaxIncome,"1,813,000,000","694,000,000","720,000,000","-542,000,000","941,000,000","-74,000,000","772,000,000","1,944,000,000","131,000,000","260,000,000","175,000,000","662,000,000","685,000,000","357,000,000","24,000,000","474,000,000","513,000,000","168,000,000","326,000,000","421,000,000","219,000,000","480,000,000","318,000,000","357,000,000","2,000,000","217,000,000","180,000,000","172,000,000","128,000,000","193,619,000","104,326,000","91,320,000","67,735,000","86,114,000","80,574,000","64,279,000","37,950,000","10,378,000","-9,252,000","-47,440,000","34,690,000","46,570,000","46,672,000","44,492,000","37,151,000","43,342,000","36,103,000","41,982,000","32,855,000","37,580,000","37,696,000","31,693,000","30,539,000","36,070,000","30,656,000","29,185,000","40,705,000","1,276,000","25,241,000","18,599,000","18,520,000","21,482,000","-65,013,000","7,741,000","14,138,000","22,003,000","16,768,000","24,209,000","22,876,000","18,983,000","18,028,000","17,172,000","16,104,000","15,396,000","13,814,000","11,589,000","11,094,000","10,496,000","14,780,000","8,683,000","7,177,000"
TaxProvision,"477,000,000","101,000,000","139,000,000","-7,000,000","244,000,000","-55,000,000","207,000,000","742,000,000","85,000,000","58,000,000","79,000,000","170,000,000","166,000,000","116,000,000","8,000,000","175,000,000","175,000,000","-55,000,000","125,000,000","169,000,000","87,000,000","223,000,000","171,000,000","188,000,000","17,000,000","105,000,000","87,000,000","84,000,000","63,000,000","89,875,000","26,696,000","44,874,000","34,555,000","35,113,000","31,660,000","25,268,000","15,039,000","5,739,000","-9,547,000","-8,608,000","12,087,000","17,306,000","18,459,000","16,429,000","14,328,000","16,958,000","13,163,000","17,254,000","12,525,000","13,781,000","12,426,000","11,789,000","10,845,000","13,726,000","12,395,000","11,146,000","15,168,000","31,936,000","9,305,000","817,000","-19,691,000","7,649,000","6,180,000","2,776,000","5,372,000","8,137,000","4,662,000","8,960,000","8,465,000","6,973,000","6,677,000","6,359,000","5,966,000","5,699,000","5,110,000","4,462,000","4,233,000","3,798,000","5,507,000","3,449,000","2,877,000"
NetIncomeCommonStockholders,"1,347,000,000","599,000,000","584,000,000","-535,000,000","699,000,000","-12,000,000","568,000,000","1,206,000,000","46,000,000","209,000,000","95,000,000","495,000,000","522,000,000","241,000,000","19,000,000","300,000,000","340,000,000","230,000,000","205,000,000","254,000,000","139,000,000","265,000,000","145,000,000","169,000,000","-17,000,000","111,000,000","93,000,000","88,000,000","63,000,000","106,534,000","82,620,000","48,863,000","32,983,000","53,240,000","49,373,000","39,484,000","23,002,000","9,061,000","3,819,000","-34,999,000","23,978,000","30,112,000","28,987,000","28,374,000","23,745,000","25,399,000","22,662,000","22,773,000","24,002,000","23,715,000","21,268,000","20,230,000","18,458,000","21,423,000","18,248,000","18,203,000","25,623,000","1,473,000","15,936,000","17,782,000","38,211,000","13,833,000","-71,193,000","4,965,000","8,766,000","13,866,000","12,106,000","15,249,000","14,411,000","12,010,000","11,351,000","10,813,000","10,138,000","9,697,000","8,704,000","7,708,000","7,161,000","6,814,000","9,273,000","5,234,000","4,300,000"
	NetIncome,"1,347,000,000","599,000,000","584,000,000","-535,000,000","699,000,000","-12,000,000","568,000,000","1,206,000,000","46,000,000","209,000,000","95,000,000","495,000,000","522,000,000","241,000,000","19,000,000","300,000,000","340,000,000","230,000,000","205,000,000","254,000,000","139,000,000","265,000,000","145,000,000","169,000,000","-17,000,000","111,000,000","93,000,000","88,000,000","63,000,000","106,534,000","82,620,000","48,863,000","32,983,000","53,240,000","49,373,000","39,484,000","23,002,000","9,061,000","3,819,000","-34,999,000","23,978,000","30,112,000","28,987,000","28,374,000","23,745,000","25,399,000","22,662,000","22,773,000","24,002,000","23,715,000","21,268,000","20,230,000","18,458,000","21,423,000","18,248,000","18,203,000","25,623,000","1,473,000","15,936,000","17,782,000","38,211,000","13,833,000","-71,193,000","4,965,000","8,766,000","13,866,000","12,106,000","15,249,000","14,411,000","12,010,000","11,351,000","10,813,000","10,138,000","9,697,000","8,704,000","7,708,000","7,161,000","6,814,000","9,273,000","5,234,000","4,300,000"
		NetIncomeIncludingNoncontrollingInterests,"1,336,000,000","593,000,000","581,000,000","-535,000,000","697,000,000","-19,000,000","565,000,000","1,202,000,000","46,000,000","202,000,000","96,000,000","492,000,000","519,000,000","241,000,000","16,000,000","299,000,000","338,000,000","223,000,000","201,000,000","252,000,000","132,000,000","263,000,000","146,000,000","168,000,000","-16,000,000","111,000,000","94,000,000","88,000,000","64,000,000","104,376,000","79,151,000","48,126,000","32,347,000","54,882,000","48,914,000","39,011,000","22,911,000","4,639,000","295,000","-38,832,000","22,603,000","29,264,000","28,213,000","28,063,000","22,823,000","26,319,000","23,200,000","24,502,000","24,250,000","23,771,000","23,810,000","19,419,000","19,245,000","21,423,000","18,248,000","18,203,000","25,623,000","1,473,000","15,936,000","17,782,000","38,211,000","13,833,000","-71,193,000","4,965,000","8,766,000","13,866,000","12,106,000","15,249,000","14,411,000","12,010,000","11,351,000","10,813,000","10,138,000","9,697,000","8,704,000","7,127,000","6,861,000","6,698,000","9,273,000","5,234,000","4,300,000"
			NetIncomeContinuousOperations,"1,336,000,000","593,000,000","581,000,000","-535,000,000","697,000,000","-19,000,000","565,000,000","1,202,000,000","46,000,000","202,000,000","96,000,000","492,000,000","519,000,000","241,000,000","16,000,000","299,000,000","338,000,000","223,000,000","201,000,000","252,000,000","132,000,000","257,000,000","147,000,000","169,000,000","-15,000,000","112,000,000","93,000,000","88,000,000","65,000,000","103,744,000","77,630,000","46,446,000","33,180,000","51,001,000","48,914,000","39,011,000","22,911,000","4,639,000","295,000","-38,832,000","22,603,000","29,264,000","28,213,000","28,063,000","22,823,000","26,384,000","22,940,000","24,728,000","20,330,000","23,799,000","25,270,000","19,904,000","19,694,000","22,344,000","18,261,000","18,039,000","25,537,000","-30,660,000","15,936,000","17,782,000","38,211,000","13,833,000","-71,193,000","4,965,000","8,766,000","13,866,000","12,106,000","15,249,000","14,411,000","12,010,000","11,351,000","10,813,000","10,138,000","9,697,000","8,704,000","7,708,000","7,161,000","6,814,000","9,273,000","5,234,000","4,300,000"
			NetIncomeDiscontinuousOperations,,,,,,,,,,,,,,,,,,"0","0","0","0","6,000,000","-1,000,000","-1,000,000","-1,000,000","-1,000,000","1,000,000","0","-1,000,000","632,000","1,521,000","1,680,000","-833,000","5,275,000",,,,,,,,"0","0","0","0","-65,000","260,000","-226,000","3,920,000","-28,000","-1,460,000","-485,000","-449,000","-921,000","-13,000","164,000","86,000",,,,,,,,,,,,,,,,,,,,,,,,
		MinorityInterests,"11,000,000","6,000,000","3,000,000","0","2,000,000","7,000,000","3,000,000","4,000,000","0","7,000,000","-1,000,000","3,000,000","3,000,000","0","3,000,000","1,000,000","2,000,000","7,000,000","4,000,000","2,000,000","7,000,000","2,000,000","-1,000,000","1,000,000","-1,000,000","0","-1,000,000","0","-1,000,000","2,158,000","3,469,000","737,000","636,000","-1,642,000","459,000","473,000","91,000","4,422,000","3,524,000","3,833,000","1,375,000","848,000","774,000","311,000","922,000","-920,000","-538,000","-1,729,000","-248,000","-56,000","-2,542,000","811,000","-787,000",,,,,,,,,,,,,,,,,"0","0","0","0","0","0","581,000","300,000",,,,
DilutedNIAvailtoComStockholders,"1,347,000,000","599,000,000","584,000,000","-535,000,000","699,000,000","-12,000,000","568,000,000","1,206,000,000","46,000,000","209,000,000","95,000,000","495,000,000","522,000,000","241,000,000","19,000,000","300,000,000","340,000,000","230,000,000","205,000,000","254,000,000","139,000,000","265,000,000","145,000,000","169,000,000","-17,000,000","111,000,000","93,000,000","88,000,000","63,000,000","106,534,000","82,620,000","48,863,000","32,983,000","53,240,000","49,373,000","39,484,000","23,002,000","9,061,000","3,819,000","-34,999,000","23,978,000","30,112,000","28,987,000","28,374,000","23,745,000","25,399,000","22,662,000","22,773,000","24,002,000","23,715,000","21,268,000","20,230,000","18,458,000","21,423,000","18,248,000","18,203,000","25,623,000","1,473,000","15,936,000","17,782,000","38,211,000","13,833,000","-71,193,000","4,965,000","8,766,000","13,866,000","12,106,000","15,249,000","14,411,000","12,010,000","11,351,000","10,813,000","10,138,000","9,697,000","8,704,000","7,708,000","7,161,000","6,814,000","9,273,000","5,234,000","4,300,000"
BasicEPS,,"1.03","1","-0.92","1.2","-0.02","0.98","2.08","0.08","0.5","0.23","1.2","1.26","0.585","0.045","0.765","0.975","0.665","0.595","0.735","0.405","0.765","0.425","0.495","-0.07","0.465","0.39","0.37","0.265","0.455","0.353","0.213","0.143","0.243","0.225","0.18","0.11","0.043","0.018","-0.17","0.118","0.15","0.145","0.143","0.12",,"0.115","0.115","0.128",,"0.123","0.118","0.108",,"0.105","0.105","0.148",,"0.093","0.103","0.22",,"-0.413","0.03","0.05",,"0.07","0.09","0.088",,"0.069","0.066","0.063",,"0.059","0.059","0.055",,"0.073","0.043","0.036"
DilutedEPS,,"1.01","0.99","-0.92","1.19","-0.02","0.97","2.05","0.08","0.49","0.23","1.18","1.24","0.575","0.045","0.75","0.955","0.65","0.58","0.72","0.395","0.745","0.415","0.485","-0.07","0.45","0.38","0.36","0.255","0.44","0.34","0.205","0.14","0.233","0.218","0.175","0.105","0.043","0.018","-0.17","0.113","0.143","0.138","0.135","0.115",,"0.11","0.113","0.123",,"0.12","0.115","0.105",,"0.103","0.103","0.143",,"0.09","0.1","0.213",,"-0.413","0.028","0.05",,"0.068","0.085","0.08",,"0.065","0.063","0.059",,"0.055","0.054","0.05",,"0.065","0.038","0.032"
BasicAverageShares,,"583,420,000","583,244,000","582,804,000","581,869,000","580,129,000","579,510,000","579,189,000","544,436,000","414,044,000","413,616,000","413,370,000","412,924,000","411,068,000","410,590,000","391,036,000","348,717,949","345,864,662","345,016,000","344,714,000","344,147,936","342,287,248","341,549,174","341,117,556","251,086,152","238,972,366","238,243,048","238,007,138","237,567,510","235,264,024","234,453,936","231,034,732","229,935,504","219,625,096","218,718,640","218,116,144","209,428,476","207,268,264","206,339,440","206,063,580","204,502,696","202,090,904","201,382,048","200,668,208","199,001,720",,"196,953,624","196,542,208","189,042,856",,"172,007,480","172,004,628","172,271,968",,"172,931,764","173,503,776","174,152,828",,"174,131,328","174,469,440","173,733,276",,"172,876,212","172,678,360","171,951,568",,"170,328,516","168,815,784","166,242,348",,"163,891,432","162,885,864","161,536,072",,"147,445,704","131,879,560","130,786,188",,"128,337,564","123,871,320","121,096,176"
DilutedAverageShares,,"591,757,000","590,702,000","582,804,000","589,343,000","580,129,000","587,971,000","587,498,000","552,062,000","422,262,000","419,956,000","419,671,000","419,752,000","420,246,000","419,044,000","398,902,000","356,020,942","353,846,154","353,830,000","352,840,000","351,672,580","351,022,358","348,624,832","347,557,074","251,086,152","246,701,012","246,263,620","245,930,022","245,144,732","243,431,572","242,727,500","238,869,032","237,445,064","228,313,028","227,732,224","226,406,640","217,067,712","216,220,836","215,224,788","206,063,580","214,036,972","211,578,804","210,481,400","209,957,656","207,246,884",,"203,753,428","203,465,272","195,046,112",,"177,166,416","176,969,356","176,955,452",,"178,121,388","177,102,404","178,971,572",,"178,514,240","179,261,476","179,693,360",,"172,876,212","179,356,596","179,001,084",,"181,113,312","180,351,088","179,447,956",,"174,560,720","173,497,504","172,270,960",,"158,737,160","142,424,128","142,058,124",,"142,000,572","138,556,548","135,811,608"
TotalOperatingIncomeAsReported,"1,784,000,000","603,000,000","545,000,000","-418,000,000","1,054,000,000","15,000,000","861,000,000","2,018,000,000","188,000,000","277,000,000","176,000,000","643,000,000","685,000,000","388,000,000","41,000,000","489,000,000","540,000,000","181,000,000","340,000,000","438,000,000","240,000,000","521,000,000","342,000,000","377,000,000","20,000,000","220,000,000","183,000,000","173,000,000","129,000,000","193,362,000","107,932,000","92,672,000","70,034,000","88,056,000","82,231,000","67,026,000","40,104,000","13,068,000","-27,641,000","-46,746,000","34,198,000","47,377,000","48,547,000","55,303,000","39,097,000","45,501,000","40,248,000","41,709,000","29,611,000","37,778,000","38,010,000","31,435,000","30,912,000","34,113,000","32,868,000","27,650,000","36,930,000","-2,982,000","23,060,000","16,864,000","17,151,000","18,746,000","-66,556,000","6,306,000","12,596,000","20,413,000","15,140,000","22,320,000","21,318,000","17,444,000","16,471,000","15,937,000","14,684,000","13,804,000","12,640,000","10,336,000","10,147,000","9,598,000","8,028,000","7,718,000","6,262,000"
TotalExpenses,"122,719,000,000","31,965,000,000","31,632,000,000","30,193,000,000","28,929,000,000","28,273,000,000","28,229,000,000","25,694,000,000","25,765,000,000","18,586,000,000","18,529,000,000","17,713,000,000","17,759,000,000","16,171,000,000","16,141,000,000","13,692,000,000","12,654,000,000","12,625,000,000","11,558,000,000","11,516,000,000","11,484,000,000","11,390,000,000","10,504,000,000","10,520,000,000","6,933,000,000","6,082,000,000","5,638,000,000","5,333,000,000","5,002,000,000","4,531,189,000","4,243,929,000","3,931,028,000","3,389,854,000","2,599,784,000","2,721,421,000","2,658,919,000","2,605,788,000","2,383,529,000","2,475,762,000","2,129,459,000","1,677,950,000","1,459,799,000","1,253,488,000","1,259,711,000","1,177,260,000","1,135,468,000","1,081,613,000","1,035,063,000","1,039,110,000","1,054,948,000","1,000,224,000","1,008,034,000","901,523,000","756,559,000","864,269,000","832,417,000","779,709,000","773,752,000","726,889,000","710,874,000","653,684,000","765,745,000","610,714,000","488,987,000","442,482,000","402,805,000","385,502,000","327,308,000","311,058,000","270,620,000","237,272,000","217,671,000","210,841,000","193,853,000","185,767,000","175,896,000","167,287,000","511,596,000","108,370,000","99,892,000","89,491,000"
NetIncomeFromContinuingAndDiscontinuedOperation,"1,347,000,000","599,000,000","584,000,000","-535,000,000","699,000,000","-12,000,000","568,000,000","1,206,000,000","46,000,000","209,000,000","95,000,000","495,000,000","522,000,000","241,000,000","19,000,000","300,000,000","340,000,000","230,000,000","205,000,000","254,000,000","139,000,000","265,000,000","145,000,000","169,000,000","-17,000,000","111,000,000","93,000,000","88,000,000","63,000,000","106,534,000","82,620,000","48,863,000","32,983,000","53,240,000","49,373,000","39,484,000","23,002,000","9,061,000","3,819,000","-34,999,000","23,978,000","30,112,000","28,987,000","28,374,000","23,745,000","25,399,000","22,662,000","22,773,000","24,002,000","23,715,000","21,268,000","20,230,000","18,458,000","21,423,000","18,248,000","18,203,000","25,623,000","1,473,000","15,936,000","17,782,000","38,211,000","13,833,000","-71,193,000","4,965,000","8,766,000","13,866,000","12,106,000","15,249,000","14,411,000","12,010,000","11,351,000","10,813,000","10,138,000","9,697,000","8,704,000","7,708,000","7,161,000","6,814,000","9,273,000","5,234,000","4,300,000"
NormalizedIncome,"1,925,545,000","382,819,884.726","490,388,000","660,257,000","656,763,000","-76,240,000","498,460,000","1,136,166,000","8,770,000","134,415,384.615","221,290,000","405,840,000","446,958,000","195,770,308.123","-34,360,000","258,985,000","312,981,000","198,200,000","173,533,000","227,000,000","114,277,000","238,600,000","126,200,000","150,800,000","-25,000,000","112,000,000","87,200,000","82,000,000","58,600,000","99,175,800","76,830,648","42,469,200","30,745,400","46,268,900","46,360,886","36,869,540","20,297,045","6,865,950","-11,289,600","-12,052,594.941","20,530,537.532","27,604,734.378","27,356,676.444","31,877,775.173","23,745,000","23,459,419.87","21,948,956.763","20,306,700","15,715,273.17","21,266,840.075","20,214,139.113","17,940,385.038","16,577,047.415","18,507,051.4","16,962,000","14,577,687.682","20,662,980.764","-36,099,200","11,925,640.981","12,095,278.348","35,285,350","-46,005,897.263","-21,713,400","2,469,351.505","6,571,089.829","11,853,183.384","10,071,487.357","13,659,788.261","13,075,481.553","10,806,659.116","10,291,329.876","9,971,737.014","9,187,405.117","8,636,351.26","7,919,543.651","6,934,970.489","6,558,637.101","6,229,456.555","5,026,743.978","4,645,679.834","3,751,000"
InterestIncome,,,,,,,,,,,,,,,,,,,,,,,,,,,,,,,,,,,,,,,,"4,045,000",,,,,"3,749,000",,,,,,,,,,,,,,,,,,,,,,,,,,,,,,,,,,,,
InterestExpense,"665,000,000","162,000,000","170,000,000","163,000,000","170,000,000","177,000,000","184,000,000","187,000,000","180,000,000","113,000,000","99,000,000","101,000,000","99,000,000","98,000,000","97,000,000","80,000,000","68,000,000","66,000,000","65,000,000","62,000,000","62,000,000","75,000,000","57,000,000","52,000,000","33,000,000","11,000,000","11,000,000","11,000,000","10,000,000","10,091,000","9,282,000","8,604,000","7,023,000","6,696,000","6,603,000","7,033,000","6,625,000","6,067,000","4,855,000","4,739,000","4,799,000","4,797,000","4,572,000","5,256,000","5,695,000","5,452,000","4,858,000","3,869,000","3,813,000","4,108,000","4,064,000","4,160,000","3,986,000","4,237,000","4,377,000","4,065,000","3,994,000","4,110,000","4,171,000","4,213,000","3,132,000",,,,,,,,,,,,,,,,,,,,
NetInterestIncome,"-665,000,000","-162,000,000","-170,000,000","-163,000,000","-170,000,000","-177,000,000","-184,000,000","-187,000,000","-180,000,000","-113,000,000","-99,000,000","-101,000,000","-99,000,000","-98,000,000","-97,000,000","-80,000,000","-68,000,000","-66,000,000","-65,000,000","-62,000,000","-62,000,000","-75,000,000","-57,000,000","-52,000,000","-33,000,000","-11,000,000","-11,000,000","-11,000,000","-10,000,000","-10,091,000","-9,282,000","-8,604,000","-7,023,000","-6,696,000","-6,603,000","-7,033,000","-6,625,000","-6,067,000","-4,855,000","-694,000","-4,799,000","-4,797,000","-4,572,000","-5,256,000","-1,946,000","-5,452,000","-4,858,000","-3,869,000","-3,813,000","-4,108,000","-4,064,000","-4,160,000","-3,986,000","-4,237,000","-4,377,000","-4,065,000","-3,994,000","-4,110,000","-4,171,000","-4,213,000","-3,132,000",,,,,,,,,,,,,,,,,,,,
EBIT,"2,478,000,000","856,000,000","890,000,000","-379,000,000","1,111,000,000","103,000,000","956,000,000","2,131,000,000","311,000,000","373,000,000","274,000,000","763,000,000","784,000,000","455,000,000","121,000,000","554,000,000","581,000,000","234,000,000","391,000,000","483,000,000","281,000,000","555,000,000","375,000,000","409,000,000","35,000,000","228,000,000","191,000,000","183,000,000","138,000,000","203,710,000","113,608,000","99,924,000","74,758,000","92,810,000","87,177,000","71,312,000","44,575,000","16,445,000","-4,397,000","-42,701,000","39,489,000","51,367,000","51,244,000","49,748,000","42,846,000","48,794,000","40,961,000","45,851,000","36,668,000","41,688,000","41,760,000","35,853,000","34,525,000","40,307,000","35,033,000","33,250,000","44,699,000","5,386,000","29,412,000","22,812,000","21,652,000","-50,453,000","20,535,000","6,306,000","12,596,000","31,068,000","15,140,000","22,320,000","21,318,000","23,875,000","16,471,000","15,937,000","14,684,000","13,804,000","12,640,000","10,336,000","10,147,000","-369,870,000","8,028,000","7,718,000","6,262,000"
EBITDA,"3,954,000,000"
ReconciledCostOfRevenue,"111,077,000,000","28,745,000,000","28,567,000,000","27,564,000,000","26,201,000,000","24,833,000,000","25,048,000,000","22,730,000,000","22,748,000,000","16,685,000,000","16,750,000,000","15,981,000,000","15,995,000,000","14,297,000,000","13,890,000,000","12,161,000,000","11,063,000,000","11,268,000,000","10,437,000,000","10,364,000,000","10,307,000,000","10,108,000,000","9,357,000,000","9,365,000,000","6,102,000,000","5,511,000,000","5,120,000,000","4,839,000,000","4,544,000,000","4,136,261,000","3,878,066,000","3,578,658,000","3,063,015,000","2,362,851,000","2,467,813,000","2,428,671,000","2,395,440,000","2,525,119,000","2,058,743,000","1,912,221,000","1,466,013,000","1,320,743,000","1,048,815,000","1,056,052,000","977,250,000","823,599,000","949,518,000","901,593,000","903,603,000","879,840,000","818,905,000","878,813,000","779,244,000","555,969,000","741,642,000","697,026,000","657,795,000","637,622,000","605,750,000","591,532,000","551,036,000","1,835,268,000","15,373,000","14,317,000","15,588,000","1,229,187,000","2,002,000","728,000","843,000","802,392,000","2,111,000","2,022,000","2,016,000","2,054,000","2,681,000","2,613,000","975,000",,,,
ReconciledDepreciation,"1,476,000,000","378,000,000","381,000,000","356,000,000","361,000,000","343,000,000","298,000,000","330,000,000","288,000,000","168,000,000","162,000,000","158,000,000","155,000,000","141,000,000","139,000,000","111,000,000","104,000,000","97,000,000","91,000,000","87,000,000","86,000,000","89,000,000","78,000,000","76,000,000","35,000,000","29,000,000","29,000,000","26,000,000","27,000,000","23,992,000","22,907,000","21,783,000","20,318,000","17,200,000","17,292,000","17,237,000","15,691,000","15,974,000","16,626,000","16,653,000","16,613,000","15,272,000","14,488,000","14,242,000","14,325,000","13,380,000","13,702,000","12,391,000","12,527,000","13,204,000","9,908,000","10,659,000","10,233,000","9,396,000","9,789,000","8,431,000","7,798,000","7,426,000","7,390,000","6,717,000","6,274,000","5,314,000","5,745,000","5,021,000","4,520,000","3,411,000","3,757,000","3,119,000","2,782,000","2,795,000","2,518,000","2,430,000","2,271,000","2,149,000","1,538,000","1,382,000","1,379,000","1,031,000","559,000","499,000","476,000"
NetIncomeFromContinuingOperationNetMinorityInterest,"1,347,000,000","599,000,000","584,000,000","-535,000,000","699,000,000","-12,000,000","568,000,000","1,206,000,000","46,000,000","209,000,000","95,000,000","495,000,000","522,000,000","241,000,000","19,000,000","300,000,000","340,000,000","230,000,000","205,000,000","254,000,000","139,000,000","259,000,000","146,000,000","170,000,000","-16,000,000","112,000,000","92,000,000","88,000,000","64,000,000","105,902,000","81,099,000","47,183,000","33,816,000","49,359,000","49,373,000","39,484,000","23,002,000","9,061,000","3,819,000","-34,999,000","23,978,000","30,112,000","28,987,000","28,374,000","23,745,000","25,464,000","22,402,000","22,999,000","20,082,000","23,743,000","22,728,000","20,715,000","18,907,000","22,344,000","18,261,000","18,039,000","25,537,000","-30,660,000","15,936,000","17,782,000","38,211,000","13,833,000","-71,193,000","4,965,000","8,766,000","13,866,000","12,106,000","15,249,000","14,411,000","12,010,000","11,351,000","10,813,000","10,138,000","9,697,000","8,704,000","7,708,000","7,161,000","6,814,000","9,273,000","5,234,000","4,300,000"
TotalUnusualItemsExcludingGoodwill,"-785,000,000","253,000,000","116,000,000","-1,211,000,000","57,000,000","88,000,000","95,000,000","113,000,000","51,000,000","96,000,000","-173,000,000","120,000,000","99,000,000","67,000,000","80,000,000","65,000,000","41,000,000","53,000,000","51,000,000","45,000,000","41,000,000","34,000,000","33,000,000","32,000,000","15,000,000","0","8,000,000","10,000,000","9,000,000","10,348,000","5,676,000","7,252,000","4,724,000","4,754,000","4,946,000","4,286,000","4,471,000","3,377,000","23,244,000","-28,033,000","5,291,000","3,990,000","2,697,000","-5,555,000",,"3,293,000","713,000","4,142,000","7,057,000","3,910,000","3,750,000","4,418,000","3,613,000","6,194,000","2,165,000","5,600,000","7,769,000","8,368,000","6,352,000","5,948,000","4,501,000","92,927,000","-82,466,000","3,891,000","3,540,000","3,194,000","2,818,000","2,523,000","2,120,000","1,902,000","1,683,000","1,336,000","1,510,000","1,684,000","1,245,000","1,257,000","974,000","916,000","6,768,000","976,000","915,000"
TotalUnusualItems,"-785,000,000","253,000,000","116,000,000","-1,211,000,000","57,000,000","88,000,000","95,000,000","113,000,000","51,000,000","96,000,000","-173,000,000","120,000,000","99,000,000","67,000,000","80,000,000","65,000,000","41,000,000","53,000,000","51,000,000","45,000,000","41,000,000","34,000,000","33,000,000","32,000,000","15,000,000","0","8,000,000","10,000,000","9,000,000","10,348,000","5,676,000","7,252,000","4,724,000","4,754,000","4,946,000","4,286,000","4,471,000","3,377,000","23,244,000","-28,033,000","5,291,000","3,990,000","2,697,000","-5,555,000",,"3,293,000","713,000","4,142,000","7,057,000","3,910,000","3,750,000","4,418,000","3,613,000","6,194,000","2,165,000","5,600,000","7,769,000","8,368,000","6,352,000","5,948,000","4,501,000","92,927,000","-82,466,000","3,891,000","3,540,000","3,194,000","2,818,000","2,523,000","2,120,000","1,902,000","1,683,000","1,336,000","1,510,000","1,684,000","1,245,000","1,257,000","974,000","916,000","6,768,000","976,000","915,000"
NormalizedEBITDA,"4,739,000,000","981,000,000","1,155,000,000","1,188,000,000","1,415,000,000","358,000,000","1,159,000,000","2,348,000,000","548,000,000","445,000,000","609,000,000","801,000,000","840,000,000","529,000,000","180,000,000","600,000,000","644,000,000","278,000,000","431,000,000","525,000,000","326,000,000","610,000,000","420,000,000","453,000,000","55,000,000","257,000,000","212,000,000","199,000,000","156,000,000","217,354,000","130,839,000","114,455,000","90,352,000","105,256,000","99,523,000","84,263,000","55,795,000","29,042,000","-11,015,000","1,985,000","50,811,000","62,649,000","63,035,000","69,545,000","57,171,000","58,881,000","53,950,000","54,100,000","42,138,000","50,982,000","47,918,000","42,094,000","41,145,000","43,509,000","42,657,000","36,081,000","44,728,000","4,444,000","30,450,000","23,581,000","23,425,000","-138,066,000","108,746,000","7,436,000","13,576,000","31,285,000","16,079,000","22,916,000","21,980,000","24,768,000","17,306,000","17,031,000","15,445,000","14,269,000","12,933,000","10,461,000","10,552,000","-369,755,000","1,819,000","7,241,000","5,823,000"
TaxRateForCalcs,"0.263","0.146","0.193","0.013","0.259","0.27","0.268","0.382","0.27","0.223","0.27","0.257","0.242","0.325","0.333","0.369","0.341","0.4","0.383","0.4","0.397","0.4","0.4","0.4","0.4","0.4","0.4","0.4","0.4","0.35","0.248","0.35","0.35","0.35","0.391","0.39","0.395","0.35","0.35","0.181","0.348","0.372","0.396","0.369","0.386","0.391","0.365","0.35","0.381","0.367","0.33","0.372","0.355","0.381","0.4","0.382","0.373","0.35","0.369","0.044","0.35","0.356","0.4","0.359","0.38","0.37","0.278","0.37","0.37","0.367","0.37","0.37","0.37","0.37","0.37","0.385","0.382","0.362","0.373","0.397","0.4"
TaxEffectOfUnusualItems,"-206,455,000","36,819,884.726","22,388,000","-15,743,000","14,763,000","23,760,000","25,460,000","43,166,000","13,770,000","21,415,384.615","-46,710,000","30,840,000","23,958,000","21,770,308.123","26,640,000","23,985,000","13,981,000","21,200,000","19,533,000","18,000,000","16,277,000","13,600,000","13,200,000","12,800,000","6,000,000","0","3,200,000","4,000,000","3,600,000","3,621,800","1,407,648","2,538,200","1,653,400","1,663,900","1,933,886","1,671,540","1,766,045","1,181,950","8,135,400","-5,086,594.941","1,843,537.532","1,482,734.378","1,066,676.444","-2,051,224.827","0","1,288,419.87","259,956.763","1,449,700","2,690,273.17","1,433,840.075","1,236,139.113","1,643,385.038","1,283,047.415","2,357,051.4","866,000","2,138,687.682","2,894,980.764","2,928,800","2,341,640.981","261,278.348","1,575,350","33,088,102.737","-32,986,400","1,395,351.505","1,345,089.829","1,181,183.384","783,487.357","933,788.261","784,481.553","698,659.116","623,329.876","494,737.014","559,405.117","623,351.26","460,543.651","483,970.489","371,637.101","331,456.555","2,521,743.978","387,679.834","366,000"