name,ttm,12/31/2021,09/30/2021,06/30/2021,03/31/2021,12/31/2020,09/30/2020,06/30/2020,03/31/2020,12/31/2019,09/30/2019,06/30/2019,03/31/2019,12/31/2018,09/30/2018,06/30/2018,03/31/2018,12/31/2017,09/30/2017,06/30/2017,03/31/2017,12/31/2016,09/30/2016,06/30/2016,03/31/2016,12/31/2015,09/30/2015,06/30/2015,03/31/2015,12/31/2014,09/30/2014,06/30/2014,03/31/2014,12/31/2013,09/30/2013,06/30/2013,03/31/2013,12/31/2012,09/30/2012,06/30/2012,03/31/2012,12/31/2011,09/30/2011,06/30/2011,03/31/2011,12/31/2010,09/30/2010,06/30/2010,03/31/2010,12/31/2009,09/30/2009,06/30/2009,03/31/2009,12/31/2008,09/30/2008,06/30/2008,03/31/2008,12/31/2007,09/30/2007,06/30/2007,03/31/2007,12/31/2006,09/30/2006,06/30/2006,03/31/2006,12/31/2005,09/30/2005,06/30/2005,03/31/2005,12/31/2004,09/30/2004,06/30/2004,03/31/2004,12/31/2003,09/30/2003,06/30/2003,03/31/2003,12/31/2002,09/30/2002,06/30/2002,03/31/2002,12/31/2001,09/30/2001,06/30/2001,03/31/2001,12/31/2000,09/30/2000,06/30/2000,03/31/2000,12/31/1999,09/30/1999,06/30/1999,03/31/1999,12/31/1998,09/30/1998,06/30/1998,03/31/1998,12/31/1997,09/30/1997,06/30/1997,03/31/1997,12/31/1996,09/30/1996,06/30/1996,03/31/1996,12/31/1995,09/30/1995,06/30/1995,03/31/1995,12/31/1994,09/30/1994,06/30/1994,03/31/1994,12/31/1993,09/30/1993,06/30/1993,03/31/1993,12/31/1992,09/30/1992,06/30/1992,03/31/1992,12/31/1991,09/30/1991,06/30/1991,03/31/1991,12/31/1990,09/30/1990,06/30/1990,03/31/1990,12/31/1989,09/30/1989,06/30/1989,03/31/1989,12/31/1988,09/30/1988,06/30/1988,03/31/1988,12/31/1987,09/30/1987,06/30/1987,03/31/1987,12/31/1986,09/30/1986,06/30/1986,03/31/1986,12/31/1985,09/30/1985
TotalRevenue,"8,352,000,000","2,314,000,000","1,749,000,000","1,742,000,000","2,547,000,000","2,054,000,000","1,622,000,000","1,575,000,000","2,167,000,000","3,230,000,000","2,742,000,000","2,798,000,000","3,531,000,000","3,036,000,000","2,212,000,000","2,186,000,000","3,155,000,000","2,638,000,000","2,098,000,000","2,143,000,000","2,735,000,000","2,081,000,000","1,889,000,000","1,574,000,000","1,984,000,000","1,791,000,000","1,630,000,000","1,532,000,000","2,433,000,000","2,372,000,000","1,807,000,000","1,884,000,000","3,163,000,000","2,184,000,000","1,640,000,000","1,894,000,000","2,388,000,000","2,138,000,000","1,705,000,000","1,525,000,000","2,084,000,000","2,145,000,000","1,881,000,000","1,837,000,000","2,587,000,000","2,098,000,000","1,908,000,000","1,756,000,000","3,023,000,000","2,299,000,000","1,576,000,000","1,640,000,000","2,766,000,000","2,774,000,000","2,515,000,000","2,670,000,000","3,363,000,000","2,602,000,000","1,882,000,000","2,033,000,000","3,106,000,000","2,464,000,000","1,935,000,000","1,843,000,000","3,077,000,000","2,810,000,000","2,218,000,000","1,932,256,000","2,761,808,000","2,617,549,000","1,667,089,000","2,241,177,000","2,959,187,000","2,518,838,000","2,250,218,000","2,090,900,000","2,902,302,000","2,116,932,000","1,922,872,000","9,790,443,000","8,655,733,000","8,500,174,000","12,466,991,000","11,974,351,000","13,284,321,000","9,818,068,000","9,522,727,000","5,770,452,000","4,234,103,000","4,054,900,000","4,947,200,000","3,657,700,000","2,642,900,000","2,644,200,000","3,468,800,000","2,738,700,000","2,636,800,000","2,772,300,000","2,158,600,000","1,064,400,000","878,100,000","911,300,000","1,245,800,000","1,113,800,000","824,500,000","834,000,000","1,171,800,000","978,200,000","746,200,000","837,200,000","1,215,900,000","1,066,700,000","882,100,000","972,600,000","1,416,700,000","1,068,200,000","992,200,000","1,131,300,000","1,392,200,000","1,097,600,000","975,300,000","1,095,300,000","1,370,600,000","1,059,600,000","918,200,000","1,007,400,000","1,279,200,000","1,074,100,000","817,900,000","891,800,000","1,141,700,000","950,400,000","805,900,000","869,800,000","1,107,800,000","863,000,000","808,900,000","816,200,000","1,135,700,000","899,000,000","777,300,000","778,300,000","1,101,200,000","860,700,000","795,800,000","921,700,000","1,219,400,000"
	OperatingRevenue,"8,352,000,000","2,314,000,000","1,749,000,000","1,742,000,000","2,547,000,000","2,054,000,000","1,622,000,000","1,575,000,000","2,167,000,000","3,230,000,000","2,742,000,000","2,798,000,000","3,531,000,000","3,036,000,000","2,212,000,000","2,186,000,000","3,155,000,000","2,638,000,000","2,098,000,000","2,143,000,000","2,735,000,000","2,081,000,000","1,889,000,000","1,574,000,000","1,984,000,000","1,791,000,000","1,630,000,000","1,532,000,000","2,433,000,000","2,372,000,000","1,807,000,000","1,884,000,000","3,163,000,000","2,184,000,000","1,640,000,000","1,894,000,000","2,388,000,000","2,138,000,000","1,705,000,000","1,525,000,000","2,084,000,000","2,145,000,000","1,881,000,000","1,837,000,000","2,587,000,000","2,098,000,000","1,908,000,000","1,756,000,000","3,023,000,000","2,299,000,000","1,576,000,000","1,640,000,000","2,766,000,000","2,774,000,000","2,515,000,000","2,670,000,000","3,363,000,000","2,602,000,000","1,882,000,000","2,033,000,000","3,106,000,000","2,464,000,000","1,935,000,000","1,843,000,000","3,077,000,000","2,810,000,000","2,218,000,000","1,932,256,000","2,761,808,000","2,617,549,000","1,667,089,000","2,241,177,000","2,959,187,000","2,518,838,000","2,250,218,000","2,090,900,000","2,902,302,000","2,116,932,000","1,922,872,000","9,790,443,000","8,655,733,000","8,500,174,000","12,466,991,000","11,974,351,000","13,284,321,000","9,818,068,000","9,522,727,000","5,770,452,000","4,234,103,000","4,054,900,000","4,947,200,000","3,657,700,000","2,642,900,000","2,644,200,000","3,468,800,000","2,738,700,000","2,636,800,000","2,772,300,000","2,158,600,000","1,064,400,000","878,100,000","911,300,000","1,245,800,000","1,113,800,000","824,500,000","834,000,000","1,171,800,000","978,200,000","746,200,000","837,200,000","1,215,900,000","1,066,700,000","882,100,000","972,600,000","1,416,700,000","1,068,200,000","992,200,000","1,131,300,000","1,392,200,000","1,097,600,000","975,300,000","1,095,300,000","1,370,600,000","1,059,600,000","918,200,000","1,007,400,000","1,279,200,000","1,074,100,000","817,900,000","891,800,000","1,141,700,000","950,400,000","805,900,000","869,800,000","1,107,800,000","863,000,000","808,900,000","816,200,000","1,135,700,000","899,000,000","777,300,000","778,300,000","1,101,200,000","860,700,000","795,800,000","921,700,000","1,219,400,000"
CostOfRevenue,"5,145,000,000","1,515,000,000","993,000,000","993,000,000","1,644,000,000","1,336,000,000","892,000,000","914,000,000","1,347,000,000","2,455,000,000","1,902,000,000","2,058,000,000","2,847,000,000","2,509,000,000","1,565,000,000","1,556,000,000","2,479,000,000","1,952,000,000","1,457,000,000","1,567,000,000","2,139,000,000","1,489,000,000","1,188,000,000","1,009,000,000","1,373,000,000","1,234,000,000","1,006,000,000","1,017,000,000","1,852,000,000","1,824,000,000","1,195,000,000","1,349,000,000","2,522,000,000","1,662,000,000","1,059,000,000","1,326,000,000","1,708,000,000","2,849,000,000","520,000,000","409,000,000","969,000,000","1,066,000,000","735,000,000","778,000,000","1,476,000,000","1,053,000,000","808,000,000","778,000,000","1,935,000,000","1,290,000,000","582,000,000","710,000,000","1,789,000,000","1,791,000,000","1,532,000,000","1,750,000,000","2,393,000,000","1,646,000,000","991,000,000","1,208,000,000","2,150,000,000","1,623,000,000","1,058,000,000","1,035,000,000","2,193,000,000","1,946,000,000","1,422,000,000","1,192,626,000","1,948,336,000","1,823,772,000","928,189,000","1,282,753,000","1,950,528,000","1,411,076,000","1,053,860,000","1,103,831,000","1,871,139,000","1,183,336,000","848,152,000","8,014,316,000","7,139,037,000","7,094,775,000","10,713,182,000","10,465,541,000","11,774,762,000","8,521,695,000","7,710,253,000","4,342,581,000","3,125,125,000","2,938,800,000","3,626,200,000","2,545,700,000","1,745,900,000","1,658,700,000","2,104,400,000","1,538,000,000","1,698,700,000","1,878,000,000","994,300,000","325,700,000","320,300,000","305,300,000","391,300,000","374,800,000","275,800,000","254,800,000","319,300,000","289,300,000","249,200,000","301,300,000","313,500,000","339,400,000","315,700,000",,,,,,,,,,,,,,,,,,,,,,,,,,,,,,,,,,
GrossProfit,"3,207,000,000","799,000,000","756,000,000","749,000,000","903,000,000","718,000,000","730,000,000","661,000,000","820,000,000","775,000,000","840,000,000","740,000,000","684,000,000","527,000,000","647,000,000","630,000,000","676,000,000","686,000,000","641,000,000","576,000,000","596,000,000","592,000,000","701,000,000","565,000,000","611,000,000","557,000,000","624,000,000","515,000,000","581,000,000","548,000,000","612,000,000","535,000,000","641,000,000","522,000,000","581,000,000","568,000,000","680,000,000","-711,000,000","1,185,000,000","1,116,000,000","1,115,000,000","1,079,000,000","1,146,000,000","1,059,000,000","1,111,000,000","1,045,000,000","1,100,000,000","978,000,000","1,088,000,000","1,009,000,000","994,000,000","930,000,000","977,000,000","983,000,000","983,000,000","920,000,000","970,000,000","956,000,000","891,000,000","825,000,000","956,000,000","841,000,000","877,000,000","808,000,000","884,000,000","864,000,000","796,000,000","739,630,000","813,472,000","793,777,000","738,900,000","958,424,000","1,008,659,000","1,107,762,000","1,196,358,000","987,069,000","1,031,163,000","933,596,000","1,074,720,000","1,776,127,000","1,516,696,000","1,405,399,000","1,753,809,000","1,508,810,000","1,509,559,000","1,296,373,000","1,812,474,000","1,427,871,000","1,108,978,000","1,116,100,000","1,321,000,000","1,112,000,000","897,000,000","985,500,000","1,364,400,000","1,200,700,000","938,100,000","894,300,000","1,164,300,000","738,700,000","557,800,000","606,000,000","854,500,000","739,000,000","548,700,000","579,200,000","852,500,000","688,900,000","497,000,000","535,900,000","902,400,000","727,300,000","566,400,000",,,,,,,,,,,,,,,,,,,,,,,,,,,,,,,,,,
OperatingExpense,"1,844,000,000","463,000,000","478,000,000","453,000,000","450,000,000","433,000,000","428,000,000","426,000,000","418,000,000","425,000,000","448,000,000","453,000,000","439,000,000","360,000,000","421,000,000","443,000,000","425,000,000","390,000,000","362,000,000","353,000,000","322,000,000","349,000,000","417,000,000","383,000,000","361,000,000","331,000,000","359,000,000","329,000,000","325,000,000","327,000,000","379,000,000","349,000,000","346,000,000","311,000,000","337,000,000","345,000,000","348,000,000","-1,021,000,000","845,000,000","814,000,000","777,000,000","805,000,000","789,000,000","756,000,000","747,000,000","743,000,000","773,000,000","715,000,000","731,000,000","710,000,000","707,000,000","677,000,000","692,000,000","680,000,000","646,000,000","623,000,000","634,000,000","653,000,000","572,000,000","583,000,000","603,000,000","606,000,000","593,000,000","588,000,000","578,000,000","595,000,000","536,000,000","512,201,000","503,423,000","336,167,000","532,165,000","650,351,000","673,444,000","759,379,000","647,634,000","641,039,000","671,125,000","674,390,000","643,582,000","1,154,528,000","1,000,172,000","1,044,240,000","1,108,044,000","986,419,000","1,049,756,000","1,034,823,000","1,035,495,000","2,248,208,000","-760,800,000","848,600,000","-1,364,700,000","857,400,000","1,038,200,000","1,447,500,000","898,700,000","995,200,000","846,300,000","761,000,000","701,500,000","491,500,000","401,500,000","474,100,000","419,700,000","452,700,000","506,100,000","526,100,000","418,200,000","394,600,000","373,700,000","439,400,000","438,500,000","426,500,000","415,700,000",,,,,,,,,,,,,,,,,,,,,,,,,,,,,,,,,,
	DepreciationAmortizationDepletionIncomeStatement,"1,316,000,000","329,000,000","353,000,000","327,000,000","307,000,000","304,000,000","306,000,000","297,000,000","282,000,000","300,000,000","334,000,000","340,000,000","313,000,000","261,000,000","326,000,000","342,000,000","314,000,000","287,000,000","269,000,000","254,000,000","226,000,000","253,000,000","324,000,000","289,000,000","260,000,000","246,000,000","268,000,000","239,000,000","217,000,000","229,000,000","293,000,000","256,000,000","235,000,000","213,000,000","248,000,000","253,000,000","240,000,000","250,000,000","301,000,000","275,000,000","224,000,000","209,000,000","253,000,000","223,000,000","201,000,000","204,000,000","243,000,000","217,000,000","200,000,000","181,000,000","208,000,000","188,000,000","166,000,000","168,000,000","194,000,000","188,000,000","158,000,000","156,000,000","170,000,000","160,000,000","145,000,000","147,000,000","159,000,000","153,000,000","140,000,000","130,000,000","145,000,000","135,837,000","129,773,000","127,822,000","125,528,000","160,681,000","156,587,000","154,787,000","160,250,000","157,263,000","152,652,000","155,095,000","160,473,000","257,816,000","219,690,000","205,210,000","286,475,000","224,711,000","195,054,000","193,684,000","295,174,000","235,969,000","181,501,000","205,800,000","288,800,000","220,100,000","196,400,000","184,500,000","273,700,000","241,600,000","182,300,000","211,500,000","190,900,000","140,100,000","137,600,000","169,900,000","140,200,000","136,900,000","136,900,000","141,000,000","135,200,000","119,600,000","110,800,000","131,200,000","128,800,000","125,600,000","119,800,000",,,,,,,,,,,,,,,,,,,,,,,,,,,,,,,,,,
		DepreciationAndAmortizationInIncomeStatement,"1,316,000,000","329,000,000","353,000,000","327,000,000","307,000,000","304,000,000","306,000,000","297,000,000","282,000,000","300,000,000","334,000,000","340,000,000","313,000,000","261,000,000","326,000,000","342,000,000","314,000,000","287,000,000","269,000,000","254,000,000","226,000,000","253,000,000","324,000,000","289,000,000","260,000,000","246,000,000","268,000,000","239,000,000","217,000,000","229,000,000","293,000,000","256,000,000","235,000,000","213,000,000","248,000,000","253,000,000","240,000,000","250,000,000","301,000,000","275,000,000","224,000,000","209,000,000","253,000,000","223,000,000","201,000,000","204,000,000","243,000,000","217,000,000","200,000,000","181,000,000","208,000,000","188,000,000","166,000,000",,,,,,,,,,,,,,,,,,,,,,,,,,,,,,,,,,,,,,,,,,,,,,,,,,,,,,,,,,,,,,,,,,,,,,,,,,,,,,,,,,,,,,,,,,,,,,
	OtherTaxes,"528,000,000","134,000,000","125,000,000","126,000,000","143,000,000","129,000,000","122,000,000","129,000,000","136,000,000","125,000,000","114,000,000","113,000,000","126,000,000","99,000,000","95,000,000","101,000,000","111,000,000","103,000,000","93,000,000","99,000,000","96,000,000","96,000,000","93,000,000","94,000,000","101,000,000","85,000,000","91,000,000","90,000,000","108,000,000","98,000,000","86,000,000","93,000,000","111,000,000","98,000,000","89,000,000","92,000,000","108,000,000","93,000,000","86,000,000","88,000,000","98,000,000","94,000,000","88,000,000","87,000,000","107,000,000","88,000,000","86,000,000","88,000,000","117,000,000","91,000,000","84,000,000","91,000,000","113,000,000","88,000,000","81,000,000","93,000,000","111,000,000","88,000,000","85,000,000","93,000,000","106,000,000","78,000,000","87,000,000","95,000,000","107,000,000","98,000,000","90,000,000","92,705,000","94,661,000","86,333,000","89,151,000","98,297,000","106,245,000","86,446,000","95,212,000","90,691,000","103,209,000","75,283,000","94,734,000","164,142,000","125,705,000","113,698,000","147,335,000","142,126,000","139,688,000","125,937,000","144,898,000","115,721,000","111,505,000","103,200,000","113,600,000","126,200,000","117,300,000","196,000,000","118,900,000","90,600,000","88,800,000","89,700,000","85,600,000","58,600,000","62,800,000","55,200,000","63,300,000","65,300,000","62,600,000","48,100,000","62,200,000","64,600,000","71,000,000","60,100,000","65,200,000","63,000,000","63,100,000",,,,,,,,,,,,,,,,,,,,,,,,,,,,,,,,,,
	OtherOperatingExpenses,,,,,,,,,,,,,,,,,,,,,,,,,,,,,,,,,,,,,,,,"451,000,000",,,,,,,"444,000,000","410,000,000","414,000,000","438,000,000","415,000,000","398,000,000","413,000,000","424,000,000","371,000,000","342,000,000","365,000,000","409,000,000","317,000,000","330,000,000","352,000,000","381,000,000","347,000,000","340,000,000","331,000,000","367,000,000","301,000,000","283,659,000","278,989,000","122,012,000","317,486,000","391,373,000","410,612,000","518,146,000","392,172,000","393,085,000","415,264,000","444,012,000","388,375,000","732,570,000","654,777,000","725,332,000","674,234,000","619,582,000","715,014,000","715,202,000","595,423,000","1,896,518,000","-1,053,806,000","539,600,000","-1,767,100,000","511,100,000","724,500,000","1,067,000,000","506,100,000","663,000,000","575,200,000","459,800,000","425,000,000","292,800,000","201,100,000","249,000,000","216,200,000","250,500,000","306,600,000","337,000,000","220,800,000","210,400,000","191,900,000","248,100,000","244,500,000","237,900,000","232,800,000",,,,,,,,,,,,,,,,,,,,,,,,,,,,,,,,,,
OperatingIncome,"1,363,000,000","336,000,000","278,000,000","296,000,000","453,000,000","285,000,000","302,000,000","235,000,000","402,000,000","350,000,000","392,000,000","287,000,000","245,000,000","167,000,000","226,000,000","187,000,000","251,000,000","296,000,000","279,000,000","223,000,000","274,000,000","243,000,000","284,000,000","182,000,000","250,000,000","226,000,000","265,000,000","186,000,000","256,000,000","221,000,000","233,000,000","186,000,000","295,000,000","211,000,000","244,000,000","223,000,000","332,000,000","310,000,000","340,000,000","302,000,000","338,000,000","274,000,000","357,000,000","303,000,000","364,000,000","302,000,000","327,000,000","263,000,000","357,000,000","299,000,000","287,000,000","253,000,000","285,000,000","303,000,000","337,000,000","297,000,000","336,000,000","303,000,000","319,000,000","242,000,000","353,000,000","235,000,000","284,000,000","220,000,000","306,000,000","269,000,000","260,000,000","227,429,000","310,049,000","457,610,000","206,735,000","308,073,000","335,215,000","348,383,000","548,724,000","346,030,000","360,038,000","259,206,000","431,138,000","621,599,000","516,524,000","361,159,000","645,765,000","522,391,000","459,803,000","261,550,000","776,979,000","-820,337,000","1,869,778,000","267,500,000","2,685,700,000","254,600,000","-141,200,000","-462,000,000","465,700,000","205,500,000","91,800,000","133,300,000","462,800,000","247,200,000","156,300,000","131,900,000","434,800,000","286,300,000","42,600,000","53,100,000","434,300,000","294,300,000","123,300,000","96,500,000","463,900,000","300,800,000","150,700,000","972,600,000","1,416,700,000","1,068,200,000","992,200,000","1,131,300,000","1,392,200,000","1,097,600,000","975,300,000","1,095,300,000","1,370,600,000","1,059,600,000","918,200,000","1,007,400,000","1,279,200,000","1,074,100,000","817,900,000","891,800,000","1,141,700,000","950,400,000","805,900,000","869,800,000","1,107,800,000","863,000,000","808,900,000","816,200,000","1,135,700,000","899,000,000","777,300,000","778,300,000","1,101,200,000","860,700,000","795,800,000","921,700,000","1,219,400,000"
NetNonOperatingInterestIncomeExpense,"-529,000,000","-167,000,000","-119,000,000","-124,000,000","-119,000,000","-118,000,000","-127,000,000","-134,000,000","-146,000,000","-147,000,000","-143,000,000","-144,000,000","-133,000,000","-115,000,000","-106,000,000","-105,000,000","-94,000,000","-97,000,000","-98,000,000","-97,000,000","-98,000,000","-103,000,000","-106,000,000","-109,000,000","-111,000,000","-111,000,000","-113,000,000","-116,000,000","-117,000,000","-120,000,000","-118,000,000","-119,000,000","-114,000,000","-114,000,000","-118,000,000","-119,000,000","-133,000,000","-139,000,000","-141,000,000","-142,000,000","-147,000,000","-146,000,000","-145,000,000","-143,000,000","-149,000,000","-151,000,000","-155,000,000","-157,000,000","-158,000,000","-162,000,000","-158,000,000","-162,000,000","-162,000,000",,,,,,,,,,,,,,,,,,,,,,,,,,,,,,,,,,,,,,,,,,,,,,,,,,,,,,,,,,,,,,,,,,,,,,,,,,,,,,,,,,,,,,,,,,,,,,
	InterestIncomeNonOperating,,,,,,"1,000,000","1,000,000","1,000,000","1,000,000",,,,,,,,,,,,,,,,,,,,,,,,,,,,,,,,,,,,,,,,,,,,,,,,,,,,,,,,,,,,,,,,,,,,,,,,,,,,,,,,,,,,,,,,,,,,,,,,,,,,,,,,,,,,,,,,,,,,,,,,,,,,,,,,,,,,,,,,,,
	InterestExpenseNonOperating,"529,000,000","167,000,000","119,000,000","124,000,000","119,000,000","119,000,000","128,000,000","135,000,000","147,000,000","147,000,000","143,000,000","144,000,000","133,000,000","115,000,000","106,000,000","105,000,000","94,000,000","97,000,000","98,000,000","97,000,000","98,000,000","103,000,000","106,000,000","109,000,000","111,000,000","111,000,000","113,000,000","116,000,000","117,000,000","120,000,000","118,000,000","119,000,000","114,000,000","114,000,000","118,000,000","119,000,000","133,000,000","139,000,000","141,000,000","142,000,000","147,000,000","146,000,000","145,000,000","143,000,000","149,000,000","151,000,000","155,000,000","157,000,000","158,000,000","162,000,000","158,000,000","162,000,000","162,000,000",,,,,,,,,,,,,,,,,,,,,,,,,,,,,,,,,,,,,,,,,,,,,,,,,,,,,,,,,,,,,,,,,,,,,,,,,,,,,,,,,,,,,,,,,,,,,,
	TotalOtherFinanceCost,,,,,,"6,000,000",,,,,,,,,,,,"5,000,000",,,,"6,000,000",,,,"6,000,000",,,,"6,000,000",,"7,000,000",,,"6,000,000",,,,,,,,,,,,,,,,,,,,,,,,,,,,,,,,,,,,,,,,,,,,,,,,,,,,,,,,,,,,,,,,,,,,,,,,,,,,,,,,,,,,,,,,,,,,,,,,,,,,,,,,,,,,,,,,
OtherIncomeExpense,"-56,000,000","-84,000,000","24,000,000","76,000,000","103,000,000","87,000,000","-58,000,000","63,000,000","-1,656,000,000","-21,000,000","83,000,000","81,000,000","79,000,000","129,000,000","89,000,000","-170,000,000","55,000,000","87,000,000","86,000,000","85,000,000","123,000,000","22,000,000","98,000,000","-65,000,000","101,000,000","-933,000,000","-787,000,000","44,000,000","70,000,000","108,000,000","98,000,000","102,000,000","113,000,000","78,000,000","103,000,000","40,000,000","34,000,000","39,000,000","-71,000,000","40,000,000","28,000,000","31,000,000","378,000,000","30,000,000","20,000,000","13,000,000","27,000,000","20,000,000","17,000,000","15,000,000","23,000,000","38,000,000","-8,000,000","5,000,000","26,000,000","14,000,000","9,000,000","11,000,000","-18,000,000","7,000,000","3,000,000","18,000,000","20,000,000","9,000,000","2,000,000","5,000,000","8,000,000","6,936,000","2,227,000","12,752,000","4,266,000","13,421,000","4,385,000","-17,273,000","-2,248,000","16,554,000","-2,584,000","2,235,000","7,653,000","12,129,000","7,037,000","11,543,000","19,290,000","87,791,000","50,421,000","-63,827,000","37,762,000","1,344,548,000","-1,503,812,000","-25,800,000","12,700,000","11,800,000","11,000,000","18,000,000","13,000,000","16,600,000","16,500,000","5,800,000","21,300,000","9,700,000","9,400,000","-9,900,000","19,000,000","9,900,000","8,000,000","26,800,000","1,600,000","-17,400,000","-10,600,000","-700,000","-300,000","3,700,000","-400,000",,,,,,,,,,,,,,,,,,,,,,,,,,,,,,,,,,
	GainOnSaleOfSecurity,"-122,000,000",,"-1,000,000","-2,000,000","3,000,000","0","-1,000,000","-1,000,000","-9,000,000","0","-3,000,000","-4,000,000","-3,000,000","-4,000,000","-1,000,000","-232,000,000","-17,000,000","11,000,000","1,000,000","10,000,000","34,000,000","-16,000,000","5,000,000","-110,000,000","34,000,000","-9,000,000","-5,000,000","-12,000,000","7,000,000","33,000,000","9,000,000","22,000,000","13,000,000","5,000,000","12,000,000","3,000,000","23,000,000","23,000,000","25,000,000","22,000,000","13,000,000","19,000,000","8,000,000","18,000,000","9,000,000","1,000,000","14,000,000","10,000,000","11,000,000","0","17,000,000","9,000,000","-12,000,000",,,,,,,,,,,,,,,,,,,,,,,,,,,,,,,,,,,,,,,,,,,,,,,,,,,,,,,,,,,,,,,,,,,,,,,,,,,,,,,,,,,,,,,,,,,,,,
	EarningsFromEquityInterest,,,,"67,000,000","108,000,000","71,000,000","-67,000,000","43,000,000","-1,475,000,000","17,000,000","77,000,000","74,000,000","62,000,000","99,000,000","81,000,000","58,000,000","69,000,000","66,000,000","68,000,000","59,000,000","72,000,000","44,000,000","73,000,000","31,000,000","60,000,000","-934,000,000","-794,000,000","43,000,000","52,000,000","67,000,000","79,000,000","71,000,000","91,000,000","66,000,000","80,000,000","37,000,000","5,000,000","6,000,000","8,000,000","8,000,000","9,000,000","8,000,000","8,000,000","8,000,000","6,000,000","7,000,000","10,000,000","7,000,000","5,000,000","10,000,000","-3,000,000","11,000,000","0",,,,,,,,,,,,,,,,,,,,,,,,,,,,,,,,,,,,,,,,,,,,,,,,,,,,,,,,,,,,,,,,,,,,,,,,,,,,,,,,,,,,,,,,,,,,,,
	SpecialIncomeCharges,"8,000,000","0","8,000,000","0","0","0","0","0","-185,000,000","-48,000,000",,,,,,,,,,,,,,,,,,,,,,,,"0","0",,,"-28,000,000","-104,000,000","10,000,000","6,000,000","4,000,000","362,000,000","4,000,000","5,000,000","5,000,000","3,000,000","3,000,000","1,000,000","5,000,000","9,000,000","18,000,000","4,000,000","5,000,000","26,000,000","14,000,000","9,000,000","11,000,000","-18,000,000","7,000,000","3,000,000","18,000,000","20,000,000","9,000,000","2,000,000","5,000,000","8,000,000","6,936,000","2,227,000","12,752,000","4,266,000","13,421,000","4,385,000","-17,273,000","-2,248,000","16,554,000","-2,584,000","2,235,000","7,653,000","12,129,000","7,037,000","11,543,000","19,290,000","87,791,000","50,421,000","-63,827,000","37,762,000","1,344,548,000","-1,503,812,000","-25,800,000","12,700,000","11,800,000","11,000,000","18,000,000","13,000,000","16,600,000","16,500,000","5,800,000","21,300,000","9,700,000","9,400,000","-9,900,000","19,000,000","9,900,000","8,000,000","26,800,000","1,600,000","-17,400,000","-10,600,000","-700,000","-300,000","3,700,000","-400,000",,,,,,,,,,,,,,,,,,,,,,,,,,,,,,,,,,
		RestructuringAndMergernAcquisition,,,,,,,,,,,,,,,,,,,,,,,,,,,,,,,,,,"0","0",,,,,,,,,,,,,,,,,,,,,,,,,,,,,,,,,,,,,,,,,,,,,,,,,,,,,,,,,,,,,,,,,,,,,,,,,,,,,,,,,,,,,,,,,,,,,,,,,,,,,,,,,,,,,,,,
		ImpairmentOfCapitalAssets,"0","0","0","0","0","0","0","0","185,000,000","48,000,000",,,,,,,,,,,,,,,,,,,,,,,,"0","0",,,"0","252,000,000",,,,,,,,,,,,,,,,,,,,,,,,,,,,,,,,,,,,,,,,,,,,,,,,,,,,,,,,,,,,,,,,,,,,,,,,,,,,,,,,,,,,,,,,,,,,,,,,,,,,,,,,,,,,
		OtherSpecialCharges,,,,,,,,,,,,,,,,,,,,,,,,,,,,,,,,,,,,,,,"-148,000,000",,,"-4,000,000","-362,000,000",,,,"-3,000,000",,,,,,,,,,,,,,,,,,,,,,,,,,,,,,,,,,,,,,,,,,,,,,,,,,,,,,,,,,,,,,,,,,,,,,,,,,,,,,,,,,,,,,,,,,,,,,,,,,,,
		GainOnSaleOfBusiness,"8,000,000","0","8,000,000",,,,,,,,,,,,,,,,,,,,,,,,,,,,,,,,,,,,,,,,,,,,,,,,,,,,,,,,,,,,,,,,,,,,,,,,,,,,,,,,,,,,,,,,,,,,,,,,,,,,,,,,,,,,,,,,,,,,,,,,,,,,,,,,,,,,,,,,,,,,,,,,
	OtherNonOperatingIncomeExpenses,"58,000,000","38,000,000","17,000,000","11,000,000","-8,000,000","16,000,000","10,000,000","21,000,000","13,000,000","10,000,000","9,000,000","11,000,000","20,000,000","34,000,000","9,000,000","4,000,000","3,000,000","10,000,000","17,000,000","16,000,000","17,000,000","-6,000,000","20,000,000","14,000,000","7,000,000","10,000,000","12,000,000","13,000,000","11,000,000","8,000,000","10,000,000","9,000,000","9,000,000","7,000,000","11,000,000",,"6,000,000",,,,,,,,,,,,,,,,,,,,,,,,,,,,,,,,,,,,,,,,,,,,,,,,,,,,,,,,,,,,,,,,,,,,,,,,,,,,,,,,,,,,,,,,,,,,,,,,,,,,,,,,,,,,,,
PretaxIncome,"778,000,000","85,000,000","183,000,000","248,000,000","437,000,000","254,000,000","117,000,000","164,000,000","-1,400,000,000","182,000,000","332,000,000","224,000,000","191,000,000","181,000,000","209,000,000","-88,000,000","212,000,000","286,000,000","267,000,000","211,000,000","299,000,000","162,000,000","276,000,000","8,000,000","240,000,000","-818,000,000","-635,000,000","114,000,000","209,000,000","209,000,000","213,000,000","169,000,000","294,000,000","175,000,000","229,000,000","144,000,000","233,000,000","210,000,000","128,000,000","200,000,000","219,000,000","159,000,000","590,000,000","190,000,000","235,000,000","164,000,000","199,000,000","126,000,000","216,000,000","152,000,000","152,000,000","129,000,000","115,000,000","152,000,000","213,000,000","163,000,000","197,000,000","149,000,000","145,000,000","98,000,000","202,000,000","104,000,000","152,000,000","78,000,000","160,000,000","112,000,000","91,000,000","45,636,000","129,716,000","276,436,000","18,805,000","95,895,000","123,584,000","92,287,000","293,833,000","127,303,000","121,198,000","-7,287,000","254,659,000","384,045,000","339,173,000","190,742,000","487,163,000","422,508,000","318,372,000","20,520,000","614,698,000","323,893,000","189,089,000","137,300,000","2,567,500,000","126,300,000","-266,200,000","-584,400,000","351,500,000","89,100,000","-27,700,000","5,300,000","370,200,000","172,000,000","80,100,000","45,700,000","370,200,000","215,800,000","-26,600,000","10,000,000","353,700,000","199,000,000","34,200,000","2,800,000","367,600,000","212,100,000","60,700,000",,,,,,,,,,,,,,,,,,,,,,,,,,,,,,,,,,
TaxProvision,"110,000,000","47,000,000","33,000,000","-3,000,000","74,000,000","54,000,000","-10,000,000","29,000,000","-347,000,000","25,000,000","62,000,000","29,000,000","22,000,000","61,000,000","51,000,000","-13,000,000","47,000,000","-1,010,000,000","98,000,000","76,000,000","107,000,000","61,000,000","97,000,000","10,000,000","86,000,000","-309,000,000","-244,000,000","37,000,000","78,000,000","33,000,000","70,000,000","62,000,000","109,000,000","62,000,000","78,000,000","244,000,000","86,000,000","76,000,000","118,000,000","74,000,000","72,000,000","42,000,000","204,000,000","71,000,000","87,000,000","40,000,000","76,000,000","45,000,000","102,000,000","47,000,000","38,000,000","43,000,000","48,000,000","65,000,000","77,000,000","62,000,000","74,000,000","41,000,000","54,000,000","28,000,000","72,000,000","37,000,000","69,000,000","-116,000,000","72,000,000","31,000,000","41,000,000","17,931,000","63,064,000","113,525,000","2,174,000","38,243,000","49,997,000","20,047,000","110,799,000","44,346,000","40,260,000","681,000","93,208,000","148,400,000","113,821,000","44,065,000","196,863,000","148,767,000","110,150,000","-11,914,000","225,635,000","107,407,000","55,936,000","26,800,000","877,400,000","51,500,000","-56,500,000","-182,900,000","104,100,000","44,900,000","3,600,000","9,200,000","126,200,000","50,600,000","20,500,000","9,400,000","130,200,000","70,500,000","-9,900,000","5,600,000","117,800,000","65,700,000","10,400,000","-7,900,000","131,600,000","78,300,000","22,300,000",,,,,,,,,,,,,,,,,,,,,,,,,,,,,,,,,,
NetIncomeCommonStockholders,"1,391,000,000","641,000,000","195,000,000","221,000,000","334,000,000","151,000,000","69,000,000","59,000,000","-1,228,000,000","128,000,000","241,000,000","165,000,000","140,000,000","90,000,000","153,000,000","-75,000,000","165,000,000","1,296,000,000","169,000,000","135,000,000","192,000,000","101,000,000","179,000,000","-2,000,000","154,000,000","-509,000,000","-391,000,000","77,000,000","131,000,000","176,000,000","143,000,000","107,000,000","185,000,000","113,000,000","151,000,000","-100,000,000","147,000,000","134,000,000","10,000,000","126,000,000","147,000,000","117,000,000","973,000,000","119,000,000","148,000,000","124,000,000","123,000,000","81,000,000","114,000,000","105,000,000","114,000,000","86,000,000","67,000,000","87,000,000","136,000,000","101,000,000","123,000,000","108,000,000","91,000,000","70,000,000","130,000,000","67,000,000","83,000,000","194,000,000","88,000,000","81,000,000","50,000,000","54,423,000","67,088,000","100,255,000","-1,136,198,000","57,652,000","73,587,000","70,287,000","181,725,000","63,225,000","168,432,000","-62,990,000","-4,124,493,000","235,645,000","225,352,000","153,405,000","290,203,000","273,596,000","262,497,000","-298,744,000","388,966,000","223,833,000","133,056,000","293,700,000","1,690,000,000","74,700,000","-209,800,000","-401,600,000","247,300,000","44,200,000","-31,400,000","-4,000,000","243,900,000","121,400,000","59,600,000","36,300,000","240,000,000","145,300,000","-16,700,000","3,800,000","854,000,000","133,300,000","114,400,000","10,700,000","236,000,000","133,800,000","30,200,000","28,300,000","260,400,000","100,200,000","27,100,000","162,700,000","230,900,000","74,900,000","-33,900,000","54,300,000","223,800,000","87,400,000","51,800,000","61,600,000","209,200,000","77,500,000","-8,900,000","130,400,000","141,200,000",,,,,,,,,,,,,,,,
	NetIncome,"1,486,000,000","654,000,000","218,000,000","251,000,000","363,000,000","200,000,000","121,000,000","105,000,000","-1,199,000,000","157,000,000","270,000,000","195,000,000","169,000,000","120,000,000","158,000,000","-75,000,000","165,000,000","1,296,000,000","169,000,000","135,000,000","192,000,000","101,000,000","179,000,000","-2,000,000","154,000,000","-509,000,000","-391,000,000","77,000,000","131,000,000","176,000,000","143,000,000","107,000,000","185,000,000","113,000,000","151,000,000","-100,000,000","147,000,000","134,000,000","10,000,000","126,000,000","147,000,000","117,000,000","973,000,000","119,000,000","148,000,000","124,000,000","123,000,000","81,000,000","114,000,000","105,000,000","114,000,000","86,000,000","67,000,000","87,000,000","136,000,000","101,000,000","123,000,000","108,000,000","91,000,000","70,000,000","130,000,000","67,000,000","83,000,000","194,000,000","88,000,000","81,000,000","50,000,000","54,423,000","67,088,000","100,255,000","-1,136,198,000","57,652,000","73,587,000","70,287,000","181,725,000","63,225,000","168,432,000","-62,990,000","-4,124,493,000","235,645,000","225,352,000","153,971,000","290,300,000","273,694,000","262,594,000","-298,647,000","389,063,000","223,931,000","133,153,000","293,800,000","1,690,100,000","74,800,000","-209,700,000","-401,500,000","247,400,000","44,200,000","-31,300,000","-3,900,000","244,000,000","121,400,000","59,600,000","36,300,000","240,000,000","145,300,000","-16,700,000","3,800,000","854,000,000","133,300,000","114,400,000","10,700,000","236,000,000","133,800,000","30,200,000","28,300,000","260,400,000","100,200,000","27,100,000","162,700,000","230,900,000","74,900,000","-33,900,000","54,300,000","223,800,000","87,400,000","51,800,000","61,600,000","209,200,000","77,500,000","-8,900,000","130,400,000","141,200,000",,,,,,,,,,,,,,,,
		NetIncomeIncludingNoncontrollingInterests,"1,486,000,000","654,000,000","218,000,000","251,000,000","363,000,000","200,000,000","121,000,000","105,000,000","-1,199,000,000","157,000,000","270,000,000","195,000,000","169,000,000","120,000,000","158,000,000","-75,000,000","165,000,000","1,296,000,000","169,000,000","135,000,000","192,000,000","101,000,000","179,000,000","-2,000,000","154,000,000","-509,000,000","-391,000,000","77,000,000","131,000,000","176,000,000","143,000,000","107,000,000","185,000,000","113,000,000","151,000,000","-100,000,000","147,000,000","134,000,000","10,000,000","126,000,000","147,000,000","117,000,000","973,000,000","119,000,000","148,000,000","124,000,000","123,000,000","81,000,000","114,000,000","105,000,000","114,000,000","86,000,000","67,000,000","87,000,000","136,000,000","101,000,000","123,000,000","108,000,000","91,000,000","70,000,000","130,000,000","67,000,000","83,000,000","194,000,000","88,000,000","81,000,000","50,000,000","54,423,000","67,088,000","100,255,000","-1,136,198,000","72,901,000","85,177,000","79,125,000","197,411,000","69,520,000","166,366,000","-104,637,000","-4,110,595,000","280,089,000","255,684,000","144,763,000","329,917,000","311,075,000","262,594,000","-339,105,000","402,817,000","236,743,000","133,153,000","293,800,000","1,690,100,000","74,800,000","-209,700,000","-401,500,000","247,400,000","44,200,000","-31,300,000","-3,900,000","244,000,000","121,500,000","61,700,000","41,600,000","245,400,000","150,600,000","-10,100,000","10,600,000","860,800,000","140,800,000","123,400,000","19,300,000","244,300,000","142,200,000","38,500,000","28,300,000","260,400,000","100,200,000","27,100,000","162,700,000","230,900,000","74,900,000","-33,900,000","54,300,000","223,800,000","87,400,000","51,800,000","61,600,000","209,200,000","77,500,000","-8,900,000","130,400,000","141,200,000","56,700,000","85,200,000","47,200,000","180,300,000","88,300,000","79,500,000","73,800,000","203,700,000","99,700,000","57,800,000","89,200,000","184,800,000","78,200,000","72,700,000","104,200,000","179,400,000"
			NetIncomeContinuousOperations,"668,000,000","38,000,000","150,000,000","251,000,000","363,000,000","200,000,000","127,000,000","135,000,000","-1,053,000,000","157,000,000","270,000,000","195,000,000","169,000,000","120,000,000","158,000,000","-75,000,000","165,000,000","1,296,000,000","169,000,000","135,000,000","192,000,000","101,000,000","179,000,000","-2,000,000","154,000,000","-509,000,000","-391,000,000","77,000,000","131,000,000","176,000,000","143,000,000","107,000,000","185,000,000","113,000,000","151,000,000","-100,000,000","147,000,000","134,000,000","10,000,000","126,000,000","147,000,000","117,000,000","386,000,000","119,000,000","148,000,000","124,000,000","123,000,000","81,000,000","114,000,000","105,000,000","114,000,000","86,000,000","67,000,000","87,000,000","136,000,000","101,000,000","123,000,000","108,000,000","91,000,000","70,000,000","130,000,000","67,000,000","83,000,000","194,000,000","88,000,000","81,000,000","50,000,000","27,705,000","66,652,000","162,911,000","16,631,000","57,652,000","73,587,000","72,240,000","183,034,000","82,957,000","80,938,000","-7,968,000","161,451,000","235,645,000","225,352,000","146,677,000","290,300,000","273,741,000","208,222,000","32,434,000","389,063,000","216,486,000","133,153,000","110,500,000","1,690,100,000","74,800,000","-209,700,000","-401,500,000","247,400,000","44,200,000","-31,300,000","-3,900,000","244,000,000","121,400,000","59,600,000","36,300,000","240,000,000","145,300,000","-16,700,000","4,400,000","235,900,000","133,300,000","23,800,000","10,700,000","236,000,000","133,800,000","38,400,000","28,300,000","260,400,000","100,200,000","27,100,000","68,500,000","230,900,000","74,900,000","-33,900,000","54,300,000","223,800,000","87,400,000","51,800,000","61,600,000","209,200,000","77,500,000","-8,900,000","130,400,000","141,200,000","56,700,000","85,200,000","47,200,000","180,300,000","88,300,000","79,500,000","73,800,000","203,700,000","99,700,000","57,800,000","89,200,000","184,800,000","78,200,000","72,700,000","104,200,000","179,400,000"
			NetIncomeDiscontinuousOperations,"818,000,000","616,000,000","68,000,000","0","0","0","-6,000,000","-30,000,000","-146,000,000",,,,,,,,,,,,,,,,,,,,,,,,,,,,,,,,,,,,,,,,,,,,,,,,,,,,,,,,,"0",,"-3,723,000","436,000","21,062,000","-259,211,000",,,"-1,953,000","-1,309,000","-19,732,000","7,422,000","-37,812,000","-4,285,944,000",,,,,,"-7,294,000",,,,,,,,,,,,,,,,,,,,,"-600,000","618,100,000",,"90,600,000",,,,,,,,,,,,,,,,,,,,,,,,,,,,,,,,,,,,,,
			NetIncomeExtraordinary,,,,,,,,,,,,,,,,,,,,,,,,,,,,,,,,,,,,,,"0","0",,,"0","587,000,000",,,,"0",,,,,,,,,,,,,,,,,,,,,,,,,,,"0",,,"80,072,000",,,,,"0",,"-47,000","61,666,000",,,,,,,,,,,,,,,,,,,,,,,,,"0",,,"-8,200,000",,,,,,,,,,,,,,,,,,,,,,,,,,,,,,,,,,
			NetIncomeFromTaxLossCarryforward,,,,,,,,,,,,,,,,,,,,,,,,,,,,,,,,,,,,,,,,,,,,,,,,,,,,,,,,,,,,,,,,,,"0",,"30,441,000",,"-83,718,000","-893,618,000",,,,,,,,,,,,,,,"0",,"7,445,000",,,,,,,,,,,,,,,,,,,,,,,,,,,,,,,,,,,,,,,,,,,,,,,,,,,,,,,,,,,
		MinorityInterests,,,,,,,,,,,,,,,,,,,,,,,,,,,,,,,,,,,,,,,,,,,,,,,,,,,,,,,,,,,,,,,,,,,,,,,,"-15,249,000","-11,590,000","-8,838,000","-15,686,000","-6,295,000","2,066,000",,"-13,898,000","-44,444,000","-30,332,000","9,208,000","-39,617,000","-37,381,000",,,"-13,754,000","-12,812,000",,,,,,,,,,"0",,"-100,000","-2,100,000","-5,300,000","-5,400,000","-5,300,000","-6,600,000","-6,800,000","-6,800,000","-7,500,000","-9,000,000","-8,600,000","-8,300,000","-8,400,000","-8,300,000",,,,,,,,,,,,,,,,,,,,,,,,,,,,,,,,,,
	PreferredStockDividends,"95,000,000","13,000,000","23,000,000","30,000,000","29,000,000","49,000,000","52,000,000","46,000,000","29,000,000","29,000,000","29,000,000","30,000,000","29,000,000","30,000,000","5,000,000",,,,,,,,,,,,,,,,,,,,,,,,,,,,,,,,,,,,,,,,,,,,,,,,,,,,,,,,,,,,,,,,,,,"566,000","97,000","98,000","97,000","97,000","97,000","98,000","97,000","100,000","100,000","100,000","100,000","100,000","100,000",,"100,000","100,000","100,000",,,,,,,,,,,,,,,,,,,,,,,,,,,,,,,,,,,,,,,,,,,,,,,,
AverageDilutionEarnings,,,,,"17,000,000",,,,,,"0",,"0",,,,,,,,,,,,,,,,,,,,,,,,,,,,,,,,,,,,,,,,,,,,,,,,,,,,,,,,,,,,,,,,,,,,,,,,,,,,,,,,,,,,,,,,,,,,,,,,,,,,,,,,,,,,,,,,,,,,,,,,,,,,,,,,,,,,,,
DilutedNIAvailtoComStockholders,"1,391,000,000","641,000,000","195,000,000","221,000,000","351,000,000","151,000,000","69,000,000","59,000,000","-1,228,000,000","128,000,000","241,000,000","165,000,000","140,000,000","90,000,000","153,000,000","-75,000,000","165,000,000","1,296,000,000","169,000,000","135,000,000","192,000,000","101,000,000","179,000,000","-2,000,000","154,000,000","-509,000,000","-391,000,000","77,000,000","131,000,000","176,000,000","143,000,000","107,000,000","185,000,000","113,000,000","151,000,000","-100,000,000","147,000,000","134,000,000","10,000,000","126,000,000","147,000,000","117,000,000","973,000,000","119,000,000","148,000,000","124,000,000","123,000,000","81,000,000","114,000,000","105,000,000","114,000,000","86,000,000","67,000,000","87,000,000","136,000,000","101,000,000","123,000,000","108,000,000","91,000,000","70,000,000","130,000,000","67,000,000","83,000,000","194,000,000","88,000,000","81,000,000","50,000,000","54,423,000","67,088,000","100,255,000","-1,136,198,000","57,652,000","73,587,000","70,287,000","181,725,000","63,225,000","168,432,000","-62,990,000","-4,124,493,000","235,645,000","225,352,000","153,405,000","290,203,000","273,596,000","262,497,000","-298,744,000","388,966,000","223,833,000","133,056,000","293,700,000","1,690,000,000","74,700,000","-209,800,000","-401,600,000","247,300,000","44,200,000","-31,400,000","-4,000,000","243,900,000","121,400,000","59,600,000","36,300,000","240,000,000","145,300,000","-16,700,000","3,800,000","854,000,000","133,300,000","114,400,000","10,700,000","236,000,000","133,800,000","30,200,000","28,300,000","260,400,000","100,200,000","27,100,000","162,700,000","230,900,000","74,900,000","-33,900,000","54,300,000","223,800,000","87,400,000","51,800,000","61,600,000","209,200,000","77,500,000","-8,900,000","130,400,000","141,200,000",,,,,,,,,,,,,,,,
BasicEPS,,,"0.32","0.38","0.56","0.28","0.13","0.11","-2.44","0.25","0.48","0.33","0.28","0.18","0.35","-0.17","0.38","3.01","0.39","0.31","0.45","0.23","0.42","-0.01","0.36","-1.18","-0.91","0.18","0.3","0.41","0.33","0.25","0.43",,"0.35","-0.23","0.34",,"0.02","0.29","0.34",,"2.28","0.28","0.35",,"0.29","0.2","0.29",,"0.31","0.24","0.19",,"0.4","0.3","0.38",,"0.29","0.22","0.41",,"0.27","0.62","0.28",,"0.16","0.18","0.22",,"-3.69","0.19","0.24",,"0.6","0.21","0.56",,"-13.8","0.79","0.76",,"1","0.94","0.91",,"1.36","0.79","0.47",,"5.92","0.26","-0.74",,"0.87","0.16","-0.11",,"0.93","0.52","0.26",,"0.98","0.58","-0.07",,"3.45","0.54","0.47",,"0.96","0.51","0.12",,"1","0.39","0.11",,"0.9","0.3","-0.13",,"0.88","0.35","0.21",,"0.82","0.31","-0.04",,"0.56","0.23","0.36",,"0.76","0.38","0.34",,"0.88","0.43","0.25",,"0.83","0.35","0.34",,"0.84"
DilutedEPS,,,"0.32","0.37","0.56","0.27","0.13","0.11","-2.44","0.25","0.47","0.33","0.28","0.18","0.35","-0.17","0.38","2.99","0.39","0.31","0.44","0.23","0.41","-0.01","0.36","-1.18","-0.91","0.18","0.3","0.41","0.33","0.25","0.43",,"0.35","-0.23","0.34",,"0.02","0.29","0.34",,"2.27","0.28","0.35",,"0.29","0.2","0.29",,"0.31","0.24","0.19",,"0.39","0.3","0.36",,"0.27","0.2","0.38",,"0.26","0.61","0.28",,"0.15","0.16","0.2",,"-3.69","0.19","0.24",,"0.59","0.21","0.56",,"-13.8","0.79","0.76",,"0.99","0.93","0.9",,"1.34","0.78","0.47",,"5.9","0.26","-0.74",,"0.87","0.16","-0.11",,"0.93","0.52","0.26",,"0.98","0.58","-0.07",,"3.45","0.54","0.47",,"0.96","0.51","0.12",,"1","0.39","0.11",,"0.9","0.3","-0.13",,"0.88","0.35","0.21",,"0.82","0.31","-0.04",,"0.56","0.23","0.36",,"0.76","0.38","0.34",,"0.88","0.43","0.25",,"0.83","0.35","0.34",,"0.84"
BasicAverageShares,,,"605,000,000","586,000,000","552,000,000","548,514,000","545,000,000","528,000,000","502,000,000","502,241,000","502,000,000","502,000,000","502,000,000","500,437,000","432,000,000","432,000,000","431,000,000","431,038,000","431,000,000","431,000,000","431,000,000","430,682,000","431,000,000","430,653,000","430,000,000","430,262,000","430,000,000","430,000,000","430,000,000","429,796,000","430,000,000","429,773,000","429,000,000",,"428,628,000","429,000,000","428,000,000",,"427,406,000","427,000,000","426,000,000",,"426,000,000","426,000,000","425,000,000",,"422,178,000","399,515,000","392,855,000",,"369,512,000","352,461,000","347,496,000",,"340,000,000","331,354,000","323,684,211",,"313,793,103","318,181,818","317,073,171",,"307,407,407","312,903,226","314,285,714",,"312,500,000","302,350,000","304,945,455",,"307,912,737","303,431,579","306,612,500",,"302,875,000","301,071,429","300,771,429",,"298,876,304","297,696,000","296,222,000",,"290,318,000","289,743,000","287,336,000",,"285,183,000","284,238,000","293,420,705",,"285,472,973","287,307,692","283,513,514",,"284,252,874","276,250,000","285,454,545",,"262,258,065","233,461,538","229,230,769",,"244,897,959","250,517,241","238,571,429",,"247,536,232","246,851,852","243,404,255",,"245,833,333","262,352,941","251,666,667",,"260,400,000","256,923,077","246,363,636",,"256,555,556","249,666,667","260,769,231",,"254,318,182","249,714,286","246,666,667",,"255,121,951","250,000,000","222,500,000",,"252,142,857","250,476,000","245,778,000",,"236,546,000","235,322,000","234,432,000",,"233,310,000","232,528,000","226,690,000",,"224,166,000","217,050,000","216,086,000",,"213,706,000"
DilutedAverageShares,,,"609,000,000","596,000,000","631,000,000","552,204,000","548,000,000","531,000,000","502,000,000","505,348,000","505,000,000","505,000,000","504,000,000","504,073,000","435,000,000","432,000,000","434,000,000","434,382,000","434,000,000","434,000,000","433,000,000","433,679,000","433,000,000","430,653,000","433,000,000","430,262,000","430,000,000","432,000,000","431,000,000","431,830,000","432,000,000","431,409,000","431,000,000",,"430,867,000","431,000,000","430,000,000",,"429,983,000","430,000,000","428,000,000",,"429,000,000","428,000,000","427,000,000",,"424,968,000","401,993,000","395,078,000",,"371,742,000","354,280,000","347,496,000",,"348,717,949","342,027,000","341,666,667",,"337,037,037","350,000,000","342,105,263",,"319,230,769","318,032,787","314,285,714",,"333,333,333","340,143,750","335,440,000",,"310,436,612","303,431,579","306,612,500",,"308,008,475","301,071,429","300,771,429",,"299,527,451","298,471,000","297,166,000",,"292,212,000","292,737,000","290,173,000",,"289,599,000","286,568,000","293,420,705",,"286,440,678","287,307,692","283,513,514",,"284,252,874","276,250,000","285,454,545",,"262,258,065","233,461,538","229,230,769",,"244,897,959","250,517,241","238,571,429",,"247,536,232","246,851,852","243,404,255",,"245,833,333","262,352,941","251,666,667",,"260,400,000","256,923,077","246,363,636",,"256,555,556","249,666,667","260,769,231",,"254,318,182","249,714,286","246,666,667",,"255,121,951","250,000,000","222,500,000",,"252,142,857","250,476,000","245,778,000",,"236,546,000","235,322,000","234,432,000",,"233,310,000","232,528,000","226,690,000",,"224,166,000","217,050,000","216,086,000",,"213,706,000"
TotalOperatingIncomeAsReported,"1,363,000,000","336,000,000","278,000,000","296,000,000","453,000,000","285,000,000","302,000,000","235,000,000","217,000,000","302,000,000","392,000,000","287,000,000","245,000,000","167,000,000","226,000,000","187,000,000","251,000,000","296,000,000","279,000,000","223,000,000","274,000,000","243,000,000","284,000,000","182,000,000","250,000,000","226,000,000","265,000,000","186,000,000","256,000,000","221,000,000","233,000,000","186,000,000","295,000,000","211,000,000","244,000,000","223,000,000","332,000,000","310,000,000","88,000,000","302,000,000","338,000,000","274,000,000","357,000,000","303,000,000","364,000,000","302,000,000","327,000,000","263,000,000","357,000,000","299,000,000","287,000,000","253,000,000","285,000,000","303,000,000","337,000,000","297,000,000","336,000,000","303,000,000","319,000,000","242,000,000","353,000,000","235,000,000","284,000,000","220,000,000","306,000,000","269,000,000","260,000,000","227,429,000","310,049,000","457,610,000","206,735,000","308,073,000","335,215,000","348,383,000","548,724,000","346,030,000","360,038,000","259,206,000","431,138,000","621,599,000","516,524,000","361,159,000","645,765,000","522,391,000","459,803,000","261,550,000","776,979,000","-820,337,000","1,869,778,000","267,500,000","2,685,700,000","254,600,000","-141,200,000","-462,000,000","465,700,000","205,500,000","91,800,000","133,300,000","462,800,000","247,200,000","156,300,000","131,900,000","434,800,000","286,300,000","42,600,000","53,100,000","434,300,000","294,300,000","123,300,000","96,500,000","463,900,000","300,800,000","150,700,000",,,,,,,,,,,,,,,,,,,,,,,,,,,,,,,,,,
TotalExpenses,"6,989,000,000","1,978,000,000","1,471,000,000","1,446,000,000","2,094,000,000","1,769,000,000","1,320,000,000","1,340,000,000","1,765,000,000","2,880,000,000","2,350,000,000","2,511,000,000","3,286,000,000","2,869,000,000","1,986,000,000","1,999,000,000","2,904,000,000","2,342,000,000","1,819,000,000","1,920,000,000","2,461,000,000","1,838,000,000","1,605,000,000","1,392,000,000","1,734,000,000","1,565,000,000","1,365,000,000","1,346,000,000","2,177,000,000","2,151,000,000","1,574,000,000","1,698,000,000","2,868,000,000","1,973,000,000","1,396,000,000","1,671,000,000","2,056,000,000","1,828,000,000","1,365,000,000","1,223,000,000","1,746,000,000","1,871,000,000","1,524,000,000","1,534,000,000","2,223,000,000","1,796,000,000","1,581,000,000","1,493,000,000","2,666,000,000","2,000,000,000","1,289,000,000","1,387,000,000","2,481,000,000","2,471,000,000","2,178,000,000","2,373,000,000","3,027,000,000","2,299,000,000","1,563,000,000","1,791,000,000","2,753,000,000","2,229,000,000","1,651,000,000","1,623,000,000","2,771,000,000","2,541,000,000","1,958,000,000","1,704,827,000","2,451,759,000","2,159,939,000","1,460,354,000","1,933,104,000","2,623,972,000","2,170,455,000","1,701,494,000","1,744,870,000","2,542,264,000","1,857,726,000","1,491,734,000","9,168,844,000","8,139,209,000","8,139,015,000","11,821,226,000","11,451,960,000","12,824,518,000","9,556,518,000","8,745,748,000","6,590,789,000","2,364,325,000","3,787,400,000","2,261,500,000","3,403,100,000","2,784,100,000","3,106,200,000","3,003,100,000","2,533,200,000","2,545,000,000","2,639,000,000","1,695,800,000","817,200,000","721,800,000","779,400,000","811,000,000","827,500,000","781,900,000","780,900,000","737,500,000","683,900,000","622,900,000","740,700,000","752,000,000","765,900,000","731,400,000",,,,,,,,,,,,,,,,,,,,,,,,,,,,,,,,,,
NetIncomeFromContinuingAndDiscontinuedOperation,"1,486,000,000","654,000,000","218,000,000","251,000,000","363,000,000","200,000,000","121,000,000","105,000,000","-1,199,000,000","157,000,000","270,000,000","195,000,000","169,000,000","120,000,000","158,000,000","-75,000,000","165,000,000","1,296,000,000","169,000,000","135,000,000","192,000,000","101,000,000","179,000,000","-2,000,000","154,000,000","-509,000,000","-391,000,000","77,000,000","131,000,000","176,000,000","143,000,000","107,000,000","185,000,000","113,000,000","151,000,000","-100,000,000","147,000,000","134,000,000","10,000,000","126,000,000","147,000,000","117,000,000","386,000,000","119,000,000","148,000,000","124,000,000","123,000,000","81,000,000","114,000,000","105,000,000","114,000,000","86,000,000","67,000,000","87,000,000","136,000,000","101,000,000","123,000,000","108,000,000","91,000,000","70,000,000","130,000,000","67,000,000","83,000,000","194,000,000","88,000,000","81,000,000","50,000,000","23,982,000","67,088,000","183,973,000","-242,580,000","57,652,000","73,587,000","70,287,000","181,725,000","63,225,000","88,360,000","-45,780,000","-4,124,493,000","235,645,000","225,352,000","153,971,000","290,300,000","273,741,000","200,928,000","-298,647,000","389,063,000","216,486,000","133,153,000","110,500,000","1,690,100,000","74,800,000","-209,700,000","-401,500,000","247,400,000","44,200,000","-31,300,000","-3,900,000","244,000,000","121,400,000","59,600,000","36,300,000","240,000,000","145,300,000","-16,700,000","3,800,000","854,000,000","133,300,000","114,400,000","10,700,000","236,000,000","133,800,000","38,400,000","28,300,000","260,400,000","100,200,000","27,100,000","68,500,000","230,900,000","74,900,000","-33,900,000","54,300,000","223,800,000","87,400,000","51,800,000","61,600,000","209,200,000","77,500,000","-8,900,000","130,400,000","141,200,000",,,,,,,,,,,,,,,,
NormalizedIncome,"765,881,748.072","127,060,000","144,262,295.082","252,460,000","360,510,000","200,000,000","127,730,000","135,820,000","-907,500,000","198,406,593.407","272,430,000","198,482,142.857","171,640,000","122,651,933.702","158,760,000","122,200,000","178,260,000","1,289,400,000","168,370,000","128,600,000","170,240,000","110,975,308.642","175,750,000","64,000,000","132,240,000","-503,399,755.501","-387,900,000","85,160,000","126,590,000","148,210,526.316","136,970,000","93,140,000","176,810,000","109,771,428.571","143,080,000","-101,950,000","132,510,000","137,190,476.19","61,350,000","105,840,000","134,246,575.342","100,075,471.698","143,932,203.39","105,221,052.632","139,182,978.723","119,463,414.634","112,492,462.312","72,642,857.143","106,200,000","101,546,052.632","94,500,000","68,000,000","72,200,000","83,750,000","119,399,061.033","92,325,153.374","117,380,710.66","100,026,845.638","102,296,551.724","65,000,000","128,069,306.931","55,403,846.154","71,000,000","188,600,000","86,800,000","77,383,928.571","45,200,000","23,494,247.962","65,315,800","155,259,800","12,858,181.813","49,583,305.157","70,956,000","85,760,880.731","184,434,320.699","72,169,585.893","82,663,637.321","-9,309,000","156,599,082.326","228,202,803.89","220,676,503.943","137,800,650.738","278,726,000","216,861,612.791","175,245,603.012","70,730,200","365,162,162.506","-682,192,941.28","1,192,109,783.504","131,264,020.393","1,681,740,011.685","67,720,000","-218,365,289.256","-413,866,529.774","238,250,071.124","34,240,000","-41,200,000","-7,380,000","229,961,102.107","114,553,604.651","52,605,742.821","44,163,676.149","227,682,333.874","138,634,244.671","-21,722,556.391","-11,680,000","234,832,880.973","144,955,376.884","31,176,608.187","11,120,000","236,192,600.653","131,465,912.306","38,653,047.776","28,300,000","260,400,000","100,200,000","27,100,000","68,500,000","230,900,000","74,900,000","-33,900,000","54,300,000","223,800,000","87,400,000","51,800,000","61,600,000","209,200,000","77,500,000","-8,900,000","130,400,000","141,200,000",,,,,,,,,,,,,,,,
InterestIncome,,,,,,"1,000,000","1,000,000","1,000,000","1,000,000",,,,,,,,,,,,,,,,,,,,,,,,,,,,,,,,,,,,,,,,,,,,,,,,,,,,,,,,,,,,,,,,,,,,,,,,,,,,,,,,,,,,,,,,,,,,,,,,,,,,,,,,,,,,,,,,,,,,,,,,,,,,,,,,,,,,,,,,,,
InterestExpense,"529,000,000","167,000,000","119,000,000","124,000,000","119,000,000","119,000,000","128,000,000","135,000,000","147,000,000","147,000,000","143,000,000","144,000,000","133,000,000","115,000,000","106,000,000","105,000,000","94,000,000","97,000,000","98,000,000","97,000,000","98,000,000","103,000,000","106,000,000","109,000,000","111,000,000","111,000,000","113,000,000","116,000,000","117,000,000","120,000,000","118,000,000","119,000,000","114,000,000","114,000,000","118,000,000","119,000,000","133,000,000","139,000,000","141,000,000","142,000,000","147,000,000","146,000,000","145,000,000","143,000,000","149,000,000","151,000,000","155,000,000","157,000,000","158,000,000","162,000,000","158,000,000","162,000,000","162,000,000",,"150,000,000",,,,,"151,000,000",,"149,000,000",,,,"162,000,000",,"188,729,000",,,,,"204,426,000","229,985,000","236,957,000",,,,,"205,239,000",,,,,,"217,661,000",,,,,,,,,"128,700,000",,,,,,,,"79,700,000",,,,,,,,,,,,,,,,,,,,,,,,,,,,,,,,,,,,,,,,,,,,
NetInterestIncome,"-529,000,000","-167,000,000","-119,000,000","-124,000,000","-119,000,000","-118,000,000","-127,000,000","-134,000,000","-146,000,000","-147,000,000","-143,000,000","-144,000,000","-133,000,000","-115,000,000","-106,000,000","-105,000,000","-94,000,000","-97,000,000","-98,000,000","-97,000,000","-98,000,000","-103,000,000","-106,000,000","-109,000,000","-111,000,000","-111,000,000","-113,000,000","-116,000,000","-117,000,000","-120,000,000","-118,000,000","-119,000,000","-114,000,000","-114,000,000","-118,000,000","-119,000,000","-133,000,000","-139,000,000","-141,000,000","-142,000,000","-147,000,000","-146,000,000","-145,000,000","-143,000,000","-149,000,000","-151,000,000","-155,000,000","-157,000,000","-158,000,000","-162,000,000","-158,000,000","-162,000,000","-162,000,000",,"-150,000,000",,,,,"-151,000,000",,"-149,000,000",,,,"-162,000,000",,"-188,729,000",,,,,"-204,426,000","-229,985,000","-236,957,000",,,,,"-205,239,000",,,,,,"-217,661,000",,,,,,,,,"-128,700,000",,,,,,,,"-79,700,000",,,,,,,,,,,,,,,,,,,,,,,,,,,,,,,,,,,,,,,,,,,,
EBIT,"1,307,000,000","252,000,000","302,000,000","372,000,000","556,000,000","373,000,000","245,000,000","299,000,000","-1,253,000,000","329,000,000","475,000,000","368,000,000","324,000,000","296,000,000","315,000,000","17,000,000","306,000,000","383,000,000","365,000,000","308,000,000","397,000,000","265,000,000","382,000,000","117,000,000","351,000,000","-707,000,000","-522,000,000","230,000,000","326,000,000","329,000,000","331,000,000","288,000,000","408,000,000","289,000,000","347,000,000","263,000,000","366,000,000","349,000,000","269,000,000","342,000,000","366,000,000","305,000,000","735,000,000","333,000,000","384,000,000","315,000,000","354,000,000","283,000,000","374,000,000","314,000,000","310,000,000","291,000,000","277,000,000","303,000,000","337,000,000","297,000,000","336,000,000","303,000,000","319,000,000","242,000,000","353,000,000","235,000,000","284,000,000","220,000,000","306,000,000","269,000,000","260,000,000","227,429,000","310,049,000","457,610,000","206,735,000","308,073,000","335,215,000","348,383,000","548,724,000","346,030,000","360,038,000","259,206,000","431,138,000","621,599,000","516,524,000","361,159,000","645,765,000","522,391,000","459,803,000","261,550,000","776,979,000","-820,337,000","1,869,778,000","267,500,000","2,685,700,000","254,600,000","-141,200,000","-462,000,000","465,700,000","205,500,000","91,800,000","133,300,000","462,800,000","247,200,000","156,300,000","131,900,000","434,800,000","286,300,000","42,600,000","53,100,000","434,300,000","294,300,000","123,300,000","96,500,000","463,900,000","300,800,000","150,700,000","972,600,000","1,416,700,000","1,068,200,000","992,200,000","1,131,300,000","1,392,200,000","1,097,600,000","975,300,000","1,095,300,000","1,370,600,000","1,059,600,000","918,200,000","1,007,400,000","1,279,200,000","1,074,100,000","817,900,000","891,800,000","1,141,700,000","950,400,000","805,900,000","869,800,000","1,107,800,000","863,000,000","808,900,000","816,200,000","1,135,700,000","899,000,000","777,300,000","778,300,000","1,101,200,000","860,700,000","795,800,000","921,700,000","1,219,400,000"
EBITDA,"2,623,000,000"
ReconciledCostOfRevenue,"5,145,000,000","1,516,000,000","992,000,000","766,000,000","1,871,000,000","1,335,000,000","892,000,000","914,000,000","1,346,000,000","2,450,000,000","1,895,000,000","2,055,000,000","2,838,000,000","2,509,000,000","1,565,000,000","1,556,000,000","2,479,000,000","1,952,000,000","1,457,000,000","1,567,000,000","2,139,000,000","1,489,000,000","1,188,000,000","1,009,000,000","1,373,000,000","1,234,000,000","1,006,000,000","1,017,000,000","1,852,000,000","1,824,000,000","1,195,000,000","1,349,000,000","2,522,000,000","1,662,000,000","1,059,000,000","1,326,000,000","1,708,000,000","2,849,000,000","520,000,000","409,000,000","969,000,000","1,066,000,000","735,000,000","778,000,000","1,476,000,000","1,053,000,000","822,000,000","764,000,000","1,935,000,000","1,290,000,000","582,000,000","710,000,000","1,789,000,000","1,783,000,000","1,526,000,000","1,743,000,000","2,386,000,000","1,625,000,000","947,000,000","1,227,000,000","2,131,000,000","1,604,000,000","1,049,000,000","1,021,000,000","2,179,000,000","1,928,000,000","1,402,131,000","1,173,229,000","1,928,212,000","1,794,491,000","1,004,984,000","1,253,523,000","1,920,766,000","1,251,654,000","1,047,665,000","1,101,012,000","1,864,604,000","1,170,607,000","1,025,456,000","8,014,316,000","7,139,037,000","7,094,775,000","10,713,182,000","10,465,541,000","11,774,762,000","8,521,695,000","7,710,253,000","4,342,581,000","3,125,125,000","2,938,800,000","3,626,200,000","2,545,700,000","1,745,900,000","1,658,700,000","2,104,400,000","1,538,000,000","1,698,700,000","1,878,000,000","994,300,000","325,700,000","320,300,000","305,300,000","391,300,000","374,800,000","275,800,000","254,800,000","319,300,000","289,300,000","249,200,000","301,300,000","313,500,000","339,400,000","315,700,000",,,,,,,,,,,,,,,,,,,,,,,,,,,,,,,,,,
ReconciledDepreciation,"1,316,000,000","328,000,000","354,000,000","554,000,000","80,000,000","305,000,000","306,000,000","297,000,000","283,000,000","305,000,000","341,000,000","343,000,000","322,000,000","261,000,000","326,000,000","342,000,000","314,000,000","287,000,000","269,000,000","254,000,000","226,000,000","253,000,000","324,000,000","289,000,000","260,000,000","246,000,000","268,000,000","239,000,000","217,000,000","229,000,000","293,000,000","256,000,000","235,000,000","213,000,000","248,000,000","253,000,000","240,000,000","250,000,000","301,000,000","275,000,000","224,000,000","209,000,000","253,000,000","223,000,000","201,000,000","204,000,000","229,000,000","231,000,000","200,000,000","181,000,000","208,000,000","188,000,000","166,000,000","176,000,000","200,000,000","195,000,000","165,000,000","177,000,000","214,000,000","141,000,000","164,000,000","166,000,000","168,000,000","167,000,000","154,000,000","148,000,000","164,869,000","155,234,000","149,897,000","157,103,000","48,733,000","189,911,000","186,349,000","314,209,000","166,445,000","160,082,000","159,187,000","167,824,000","-16,831,000","257,816,000","219,690,000","205,210,000","286,475,000","224,711,000","195,054,000","193,684,000","295,174,000","235,969,000","181,501,000",,,,,,,,,,,,,,,,,,,,,,,,,,,,,,,,,,,,,,,,,,,,,,,,,,,,,,,,,,
NetIncomeFromContinuingOperationNetMinorityInterest,"668,000,000","38,000,000","150,000,000","251,000,000","363,000,000","200,000,000","127,000,000","135,000,000","-1,053,000,000","157,000,000","270,000,000","195,000,000","169,000,000","120,000,000","158,000,000","-75,000,000","165,000,000","1,296,000,000","169,000,000","135,000,000","192,000,000","101,000,000","179,000,000","-2,000,000","154,000,000","-509,000,000","-391,000,000","77,000,000","131,000,000","176,000,000","143,000,000","107,000,000","185,000,000","113,000,000","151,000,000","-100,000,000","147,000,000","134,000,000","10,000,000","126,000,000","147,000,000","117,000,000","386,000,000","119,000,000","148,000,000","124,000,000","123,000,000","81,000,000","114,000,000","105,000,000","114,000,000","86,000,000","67,000,000","87,000,000","136,000,000","101,000,000","123,000,000","108,000,000","91,000,000","70,000,000","130,000,000","67,000,000","83,000,000","194,000,000","88,000,000","81,000,000","50,000,000","27,705,000","66,652,000","162,911,000","16,631,000","57,652,000","73,587,000","72,240,000","183,034,000","82,957,000","80,938,000","-7,968,000","161,451,000","235,645,000","225,352,000","146,677,000","290,300,000","273,741,000","208,222,000","32,434,000","389,063,000","216,486,000","133,153,000","110,500,000","1,690,100,000","74,800,000","-209,700,000","-401,500,000","247,400,000","44,200,000","-31,300,000","-3,900,000","244,000,000","121,400,000","59,600,000","36,300,000","240,000,000","145,300,000","-16,700,000","4,400,000","235,900,000","133,300,000","23,800,000","10,700,000","236,000,000","133,800,000","38,400,000","28,300,000","260,400,000","100,200,000","27,100,000","68,500,000","230,900,000","74,900,000","-33,900,000","54,300,000","223,800,000","87,400,000","51,800,000","61,600,000","209,200,000","77,500,000","-8,900,000","130,400,000","141,200,000",,,,,,,,,,,,,,,,
TotalUnusualItemsExcludingGoodwill,"-114,000,000","-122,000,000","7,000,000","-2,000,000","3,000,000","0","-1,000,000","-1,000,000","-194,000,000","-48,000,000","-3,000,000","-4,000,000","-3,000,000","-4,000,000","-1,000,000","-232,000,000","-17,000,000","11,000,000","1,000,000","10,000,000","34,000,000","-16,000,000","5,000,000","-110,000,000","34,000,000","-9,000,000","-5,000,000","-12,000,000","7,000,000","33,000,000","9,000,000","22,000,000","13,000,000","5,000,000","12,000,000","3,000,000","23,000,000","-5,000,000","-79,000,000","32,000,000","19,000,000","23,000,000","370,000,000","22,000,000","14,000,000","6,000,000","17,000,000","13,000,000","12,000,000","5,000,000","26,000,000","27,000,000","-8,000,000","5,000,000","26,000,000","14,000,000","9,000,000","11,000,000","-18,000,000","7,000,000","3,000,000","18,000,000","20,000,000","9,000,000","2,000,000","5,000,000","8,000,000","6,936,000","2,227,000","12,752,000","4,266,000","13,421,000","4,385,000","-17,273,000","-2,248,000","16,554,000","-2,584,000","2,235,000","7,653,000","12,129,000","7,037,000","11,543,000","19,290,000","87,791,000","50,421,000","-63,827,000","37,762,000","1,344,548,000","-1,503,812,000","-25,800,000","12,700,000","11,800,000","11,000,000","18,000,000","13,000,000","16,600,000","16,500,000","5,800,000","21,300,000","9,700,000","9,400,000","-9,900,000","19,000,000","9,900,000","8,000,000","26,800,000","1,600,000","-17,400,000","-10,600,000","-700,000","-300,000","3,700,000","-400,000",,,,,,,,,,,,,,,,,,,,,,,,,,,,,,,,,,
TotalUnusualItems,"-114,000,000","-122,000,000","7,000,000","-2,000,000","3,000,000","0","-1,000,000","-1,000,000","-194,000,000","-48,000,000","-3,000,000","-4,000,000","-3,000,000","-4,000,000","-1,000,000","-232,000,000","-17,000,000","11,000,000","1,000,000","10,000,000","34,000,000","-16,000,000","5,000,000","-110,000,000","34,000,000","-9,000,000","-5,000,000","-12,000,000","7,000,000","33,000,000","9,000,000","22,000,000","13,000,000","5,000,000","12,000,000","3,000,000","23,000,000","-5,000,000","-79,000,000","32,000,000","19,000,000","23,000,000","370,000,000","22,000,000","14,000,000","6,000,000","17,000,000","13,000,000","12,000,000","5,000,000","26,000,000","27,000,000","-8,000,000","5,000,000","26,000,000","14,000,000","9,000,000","11,000,000","-18,000,000","7,000,000","3,000,000","18,000,000","20,000,000","9,000,000","2,000,000","5,000,000","8,000,000","6,936,000","2,227,000","12,752,000","4,266,000","13,421,000","4,385,000","-17,273,000","-2,248,000","16,554,000","-2,584,000","2,235,000","7,653,000","12,129,000","7,037,000","11,543,000","19,290,000","87,791,000","50,421,000","-63,827,000","37,762,000","1,344,548,000","-1,503,812,000","-25,800,000","12,700,000","11,800,000","11,000,000","18,000,000","13,000,000","16,600,000","16,500,000","5,800,000","21,300,000","9,700,000","9,400,000","-9,900,000","19,000,000","9,900,000","8,000,000","26,800,000","1,600,000","-17,400,000","-10,600,000","-700,000","-300,000","3,700,000","-400,000",,,,,,,,,,,,,,,,,,,,,,,,,,,,,,,,,,
NormalizedEBITDA,"2,737,000,000","703,000,000","649,000,000","928,000,000","860,000,000","678,000,000","552,000,000","597,000,000","-776,000,000","682,000,000","819,000,000","715,000,000","649,000,000","561,000,000","642,000,000","591,000,000","637,000,000","659,000,000","633,000,000","552,000,000","589,000,000","534,000,000","701,000,000","516,000,000","577,000,000","-452,000,000","-249,000,000","481,000,000","536,000,000","525,000,000","615,000,000","522,000,000","630,000,000","497,000,000","583,000,000","513,000,000","583,000,000","604,000,000","649,000,000","585,000,000","571,000,000","491,000,000","618,000,000","534,000,000","571,000,000","513,000,000","580,000,000","501,000,000","562,000,000","490,000,000","492,000,000","452,000,000","451,000,000","474,000,000","511,000,000","478,000,000","492,000,000","469,000,000","551,000,000","395,000,000","514,000,000","383,000,000","432,000,000","378,000,000","458,000,000","412,000,000","416,869,000","375,727,000","457,719,000","601,961,000","327,997,000","484,563,000","517,179,000","679,865,000","717,417,000","489,558,000","521,809,000","424,795,000","583,958,000","867,286,000","729,177,000","554,826,000","912,950,000","659,311,000","604,436,000","519,061,000","1,034,391,000","-1,928,916,000","3,555,091,000","499,100,000","2,961,800,000","462,900,000","44,200,000","-295,500,000","726,400,000","430,500,000","257,600,000","339,000,000","632,400,000","377,600,000","284,500,000","311,700,000","556,000,000","413,300,000","171,500,000","167,300,000","567,900,000","431,300,000","244,700,000","228,400,000","593,000,000","422,700,000","270,900,000","972,600,000","1,416,700,000","1,068,200,000","992,200,000","1,131,300,000","1,392,200,000","1,097,600,000","975,300,000","1,095,300,000","1,370,600,000","1,059,600,000","918,200,000","1,007,400,000","1,279,200,000","1,074,100,000","817,900,000","891,800,000","1,141,700,000","950,400,000","805,900,000","869,800,000","1,107,800,000","863,000,000","808,900,000","816,200,000","1,135,700,000","899,000,000","777,300,000","778,300,000","1,101,200,000","860,700,000","795,800,000","921,700,000","1,219,400,000"
TaxRateForCalcs,"0.141","0.27","0.18","0.27","0.17","0.213","0.27","0.18","0.25","0.137","0.19","0.129","0.12","0.337","0.24","0.15","0.22","0.4","0.37","0.36","0.36","0.377","0.35","0.4","0.36","0.378","0.38","0.32","0.37","0.158","0.33","0.37","0.37","0.354","0.34","0.35","0.37","0.362","0.35","0.37","0.329","0.264","0.346","0.374","0.37","0.244","0.382","0.357","0.35","0.309","0.25","0.333","0.35","0.35","0.362","0.38","0.376","0.275","0.372","0.286","0.356","0.356","0.4","0.4","0.4","0.277","0.4","0.393","0.4","0.4","0.116","0.399","0.4","0.217","0.377","0.348","0.332","0.4","0.366","0.386","0.336","0.231","0.4","0.352","0.346","0.4","0.367","0.332","0.296","0.195","0.342","0.4","0.212","0.313","0.296","0.4","0.4","0.4","0.341","0.294","0.256","0.206","0.352","0.327","0.372","0.4","0.333","0.33","0.304","0.4","0.358","0.369","0.367","0.4","0.4","0.4","0.4","0.4","0.4","0.4","0.4","0.4","0.4","0.4","0.4","0.4","0.4","0.4","0.4","0.4","0.4",,,,,,,,,,,,,,,,
TaxEffectOfUnusualItems,"-16,118,251.928","-32,940,000","1,262,295.082","-540,000","510,000","0","-270,000","-180,000","-48,500,000","-6,593,406.593","-570,000","-517,857.143","-360,000","-1,348,066.298","-240,000","-34,800,000","-3,740,000","4,400,000","370,000","3,600,000","12,240,000","-6,024,691.358","1,750,000","-44,000,000","12,240,000","-3,399,755.501","-1,900,000","-3,840,000","2,590,000","5,210,526.316","2,970,000","8,140,000","4,810,000","1,771,428.571","4,080,000","1,050,000","8,510,000","-1,809,523.81","-27,650,000","11,840,000","6,246,575.342","6,075,471.698","127,932,203.39","8,221,052.632","5,182,978.723","1,463,414.634","6,492,462.312","4,642,857.143","4,200,000","1,546,052.632","6,500,000","9,000,000","-2,800,000","1,750,000","9,399,061.033","5,325,153.374","3,380,710.66","3,026,845.638","-6,703,448.276","2,000,000","1,069,306.931","6,403,846.154","8,000,000","3,600,000","800,000","1,383,928.571","3,200,000","2,725,247.962","890,800","5,100,800","493,181.813","5,352,305.157","1,754,000","-3,752,119.269","-847,679.301","5,766,585.893","-858,362.679","894,000","2,801,082.326","4,686,803.89","2,361,503.943","2,666,650.738","7,716,000","30,911,612.791","17,444,603.012","-25,530,800","13,861,162.506","445,869,058.72","-444,855,216.496","-5,035,979.607","4,340,011.685","4,720,000","2,334,710.744","5,633,470.226","3,850,071.124","6,640,000","6,600,000","2,320,000","7,261,102.107","2,853,604.651","2,405,742.821","-2,036,323.851","6,682,333.874","3,234,244.671","2,977,443.609","10,720,000","532,880.973","-5,744,623.116","-3,223,391.813","-280,000","-107,399.347","1,365,912.306","-146,952.224","0","0","0","0","0","0","0","0","0","0","0","0","0","0","0","0","0","0",,,,,,,,,,,,,,,,