name,ttm,01/31/2022,10/31/2021,07/31/2021,04/30/2021,01/31/2021,10/31/2020,07/31/2020,04/30/2020,01/31/2020,10/31/2019,07/31/2019,04/30/2019,01/31/2019,10/31/2018,07/31/2018,04/30/2018,01/31/2018,10/31/2017,07/31/2017,04/30/2017,01/31/2017,10/31/2016,07/31/2016,04/30/2016,01/31/2016,10/31/2015,07/31/2015,04/30/2015,01/31/2015,10/31/2014,07/31/2014,04/30/2014,01/31/2014,10/31/2013,07/31/2013,04/30/2013,01/31/2013,10/31/2012,07/31/2012,04/30/2012,01/31/2012,10/31/2011,07/31/2011,04/30/2011,01/31/2011,10/31/2010,07/31/2010,04/30/2010,01/31/2010,10/31/2009,07/31/2009,04/30/2009,01/31/2009,10/31/2008,07/31/2008,04/30/2008,01/31/2008,10/31/2007,07/31/2007,04/30/2007,01/31/2007,10/31/2006,07/31/2006,04/30/2006,01/31/2006,10/31/2005,07/31/2005,04/30/2005,01/31/2005,10/31/2004,07/31/2004,04/30/2004,01/31/2004,10/31/2003,07/31/2003,04/30/2003,01/31/2003,10/31/2002,07/31/2002,04/30/2002,01/31/2002,10/31/2001,07/31/2001,04/30/2001,01/31/2001,10/31/2000,07/31/2000,04/30/2000,01/31/2000,10/31/1999,07/31/1999,04/30/1999,01/31/1999,10/31/1998,07/31/1998,04/30/1998,01/31/1998,10/31/1997,07/31/1997,04/30/1997,01/31/1997,10/31/1996,07/31/1996,04/30/1996,01/31/1996,10/31/1995,07/31/1995,04/30/1995,01/31/1995,10/31/1994,07/31/1994,04/30/1994,01/31/1994,10/31/1993,07/31/1993,04/30/1993,01/31/1993,10/31/1992,07/31/1992,04/30/1992,01/31/1992,10/31/1991,07/31/1991,04/30/1991,01/31/1991,10/31/1990,07/31/1990,04/30/1990,01/31/1990,10/31/1989,07/31/1989,04/30/1989,01/31/1989,10/31/1988,07/31/1988,04/30/1988,01/31/1988,10/31/1987,07/31/1987,04/30/1987,01/31/1987,10/31/1986,07/31/1986,04/30/1986,01/31/1986,10/31/1985
TotalRevenue,"8,302,000,000","2,209,000,000","2,236,000,000","1,873,000,000","1,984,000,000","2,279,000,000","2,340,000,000","2,108,000,000","2,238,000,000","2,162,000,000","2,183,000,000","978,000,000","2,178,000,000","2,713,000,000","2,694,000,000","2,219,000,000","2,125,000,000","2,180,000,000","2,161,000,000","1,664,000,000","1,853,000,000","2,171,000,000","2,202,000,000","1,687,000,000","1,870,000,000","2,201,000,000","2,203,000,000","1,693,000,000","1,900,000,000","2,234,000,000","2,255,000,000","1,852,000,000","1,970,000,000","2,281,000,000","2,165,000,000","1,289,000,000","2,094,000,000","2,333,000,000","2,336,000,000","1,613,000,000","1,821,000,000","2,112,000,000","2,161,000,000","1,607,000,000","1,813,000,000","2,127,000,000","2,172,000,000","1,518,000,000","1,802,000,000","2,153,000,000","2,203,000,000","1,528,000,000","1,686,000,000","2,122,000,000","2,250,000,000","1,715,000,000","1,880,000,000","2,218,000,000","2,298,000,000","1,594,000,000","1,868,000,000","2,252,000,000","2,153,000,000","1,116,000,000","1,836,000,000","2,281,000,000","2,110,000,000","1,498,000,000","1,736,000,000","2,223,000,000","2,091,000,000","1,433,000,000","1,667,000,000","2,100,000,000","1,909,000,000","1,455,000,000","1,600,000,000","1,918,000,000","1,705,000,000","1,223,000,000","1,371,000,000","1,810,000,000","1,729,000,000","1,490,000,000","1,439,000,000","1,957,000,000","1,778,000,000","1,189,000,000","1,394,000,000","1,916,000,000","1,768,000,000","1,296,000,000","1,492,000,000","1,832,000,000","1,804,000,000","1,299,000,000","1,572,000,000","2,342,000,000","2,120,000,000","1,725,000,000","1,870,000,000","2,317,000,000","2,052,000,000","1,640,000,000","1,831,000,000","2,217,000,000","1,990,000,000","1,630,000,000","1,744,000,000","2,040,000,000","1,864,000,000","1,465,000,000","1,568,000,000","1,894,000,000","1,763,000,000","1,469,700,000","1,632,100,000","1,788,900,000","1,695,500,000","1,433,400,000","1,536,200,000","1,746,300,000","1,547,200,000","1,348,200,000","1,490,800,000","1,770,900,000","1,594,300,000","1,440,300,000","1,519,600,000","1,722,500,000","1,523,500,000","1,302,200,000","1,454,500,000","1,582,300,000","1,333,100,000","1,146,300,000","1,207,400,000","1,336,100,000","1,179,100,000","998,800,000","1,128,300,000","1,248,600,000","1,114,600,000","1,030,500,000","1,090,000,000","1,180,500,000","1,077,600,000"
	OperatingRevenue,"8,302,000,000","2,209,000,000","2,236,000,000","1,873,000,000","1,984,000,000","2,279,000,000","2,340,000,000","2,108,000,000","2,238,000,000","2,162,000,000","2,183,000,000","978,000,000","2,178,000,000","2,713,000,000","2,694,000,000","2,219,000,000","2,125,000,000","2,180,000,000","2,161,000,000","1,664,000,000","1,853,000,000","2,171,000,000","2,202,000,000","1,687,000,000","1,870,000,000","2,201,000,000","2,203,000,000","1,693,000,000","1,900,000,000","2,234,000,000","2,255,000,000","1,852,000,000","1,970,000,000","2,281,000,000","2,165,000,000","1,289,000,000","2,094,000,000","2,333,000,000","2,336,000,000","1,613,000,000","1,821,000,000","2,112,000,000","2,161,000,000","1,607,000,000","1,813,000,000","2,127,000,000","2,172,000,000","1,518,000,000","1,802,000,000","2,153,000,000","2,203,000,000","1,528,000,000","1,686,000,000","2,122,000,000","2,250,000,000","1,715,000,000","1,880,000,000","2,218,000,000","2,298,000,000","1,594,000,000","1,868,000,000","2,252,000,000","2,153,000,000","1,116,000,000","1,836,000,000","2,281,000,000","2,110,000,000","1,498,000,000","1,736,000,000","2,223,000,000","2,091,000,000","1,433,000,000","1,667,000,000","2,100,000,000","1,909,000,000","1,455,000,000","1,600,000,000","1,918,000,000","1,705,000,000","1,223,000,000","1,371,000,000","1,810,000,000","1,729,000,000","1,490,000,000","1,439,000,000","1,957,000,000","1,778,000,000","1,189,000,000","1,394,000,000","1,916,000,000","1,768,000,000","1,296,000,000","1,492,000,000","1,832,000,000","1,804,000,000","1,299,000,000","1,572,000,000","2,342,000,000","2,120,000,000","1,725,000,000","1,870,000,000","2,317,000,000","2,052,000,000","1,640,000,000","1,831,000,000","2,217,000,000","1,990,000,000","1,630,000,000","1,744,000,000","2,040,000,000","1,864,000,000","1,465,000,000","1,568,000,000","1,894,000,000","1,763,000,000","1,469,700,000","1,632,100,000","1,788,900,000","1,695,500,000","1,433,400,000","1,536,200,000","1,746,300,000","1,547,200,000","1,348,200,000","1,490,800,000","1,770,900,000","1,594,300,000","1,440,300,000","1,519,600,000","1,722,500,000","1,523,500,000","1,302,200,000","1,454,500,000","1,582,300,000","1,333,100,000","1,146,300,000","1,207,400,000","1,336,100,000","1,179,100,000","998,800,000","1,128,300,000","1,248,600,000","1,114,600,000","1,030,500,000","1,090,000,000","1,180,500,000","1,077,600,000"
CostOfRevenue,"5,696,000,000","1,540,000,000","1,514,000,000","1,286,000,000","1,356,000,000","1,496,000,000","1,527,000,000","1,361,000,000","1,466,000,000","1,420,000,000","1,445,000,000","633,000,000","1,455,000,000","1,999,000,000","1,870,000,000","1,570,000,000","1,507,000,000","1,414,000,000","1,378,000,000","949,000,000","1,175,000,000","1,346,000,000","1,361,000,000","1,141,000,000","1,210,000,000","1,382,000,000","1,448,000,000","1,081,000,000","1,218,000,000","1,506,000,000","1,472,000,000","1,221,000,000","1,294,000,000","1,467,000,000","1,388,000,000","809,000,000","1,346,000,000","1,514,000,000","1,471,000,000","992,000,000","1,115,000,000","1,301,000,000","1,307,000,000","968,000,000","1,081,000,000","1,289,000,000","1,278,000,000","905,000,000","1,059,000,000","1,282,000,000","1,280,000,000","893,000,000","1,001,000,000","1,285,000,000","1,379,000,000","1,051,000,000","1,154,000,000","1,329,000,000","1,344,000,000","955,000,000","1,094,000,000","1,286,000,000","1,236,000,000","617,000,000","1,089,000,000","1,334,000,000","1,228,000,000","890,000,000","1,035,000,000","1,321,000,000","1,245,000,000","872,000,000","995,000,000","1,212,000,000","1,108,000,000","858,000,000","920,000,000","1,056,000,000","971,000,000","686,000,000","782,000,000","1,004,000,000","971,000,000","998,000,000","603,000,000","800,000,000","745,000,000","580,000,000","598,000,000","787,000,000","747,000,000","628,000,000","662,000,000","792,000,000","771,000,000","603,000,000","730,000,000","1,101,000,000","1,024,000,000","912,000,000","940,000,000","1,146,000,000","1,033,000,000","881,000,000","979,000,000","1,166,000,000","1,065,000,000","906,000,000","978,000,000","1,096,000,000","1,025,000,000","808,000,000","878,000,000","1,040,000,000","997,000,000","826,500,000","950,400,000","1,017,700,000","991,000,000","843,500,000","933,600,000","1,026,400,000","943,400,000","826,300,000","930,500,000","1,100,600,000","1,029,400,000","959,600,000","988,700,000","1,114,900,000","996,000,000",,,,,,,,,,,,,,,,
GrossProfit,"2,606,000,000","669,000,000","722,000,000","587,000,000","628,000,000","783,000,000","813,000,000","747,000,000","772,000,000","742,000,000","738,000,000","345,000,000","723,000,000","714,000,000","824,000,000","649,000,000","618,000,000","766,000,000","783,000,000","715,000,000","678,000,000","825,000,000","841,000,000","546,000,000","660,000,000","819,000,000","755,000,000","612,000,000","682,000,000","728,000,000","783,000,000","631,000,000","676,000,000","814,000,000","777,000,000","480,000,000","748,000,000","819,000,000","865,000,000","621,000,000","706,000,000","811,000,000","854,000,000","639,000,000","732,000,000","838,000,000","894,000,000","613,000,000","743,000,000","871,000,000","923,000,000","635,000,000","685,000,000","837,000,000","871,000,000","664,000,000","726,000,000","889,000,000","954,000,000","639,000,000","774,000,000","966,000,000","917,000,000","499,000,000","747,000,000","947,000,000","882,000,000","608,000,000","701,000,000","902,000,000","846,000,000","561,000,000","672,000,000","888,000,000","801,000,000","597,000,000","680,000,000","862,000,000","734,000,000","537,000,000","589,000,000","806,000,000","758,000,000","492,000,000","836,000,000","1,157,000,000","1,033,000,000","609,000,000","796,000,000","1,129,000,000","1,021,000,000","668,000,000","830,000,000","1,040,000,000","1,033,000,000","696,000,000","842,000,000","1,241,000,000","1,096,000,000","813,000,000","930,000,000","1,171,000,000","1,019,000,000","759,000,000","852,000,000","1,051,000,000","925,000,000","724,000,000","766,000,000","944,000,000","839,000,000","657,000,000","690,000,000","854,000,000","766,000,000","643,200,000","681,700,000","771,200,000","704,500,000","589,900,000","602,600,000","719,900,000","603,800,000","521,900,000","560,300,000","670,300,000","564,900,000","480,700,000","530,900,000","607,600,000","527,500,000",,,,,,,,,,,,,,,,
OperatingExpense,"1,437,000,000","375,000,000","358,000,000","355,000,000","383,000,000","390,000,000","375,000,000","485,000,000","483,000,000","418,000,000","373,000,000","222,000,000","477,000,000","482,000,000","466,000,000","442,000,000","432,000,000","424,000,000","402,000,000","268,000,000","376,000,000","401,000,000","377,000,000","459,000,000","413,000,000","392,000,000","414,000,000","398,000,000","383,000,000","409,000,000","411,000,000","389,000,000","381,000,000","437,000,000","440,000,000","347,000,000","471,000,000","503,000,000","458,000,000","408,000,000","438,000,000","479,000,000","436,000,000","397,000,000","425,000,000","479,000,000","450,000,000","423,000,000","439,000,000","478,000,000","446,000,000","424,000,000","402,000,000","480,000,000","476,000,000","464,000,000","472,000,000","485,000,000","527,000,000","523,000,000","497,000,000","541,000,000","477,000,000","423,000,000","470,000,000","544,000,000","482,000,000","431,000,000","444,000,000","515,000,000","463,000,000","414,000,000","442,000,000","497,000,000","437,000,000","477,000,000","423,000,000","471,000,000","397,000,000","271,000,000","399,000,000","422,000,000","409,000,000","376,000,000","575,000,000","665,000,000","641,000,000","503,000,000","537,000,000","627,000,000","589,000,000","498,000,000","522,000,000","666,000,000","573,000,000","427,000,000","544,000,000","705,000,000","621,000,000","502,000,000","608,000,000","679,000,000","576,000,000","511,000,000","585,000,000","616,000,000","539,000,000","504,000,000","524,000,000","572,000,000","499,000,000","433,000,000","483,000,000","511,000,000","472,000,000","809,700,000","478,300,000","462,100,000","428,900,000","397,000,000","424,500,000","422,100,000","364,600,000","357,000,000","398,000,000","410,800,000","362,200,000","343,700,000","405,200,000","403,300,000","371,900,000",,,,,,,,,,,,,,,,
	SellingGeneralAndAdministration,"1,308,000,000","344,000,000","326,000,000","321,000,000","351,000,000","360,000,000","345,000,000","451,000,000","447,000,000","385,000,000","340,000,000","194,000,000","438,000,000","444,000,000","424,000,000","400,000,000","395,000,000","393,000,000","368,000,000","229,000,000","349,000,000","376,000,000","351,000,000","401,000,000","382,000,000","369,000,000","382,000,000","353,000,000","354,000,000","382,000,000","382,000,000","338,000,000","351,000,000","410,000,000","409,000,000","305,000,000","434,000,000","469,000,000","416,000,000","376,000,000","400,000,000","449,000,000","406,000,000","366,000,000","391,000,000","445,000,000","417,000,000","388,000,000","408,000,000","450,000,000","417,000,000","393,000,000","375,000,000","453,000,000","447,000,000","431,000,000","442,000,000","460,000,000","500,000,000","488,000,000","471,000,000","516,000,000","451,000,000","397,000,000","445,000,000","520,000,000","458,000,000","402,000,000","420,000,000","491,000,000","443,000,000","384,000,000","419,000,000","476,000,000","416,000,000","451,000,000","400,000,000","451,000,000","378,000,000","246,000,000","382,000,000","405,000,000","391,000,000","488,000,000","496,000,000","588,000,000","565,000,000","422,000,000","457,000,000","551,000,000","511,000,000","416,000,000","439,000,000","585,000,000","498,000,000","348,000,000","481,000,000","611,000,000","522,000,000","402,000,000","500,000,000","579,000,000","479,000,000","403,000,000","483,000,000","514,000,000","441,000,000","394,000,000","437,000,000","470,000,000","417,000,000","371,000,000","415,000,000","447,000,000","411,000,000","741,100,000","417,500,000","405,400,000","372,800,000","335,800,000","371,400,000","370,300,000","314,500,000","304,800,000","346,900,000","358,800,000","308,900,000","324,500,000","344,600,000","345,200,000","310,700,000",,,,,,,,,,,,,,,,
		GeneralAndAdministrativeExpense,"564,000,000","147,000,000","156,000,000","146,000,000","149,000,000","128,000,000","137,000,000","186,000,000","208,000,000","148,000,000","134,000,000","90,000,000","193,000,000","180,000,000","176,000,000","177,000,000","163,000,000","165,000,000","149,000,000","86,000,000","140,000,000","139,000,000","123,000,000","185,000,000","154,000,000","146,000,000","156,000,000","177,000,000","141,000,000","140,000,000","135,000,000","149,000,000","134,000,000","142,000,000","148,000,000","171,000,000","172,000,000","172,000,000","162,000,000","170,000,000","144,000,000","152,000,000","145,000,000","170,000,000","148,000,000","154,000,000","140,000,000","167,000,000","156,000,000","149,000,000","133,000,000","184,000,000","129,000,000",,,,,,,,,,,,,,,,,,,,,,,,,,,,,,,,,,,,,,,,,,,,,,,,,,,,,,,,,,,,,,,,,,,,,,,,,,,,,,,,,,,,,,,,,,,,,,
			SalariesAndWages,,,,"0","-4,000,000","-30,000,000","-4,000,000","0","54,000,000",,,,"28,000,000",,,,,,,,,,,,,,,,,,,,,,,,,,,,,,,,,,,,,,,,,,,,,,,,,,,,,,,,,,,,,,,,,,,,,,,,,,,,,,,,,,,,,,,,,,,,,,,,,,,,,,,,,,,,,,,,,,,,,,,,,,,,,,,,,,,,,,
			OtherGandA,"602,000,000","147,000,000","156,000,000","146,000,000","153,000,000","158,000,000","141,000,000","186,000,000","154,000,000","148,000,000","134,000,000","118,000,000","165,000,000","180,000,000","176,000,000","177,000,000","163,000,000","165,000,000","149,000,000","86,000,000","140,000,000","139,000,000","123,000,000","185,000,000","154,000,000","146,000,000","156,000,000","177,000,000","141,000,000","140,000,000","135,000,000","149,000,000","134,000,000","142,000,000","148,000,000","171,000,000","172,000,000","172,000,000","162,000,000","170,000,000","144,000,000","152,000,000","145,000,000","170,000,000","148,000,000","154,000,000","140,000,000","167,000,000","156,000,000","149,000,000","133,000,000","184,000,000","129,000,000",,,,,,,,,,,,,,,,,,,,,,,,,,,,,,,,,,,,,,,,,,,,,,,,,,,,,,,,,,,,,,,,,,,,,,,,,,,,,,,,,,,,,,,,,,,,,,
		SellingAndMarketingExpense,"744,000,000","197,000,000","170,000,000","175,000,000","202,000,000","232,000,000","208,000,000","265,000,000","239,000,000","237,000,000","206,000,000","104,000,000","245,000,000","264,000,000","248,000,000","223,000,000","232,000,000","228,000,000","219,000,000","143,000,000","209,000,000","237,000,000","228,000,000","216,000,000","228,000,000","223,000,000","226,000,000","176,000,000","213,000,000","242,000,000","247,000,000","189,000,000","217,000,000","268,000,000","261,000,000","134,000,000","262,000,000","297,000,000","254,000,000","206,000,000","256,000,000","297,000,000","261,000,000","196,000,000","243,000,000","291,000,000","277,000,000","221,000,000","252,000,000","301,000,000","284,000,000","209,000,000","246,000,000",,,,,,,,,,,,,,,,,,,,,,,,,,,,,,,,,,,,,,,,,,,,,,,,,,,,,,,,,,,,,,,,,,,,,,,,,,,,,,,,,,,,,,,,,,,,,,
	ResearchAndDevelopment,"87,000,000","21,000,000","21,000,000","23,000,000","22,000,000","19,000,000","20,000,000","24,000,000","25,000,000","22,000,000","22,000,000","17,000,000","26,000,000","23,000,000","27,000,000","26,000,000","27,000,000","27,000,000","30,000,000","20,000,000","27,000,000","25,000,000","26,000,000","38,000,000","31,000,000","23,000,000","32,000,000","28,000,000","29,000,000","27,000,000","29,000,000","33,000,000","30,000,000","27,000,000","31,000,000","28,000,000","37,000,000","34,000,000","29,000,000","34,000,000","32,000,000","29,000,000","30,000,000","34,000,000","33,000,000","31,000,000","31,000,000","35,000,000","31,000,000","28,000,000","29,000,000","31,000,000","27,000,000","27,000,000","29,000,000","33,000,000","30,000,000","25,000,000","27,000,000","35,000,000","26,000,000","25,000,000","26,000,000","26,000,000","25,000,000","24,000,000","24,000,000","27,000,000","24,000,000","24,000,000","20,000,000","28,000,000","23,000,000","21,000,000","21,000,000","26,000,000","23,000,000","20,000,000","19,000,000","25,000,000","17,000,000","17,000,000","18,000,000","19,000,000","15,000,000","15,000,000","14,000,000","19,000,000","14,000,000","15,000,000","16,000,000","18,000,000","15,000,000","17,000,000","16,000,000","19,000,000","18,000,000","18,000,000","19,000,000","22,000,000","18,000,000","19,000,000","18,000,000","23,000,000","20,000,000","21,000,000","20,000,000","26,000,000","20,000,000","22,000,000","19,000,000",,,,,,,,,,,,,,,,,,,,,,,,,,,,,,,,,,,,
	DepreciationAmortizationDepletionIncomeStatement,"42,000,000","10,000,000","11,000,000","11,000,000","10,000,000","11,000,000","10,000,000","10,000,000","11,000,000","11,000,000","11,000,000","11,000,000","13,000,000","15,000,000","15,000,000","16,000,000","10,000,000","4,000,000","4,000,000",,,,,,,,,,,,,,,,,,,,,,,,,,,,,,,,,,,,,,,,,,,,,,,,,,,,,,,,,,,,,,,,,"-131,000,000","64,000,000","62,000,000","62,000,000","62,000,000","66,000,000","61,000,000","62,000,000","64,000,000","68,000,000","64,000,000","59,000,000","60,000,000","45,000,000","76,000,000","80,000,000","78,000,000","90,000,000","81,000,000","79,000,000","85,000,000","82,000,000","81,000,000","78,000,000","84,000,000","67,000,000","80,000,000","63,000,000","62,000,000","68,000,000","64,000,000","61,000,000","68,600,000","60,800,000","56,700,000","56,100,000","61,200,000","53,100,000","51,800,000","50,100,000","52,200,000","51,100,000","52,000,000","53,300,000","19,200,000","60,600,000","58,100,000","61,200,000",,,,,,,,,,,,,,,,
		DepreciationAndAmortizationInIncomeStatement,"42,000,000","10,000,000","11,000,000","11,000,000","10,000,000","11,000,000","10,000,000","10,000,000","11,000,000","11,000,000","11,000,000","11,000,000","13,000,000","15,000,000","15,000,000","16,000,000","10,000,000","4,000,000","4,000,000",,,,,,,,,,,,,,,,,,,,,,,,,,,,,,,,,,,,,,,,,,,,,,,,,,,,,,,,,,,,,,,,,"-131,000,000","64,000,000","62,000,000","62,000,000","62,000,000","66,000,000","61,000,000","62,000,000","64,000,000","68,000,000","64,000,000","59,000,000","60,000,000","45,000,000","76,000,000","80,000,000","78,000,000","90,000,000","81,000,000","79,000,000","85,000,000","82,000,000","81,000,000","78,000,000","84,000,000","67,000,000","80,000,000","63,000,000","62,000,000","68,000,000","64,000,000","61,000,000","68,600,000","60,800,000","56,700,000","56,100,000","61,200,000","53,100,000","51,800,000","50,100,000","52,200,000","51,100,000","52,000,000","53,300,000","19,200,000","60,600,000","58,100,000","61,200,000",,,,,,,,,,,,,,,,
			Amortization,"42,000,000","10,000,000","11,000,000","11,000,000","10,000,000","11,000,000","10,000,000","10,000,000","11,000,000","11,000,000","11,000,000","11,000,000","13,000,000","15,000,000","15,000,000","16,000,000","10,000,000","4,000,000","4,000,000",,,,,,,,,,,,,,,,,,,,,,,,,,,,,,,,,,,,,,,,,,,,,,,,,,,,,,,,,,,,,,,,,,,,,,,,,,,,,,,,,,,,,,,,,,,,,,,,,,,,,,,,,,,,,,,,,,,,,,,,,,,,,,,,
				AmortizationOfIntangiblesIncomeStatement,"42,000,000","10,000,000","11,000,000","11,000,000","10,000,000","11,000,000","10,000,000","10,000,000","11,000,000","11,000,000","11,000,000","11,000,000","13,000,000","15,000,000","15,000,000","16,000,000","10,000,000","4,000,000","4,000,000",,,,,,,,,,,,,,,,,,,,,,,,,,,,,,,,,,,,,,,,,,,,,,,,,,,,,,,,,,,,,,,,,,,,,,,,,,,,,,,,,,,,,,,,,,,,,,,,,,,,,,,,,,,,,,,,,,,,,,,,,,,,,,,,
	OtherOperatingExpenses,,,,,,,,,"-3,000,000",,,"128,000,000",,"226,000,000","4,000,000",,"647,000,000","70,000,000","-29,000,000","8,000,000","4,000,000","220,000,000","6,000,000","145,000,000","-23,000,000","4,000,000","5,000,000","10,000,000","3,000,000","7,000,000","4,000,000","6,000,000","2,000,000","3,000,000","11,000,000","5,000,000","4,000,000","7,000,000","13,000,000","7,000,000","6,000,000","1,000,000",,,"1,000,000","3,000,000","2,000,000",,,"2,000,000","-1,000,000","66,000,000","-3,000,000",,,,,,,,,,,,,,,,,,,,,,,,,,,,,,,,,,,,,,,,,,,,,,,,,,,,,,,,,,,,,,,,,,,,,,,,,,,,,,,,,,,,,,,,,,,,,,
OperatingIncome,"1,169,000,000","294,000,000","364,000,000","232,000,000","245,000,000","393,000,000","438,000,000","262,000,000","289,000,000","324,000,000","365,000,000","123,000,000","246,000,000","232,000,000","358,000,000","207,000,000","186,000,000","342,000,000","381,000,000","447,000,000","302,000,000","424,000,000","464,000,000","87,000,000","247,000,000","427,000,000","341,000,000","214,000,000","299,000,000","319,000,000","372,000,000","242,000,000","295,000,000","377,000,000","337,000,000","133,000,000","277,000,000","316,000,000","407,000,000","213,000,000","268,000,000","332,000,000","418,000,000","242,000,000","307,000,000","359,000,000","444,000,000","190,000,000","304,000,000","393,000,000","477,000,000","211,000,000","283,000,000","357,000,000","395,000,000","200,000,000","254,000,000","404,000,000","427,000,000","116,000,000","277,000,000","425,000,000","440,000,000","76,000,000","277,000,000","403,000,000","400,000,000","177,000,000","257,000,000","387,000,000","383,000,000","147,000,000","230,000,000","391,000,000","364,000,000","120,000,000","257,000,000","391,000,000","337,000,000","266,000,000","190,000,000","384,000,000","349,000,000","116,000,000","261,000,000","492,000,000","392,000,000","106,000,000","259,000,000","502,000,000","432,000,000","170,000,000","308,000,000","374,000,000","460,000,000","269,000,000","298,000,000","536,000,000","475,000,000","311,000,000","322,000,000","492,000,000","443,000,000","248,000,000","267,000,000","435,000,000","386,000,000","220,000,000","242,000,000","372,000,000","340,000,000","224,000,000","207,000,000","343,000,000","294,000,000","-166,500,000","203,400,000","309,100,000","275,600,000","192,900,000","178,100,000","297,800,000","239,200,000","164,900,000","162,300,000","259,500,000","202,700,000","137,000,000","125,700,000","204,300,000","155,600,000","-3,818,000,000","1,454,500,000","1,582,300,000","1,333,100,000","-3,259,300,000","1,207,400,000","1,336,100,000","1,179,100,000","-3,066,600,000","1,128,300,000","1,248,600,000","1,114,600,000","-2,932,400,000","1,090,000,000","1,180,500,000","1,077,600,000"
NetNonOperatingInterestIncomeExpense,"-193,000,000","-46,000,000","-47,000,000","-47,000,000","-53,000,000","-54,000,000","-55,000,000","-60,000,000","-55,000,000","-146,000,000","-80,000,000","-78,000,000","-91,000,000","-92,000,000","-93,000,000","-93,000,000","-42,000,000","-32,000,000","-30,000,000","-23,000,000","-28,000,000","-28,000,000","-28,000,000","-28,000,000","-28,000,000","-27,000,000","-28,000,000","-27,000,000","-28,000,000","-25,000,000","-25,000,000","-30,000,000","-30,000,000","-29,000,000","-30,000,000","-30,000,000","-31,000,000","-31,000,000","-33,000,000","-25,000,000","-27,000,000","-26,000,000","-28,000,000","-26,000,000","-24,000,000","-31,000,000","-30,000,000","-26,000,000","-27,000,000","-26,000,000","-27,000,000","-23,000,000","-26,000,000",,,,,,,,,,,,,,,,,,,,,,,,,,,,,,,,,,,,,,,,,,,,,,,,,,,,,,,,,,,,,,,,,,,,,,,,,,,,,,,,,,,,,,,,,,,,,,
	InterestIncomeNonOperating,"0","0","0","0","0","1,000,000","0","1,000,000","0","3,000,000","0","-1,000,000","1,000,000","1,000,000","1,000,000","1,000,000","2,000,000",,"1,000,000","2,000,000","1,000,000","1,000,000","1,000,000","1,000,000","1,000,000","1,000,000","1,000,000","0","1,000,000","1,000,000","1,000,000","1,000,000","1,000,000","0","1,000,000","3,000,000","2,000,000","2,000,000","3,000,000","2,000,000","2,000,000","2,000,000","2,000,000","3,000,000","3,000,000","3,000,000","2,000,000","2,000,000","2,000,000","1,000,000","1,000,000",,,,,,,,,,,,,,,,,,,,,,,,,,,,,,,,,,,,,,,,,,,,,,,,,,,,,,,,,,,,,,,,,,,,,,,,,,,,,,,,,,,,,,,,,,,,,,,,
	InterestExpenseNonOperating,"193,000,000","46,000,000","47,000,000","47,000,000","53,000,000","55,000,000","55,000,000","61,000,000","55,000,000","149,000,000","80,000,000","77,000,000","92,000,000","93,000,000","94,000,000","94,000,000","44,000,000","32,000,000","31,000,000","25,000,000","29,000,000","29,000,000","29,000,000","29,000,000","29,000,000","28,000,000","29,000,000","27,000,000","29,000,000","26,000,000","26,000,000","31,000,000","31,000,000","29,000,000","31,000,000","33,000,000","33,000,000","33,000,000","36,000,000","27,000,000","29,000,000","28,000,000","30,000,000","29,000,000","27,000,000","34,000,000","32,000,000","28,000,000","29,000,000","27,000,000","28,000,000","27,000,000","26,000,000",,,,,,,,,,,,,,,,,,,,,,,,,,,,,,,,,,,,,,,,,,,,,,,,,,,,,,,,,,,,,,,,,,,,,,,,,,,,,,,,,,,,,,,,,,,,,,
	TotalOtherFinanceCost,,"46,000,000",,"47,000,000",,"54,000,000","55,000,000","60,000,000",,,,,,"92,000,000","93,000,000",,"42,000,000","32,000,000","30,000,000","23,000,000","28,000,000","28,000,000","28,000,000","28,000,000","28,000,000","27,000,000","28,000,000","27,000,000","28,000,000","25,000,000","25,000,000","30,000,000","30,000,000","29,000,000","30,000,000","30,000,000","31,000,000","31,000,000","33,000,000",,,,"28,000,000",,,,"-30,000,000",,"-27,000,000","-26,000,000",,,,,,,,,,,,,,,,,,,,,,,,,,,,,,,,,,,,,,,,,,,,,,,,,,,,,,,,,,,,,,,,,,,,,,,,,,,,,,,,,,,,,,,,,,,,,,,,,
OtherIncomeExpense,"213,000,000","29,000,000","12,000,000","179,000,000","27,000,000","8,000,000","23,000,000","-95,000,000","-16,000,000","26,000,000","-48,000,000","-154,000,000","20,000,000","-213,000,000","-8,000,000","82,000,000","-661,000,000","-99,000,000","31,000,000","-7,000,000","-4,000,000","-219,000,000","-7,000,000","-124,000,000","21,000,000","-13,000,000","-26,000,000","-86,000,000","-12,000,000","-7,000,000","-4,000,000","-8,000,000","-3,000,000","-16,000,000","-32,000,000","-11,000,000","-5,000,000","-15,000,000","-22,000,000","-10,000,000","-4,000,000","-3,000,000","-2,000,000",,,,"-2,000,000","-3,000,000","-12,000,000","-2,000,000","1,000,000","-66,000,000","3,000,000","-2,000,000","4,000,000","-12,000,000","-172,000,000","-4,000,000","4,000,000","13,000,000","4,000,000","20,000,000","-2,000,000","-4,000,000","-2,000,000",,"1,000,000","4,000,000","2,000,000","2,000,000","-2,000,000","-16,000,000","13,000,000","-2,000,000","-10,000,000",,"-22,000,000","-6,000,000","-7,000,000","-138,000,000",,"-31,000,000","-35,000,000","21,000,000","-24,000,000","-32,000,000","-29,000,000","32,000,000","-15,000,000","-29,000,000","-21,000,000","-1,000,000","-24,000,000","-3,000,000","-13,000,000","56,000,000","-282,000,000","-18,000,000","-24,000,000","28,000,000","-40,000,000","-29,000,000","-254,000,000","63,000,000","-21,000,000","-20,000,000","-24,000,000","36,000,000","-20,000,000","-10,000,000","-17,000,000","5,000,000","-9,000,000","-13,000,000","-14,000,000","353,700,000","-12,000,000","-348,500,000","-6,800,000","-2,000,000","-2,200,000","-3,700,000","1,200,000","5,000,000","-4,400,000","-8,300,000","-1,400,000","-345,600,000","-4,400,000","-2,600,000","9,000,000",,,,,,,,,,,,,,,,
	GainOnSaleOfSecurity,,,,,,,,"0","-45,000,000",,"-4,000,000","-2,000,000","8,000,000","2,000,000","-9,000,000","-9,000,000","-1,000,000","8,000,000","-8,000,000",,,,,,,,,,,,,,,,,,,,,,,,,,,,,,,,,,,,,,,,,,,,,,,,,,,,,,,,,,,,,,,,,,,,,,,,,,,,,,,,,,,,,,,,,,,,,,,,,,,,,,,,,,,,,,,,,,,,,,,,,,,,,,,,
	SpecialIncomeCharges,"-13,000,000","0","0","-11,000,000","-2,000,000","-18,000,000","-1,000,000","1,000,000","0","-7,000,000","-67,000,000","-26,000,000","-1,000,000","-233,000,000","-19,000,000","-57,000,000","-683,000,000","-132,000,000","-2,000,000","-230,000,000","0","1,000,000","-1,000,000","-115,000,000","-2,000,000","-9,000,000","-21,000,000","-99,000,000","-9,000,000","0","0","-20,000,000","-1,000,000","-13,000,000","-21,000,000","-30,000,000","-1,000,000","-8,000,000","-22,000,000","-6,000,000","-4,000,000","-3,000,000","-2,000,000","-63,000,000","0",,"-2,000,000","0","-12,000,000",,,"0","0","-2,000,000","4,000,000","-12,000,000","-172,000,000","-4,000,000","4,000,000","13,000,000","4,000,000","20,000,000","-2,000,000","-4,000,000","-2,000,000",,"1,000,000","4,000,000","2,000,000","2,000,000","-2,000,000","-16,000,000","13,000,000","-2,000,000","-10,000,000",,"-22,000,000","-6,000,000","-7,000,000","-138,000,000",,"-31,000,000","-35,000,000","21,000,000","-24,000,000","-32,000,000","-29,000,000","32,000,000","-15,000,000","-29,000,000","-21,000,000","-1,000,000","-24,000,000","-3,000,000","-13,000,000","56,000,000","-282,000,000","-18,000,000","-24,000,000","28,000,000","-40,000,000","-29,000,000","-254,000,000","63,000,000","-21,000,000","-20,000,000","-24,000,000","36,000,000","-20,000,000","-10,000,000","-17,000,000","5,000,000","-9,000,000","-13,000,000","-14,000,000","353,700,000","-12,000,000","-348,500,000","-6,800,000","-2,000,000","-2,200,000","-3,700,000","1,200,000","5,000,000","-4,400,000","-8,300,000","-1,400,000","-345,600,000","-4,400,000","-2,600,000","9,000,000",,,,,,,,,,,,,,,,
		RestructuringAndMergernAcquisition,"2,000,000","0","0","0","2,000,000","18,000,000","1,000,000","-1,000,000","0","7,000,000","3,000,000","10,000,000","1,000,000","2,000,000","19,000,000","3,000,000","53,000,000","57,000,000","2,000,000","18,000,000","0","-1,000,000","1,000,000","-1,000,000","2,000,000","9,000,000","21,000,000","93,000,000","9,000,000","0","0","20,000,000","1,000,000","13,000,000","21,000,000","30,000,000","1,000,000","8,000,000","22,000,000","6,000,000","4,000,000","3,000,000","2,000,000","63,000,000","0",,,"0","12,000,000",,,"0","0",,,"3,000,000","172,000,000",,,,,,,,,,,,,,,,,,,,,,,"0",,,,,,,,,,,,,,,,,,,,,,,,,,,,,,,,,,,,,,,,,,,,,,,,,,,,,,,,,,,,,,,,,,,
		ImpairmentOfCapitalAssets,,,,,,,,,,,,,,"231,000,000",,"54,000,000","608,000,000","75,000,000",,,,,,,,,,,,,,,,,,,,,,,,,,,,,,,,,,,,,,,,,,,,,,,,,,,,,,,,,,,,,,,,,,,,,,,,,,,,,,,,,,,,,,,,,,,,,,,,,,,,,,,,,,,,,,,,,,,,,,,,,,,,,,,,,
		OtherSpecialCharges,,,,,,,,,,,,,,,,"0","22,000,000",,,,,,,,,,,,,,,,,,,,,,,,,,,,,,,,,,,,,,,"9,000,000",,,,,,,,,,,,,,,,,,,,,,,,,,,,,,,,,,,,,,,,,,,,,,,,,,,,,,,,,,,,,,,,,,,,,,,,,,,,,,,,,,,,,,,,,,,
		GainOnSaleOfBusiness,,,,"-11,000,000","0","0","0","0","0","0","-64,000,000",,,,,,,,,,,,,,,,,,,,,,,,,,,,,,,,,,,,,,,,,,,,,,,,,,,,,,,,,,,,,,,,,,,,,,,,,,,,,,,,,,,,,,,,,,,,,,,,,,,,,,,,,,,,,,,,,,,,,,,,,,,,,,,,,,,,,,,,
	OtherNonOperatingIncomeExpenses,"226,000,000","29,000,000","12,000,000","190,000,000","29,000,000","26,000,000","24,000,000","-96,000,000","29,000,000","33,000,000","23,000,000","-126,000,000","13,000,000","18,000,000","20,000,000","148,000,000","23,000,000","25,000,000","41,000,000","223,000,000","-4,000,000","-220,000,000","-6,000,000","-11,000,000","23,000,000","-4,000,000","-5,000,000","13,000,000","-3,000,000","-7,000,000","-4,000,000","18,000,000","-2,000,000","-3,000,000","-11,000,000","22,000,000","-4,000,000","-7,000,000",,,,,,,,,,"-2,000,000",,"-2,000,000","1,000,000","-66,000,000","3,000,000",,,,,,,,,,,,,,,,,,,,,,,,,,,,,,,,,,,,,,,,,,,,,,,,,,,,,,,,,,,,,,,,,,,,,,,,,,,,,,,,,,,,,,,,,,,,,,
PretaxIncome,"1,189,000,000","277,000,000","329,000,000","364,000,000","219,000,000","347,000,000","406,000,000","107,000,000","218,000,000","204,000,000","237,000,000","-109,000,000","175,000,000","-73,000,000","257,000,000","196,000,000","-517,000,000","211,000,000","382,000,000","417,000,000","270,000,000","177,000,000","429,000,000","-65,000,000","240,000,000","387,000,000","287,000,000","101,000,000","259,000,000","287,000,000","343,000,000","204,000,000","262,000,000","332,000,000","275,000,000","92,000,000","241,000,000","270,000,000","352,000,000","178,000,000","237,000,000","303,000,000","388,000,000","143,000,000","283,000,000","328,000,000","414,000,000","161,000,000","265,000,000","365,000,000","451,000,000","122,000,000","260,000,000","330,000,000","367,000,000","150,000,000","45,000,000","358,000,000","431,000,000","92,000,000","254,000,000","406,000,000","397,000,000","32,000,000","234,000,000","360,000,000","375,000,000","135,000,000","214,000,000","344,000,000","337,000,000","86,000,000","203,000,000","347,000,000","311,000,000","110,000,000","190,000,000","339,000,000","285,000,000","84,000,000","146,000,000","307,000,000","261,000,000","80,000,000","185,000,000","411,000,000","311,000,000","89,000,000","200,000,000","423,000,000","365,000,000","124,000,000","241,000,000","329,000,000","403,000,000","275,000,000","-29,000,000","474,000,000","408,000,000","290,000,000","239,000,000","418,000,000","160,000,000","269,000,000","217,000,000","384,000,000","327,000,000","206,000,000","190,000,000","348,000,000","297,000,000","203,000,000","183,000,000","316,000,000","261,000,000","162,100,000","173,200,000","-62,600,000","247,000,000","170,400,000","150,300,000","264,200,000","214,400,000","132,800,000","132,500,000","223,300,000","178,800,000","-232,800,000","96,600,000","174,000,000","141,600,000",,,,,,,,,,,,,,,,
TaxProvision,"262,000,000","65,000,000","68,000,000","76,000,000","53,000,000","102,000,000","97,000,000","21,000,000","52,000,000","33,000,000","68,000,000","-33,000,000","44,000,000","-14,000,000","63,000,000","102,000,000","-124,000,000","-74,000,000","107,000,000","99,000,000","94,000,000","76,000,000","137,000,000","16,000,000","55,000,000","122,000,000","93,000,000","33,000,000","77,000,000","80,000,000","109,000,000","69,000,000","79,000,000","104,000,000","95,000,000","21,000,000","62,000,000","83,000,000","109,000,000","53,000,000","62,000,000","102,000,000","125,000,000","45,000,000","97,000,000","89,000,000","135,000,000","48,000,000","97,000,000","106,000,000","147,000,000","53,000,000","86,000,000","101,000,000","107,000,000","61,000,000","-9,000,000","98,000,000","119,000,000","39,000,000","37,000,000","122,000,000","128,000,000","-1,000,000","68,000,000","106,000,000","73,000,000","39,000,000","68,000,000","109,000,000","107,000,000","27,000,000","61,000,000","112,000,000","100,000,000","36,000,000","61,000,000","108,000,000","93,000,000","29,000,000","50,000,000","104,000,000","90,000,000","28,000,000","63,000,000","140,000,000","107,000,000","30,000,000","61,000,000","142,000,000","130,000,000","45,000,000","79,000,000","110,000,000","139,000,000","93,000,000","7,000,000","163,000,000","141,000,000","98,000,000","82,000,000","142,000,000","72,000,000","88,000,000","72,000,000","126,000,000","108,000,000","63,000,000","63,000,000","117,000,000","100,000,000","61,000,000","64,000,000","113,000,000","95,000,000","54,100,000","64,700,000","53,300,000","90,400,000","61,200,000","58,800,000","103,600,000","85,200,000","48,100,000","56,100,000","88,000,000","73,700,000","5,600,000","42,000,000","68,800,000","58,600,000",,,,,,,,,,,,,,,,
NetIncomeCommonStockholders,"921,000,000","212,000,000","261,000,000","288,000,000","160,000,000","245,000,000","309,000,000","86,000,000","168,000,000","1,208,000,000","166,000,000","-8,000,000","84,000,000","-59,000,000","194,000,000","94,000,000","-393,000,000","285,000,000","275,000,000","318,000,000","176,000,000","101,000,000","292,000,000","-81,000,000","185,000,000","265,000,000","194,000,000","68,000,000","182,000,000","207,000,000","234,000,000","137,000,000","184,000,000","325,000,000","172,000,000","-158,000,000","181,000,000","190,000,000","245,000,000","127,000,000","177,000,000","205,000,000","265,000,000","100,000,000","187,000,000","239,000,000","279,000,000","113,000,000","168,000,000","259,000,000","304,000,000","69,000,000","174,000,000","233,000,000","260,000,000","89,000,000","532,000,000","274,000,000","270,000,000","61,000,000","217,000,000","285,000,000","291,000,000","44,000,000","166,000,000","254,000,000","302,000,000","96,000,000","146,000,000","235,000,000","230,000,000","59,000,000","142,000,000","235,000,000","211,000,000","74,000,000","129,000,000","231,000,000","161,000,000","55,000,000","96,000,000","203,000,000","171,000,000","52,000,000","122,000,000","271,000,000","204,000,000","59,000,000","139,000,000","281,000,000","235,000,000","79,000,000","162,000,000","219,000,000","264,000,000","182,000,000","-90,000,000","300,000,000","267,000,000","192,000,000","157,000,000","276,000,000","88,000,000","181,000,000","145,000,000","258,000,000","219,000,000","143,000,000","127,000,000","231,000,000","197,000,000","142,000,000","119,000,000","203,000,000","166,000,000","-141,000,000","108,500,000","-115,900,000","156,600,000","109,200,000","91,500,000","160,600,000","129,200,000","84,700,000","76,400,000","135,300,000","105,100,000","-238,400,000","54,600,000","105,200,000","83,000,000",,,,,,,,,,,,,,,,
	NetIncome,"921,000,000","212,000,000","261,000,000","288,000,000","160,000,000","245,000,000","309,000,000","86,000,000","168,000,000","1,208,000,000","166,000,000","-8,000,000","84,000,000","-59,000,000","194,000,000","94,000,000","-393,000,000","285,000,000","275,000,000","318,000,000","176,000,000","101,000,000","292,000,000","-81,000,000","185,000,000","265,000,000","194,000,000","68,000,000","182,000,000","207,000,000","234,000,000","137,000,000","184,000,000","325,000,000","172,000,000","-158,000,000","181,000,000","190,000,000","245,000,000","127,000,000","177,000,000","205,000,000","265,000,000","100,000,000","187,000,000","239,000,000","279,000,000","113,000,000","168,000,000","259,000,000","304,000,000","69,000,000","174,000,000","233,000,000","260,000,000","89,000,000","532,000,000","274,000,000","270,000,000","61,000,000","217,000,000","285,000,000","291,000,000","44,000,000","166,000,000","254,000,000","302,000,000","96,000,000","146,000,000","235,000,000","230,000,000","59,000,000","142,000,000","235,000,000","211,000,000","74,000,000","129,000,000","231,000,000","161,000,000","55,000,000","96,000,000","203,000,000","171,000,000","52,000,000","122,000,000","271,000,000","204,000,000","59,000,000","139,000,000","281,000,000","235,000,000","79,000,000","162,000,000","219,000,000","264,000,000","182,000,000","-90,000,000","300,000,000","267,000,000","192,000,000","157,000,000","276,000,000","88,000,000","181,000,000","145,000,000","258,000,000","219,000,000","143,000,000","127,000,000","231,000,000","197,000,000","142,000,000","119,000,000","203,000,000","166,000,000","-141,000,000","108,500,000","-115,900,000","156,600,000","109,200,000","91,500,000","160,600,000","129,200,000","84,700,000","76,400,000","135,300,000","105,100,000","-238,400,000","54,600,000","105,200,000","83,000,000",,,,,,,,,,,,,,,,
		NetIncomeIncludingNoncontrollingInterests,"921,000,000","212,000,000","261,000,000","288,000,000","160,000,000","245,000,000","309,000,000","86,000,000","168,000,000","1,208,000,000","166,000,000","-8,000,000","84,000,000","-59,000,000","194,000,000","94,000,000","-393,000,000","285,000,000","275,000,000","318,000,000","176,000,000","101,000,000","292,000,000","-81,000,000","185,000,000","265,000,000","194,000,000","68,000,000","182,000,000","207,000,000","234,000,000","135,000,000","183,000,000","318,000,000","171,000,000","-160,000,000","179,000,000","187,000,000","243,000,000","125,000,000","175,000,000","201,000,000","263,000,000","98,000,000","186,000,000","239,000,000","279,000,000","113,000,000","168,000,000","259,000,000","304,000,000","69,000,000","174,000,000","233,000,000","260,000,000","89,000,000","532,000,000","274,000,000","270,000,000","61,000,000","217,000,000","285,000,000","291,000,000","44,000,000","166,000,000","254,000,000","302,000,000","96,000,000","146,000,000","235,000,000","230,000,000","59,000,000","142,000,000","235,000,000","211,000,000","74,000,000","129,000,000","231,000,000","161,000,000","55,000,000","96,000,000","203,000,000","171,000,000","55,000,000","122,000,000","271,000,000","204,000,000","60,000,000","139,000,000","281,000,000","235,000,000","80,000,000","162,000,000","219,000,000","264,000,000","188,000,000","-90,000,000","300,000,000","267,000,000","199,000,000","157,000,000","276,000,000","88,000,000","198,000,000","145,000,000","258,000,000","219,000,000","160,000,000","127,000,000","231,000,000","197,000,000","142,000,000","119,000,000","203,000,000","166,000,000","-141,000,000","108,500,000","-115,900,000","156,600,000","108,800,000","91,600,000","160,900,000","129,200,000","86,300,000","78,100,000","137,700,000","106,600,000","-237,200,000","56,000,000","106,800,000","84,500,000","-194,700,000","43,500,000","94,900,000","69,400,000","72,200,000","22,400,000","84,600,000","62,400,000","70,100,000","48,100,000","70,400,000","58,700,000","47,700,000","51,000,000","69,700,000","51,800,000"
			NetIncomeContinuousOperations,"927,000,000","212,000,000","261,000,000","288,000,000","166,000,000","245,000,000","309,000,000","86,000,000","166,000,000","171,000,000","169,000,000","-76,000,000","131,000,000","-59,000,000","194,000,000","94,000,000","-393,000,000","285,000,000","275,000,000","318,000,000","176,000,000","101,000,000","292,000,000","-81,000,000","185,000,000","265,000,000","194,000,000","68,000,000","182,000,000","207,000,000","234,000,000","135,000,000","183,000,000","228,000,000","180,000,000","71,000,000","179,000,000","187,000,000","243,000,000","125,000,000","175,000,000","201,000,000","263,000,000","98,000,000","186,000,000","239,000,000","279,000,000","113,000,000","168,000,000","259,000,000","304,000,000","69,000,000","174,000,000","229,000,000","260,000,000","89,000,000","54,000,000","260,000,000","270,000,000","53,000,000","217,000,000","284,000,000","269,000,000","33,000,000","166,000,000","254,000,000","302,000,000","96,000,000","146,000,000","235,000,000","230,000,000","59,000,000","142,000,000","235,000,000","211,000,000","74,000,000","129,000,000","231,000,000","192,000,000","55,000,000","96,000,000","203,000,000","171,000,000","52,000,000","122,000,000","271,000,000","204,000,000","59,000,000","139,000,000","281,000,000","235,000,000","79,000,000","162,000,000","219,000,000","264,000,000","182,000,000","-36,000,000","311,000,000","267,000,000","192,000,000","157,000,000","276,000,000","88,000,000","181,000,000","145,000,000","258,000,000","219,000,000","143,000,000","127,000,000","231,000,000","197,000,000","142,000,000","119,000,000","203,000,000","166,000,000","108,000,000","108,500,000","-115,900,000","156,600,000","109,200,000","91,500,000","160,600,000","129,200,000","84,700,000","76,400,000","135,300,000","105,100,000","-238,400,000","54,600,000","105,200,000","83,000,000","-194,700,000","43,500,000","94,900,000","69,400,000","72,200,000","22,400,000","84,600,000","62,400,000","70,100,000","48,100,000","70,400,000","58,700,000","47,700,000","51,000,000","69,700,000","51,800,000"
			NetIncomeDiscontinuousOperations,"-6,000,000","0","0","0","-6,000,000","0","0","0","2,000,000","1,037,000,000","-3,000,000","68,000,000","-47,000,000",,,,,,,,,,,,,,,"0","0","0","0","0","0","90,000,000","-9,000,000","-275,000,000",,,,,,,,,,,,,"0","0",,"0","0","4,000,000",,"0","478,000,000","14,000,000",,"8,000,000",,"1,000,000","22,000,000",,,,,,,,,,,,,,,,,,,,,,,,,,,,,,,,,"0","-54,000,000",,,,,,,,,,,,,,,,,,,,,,,,,,,,,,,,,,,,,,,,,,,,,,,,,,
			NetIncomeExtraordinary,,,,,,,,,,,,,,,,,,,,,,,,,,,,,,,,,,,,,,,,,,,,,,,,,,,,,,,,,,,,,,,,,,,,,,,,,,,,"0",,,"-31,000,000",,,,,,,,,,,,,,,,,"0",,"-11,000,000",,,,,,,,,,,,,,,,,,,,,,,,,,,,,,,,,,,,,,,,,,,,,,,,,
		MinorityInterests,"0","0","0","0","0","0","0","0","0","0","0","0","0","0","0","0","0",,"0","0","0","0","0","0","0","0","0","0","0","0","0","2,000,000","1,000,000","7,000,000","1,000,000","2,000,000","2,000,000","3,000,000","2,000,000","2,000,000","2,000,000","4,000,000","2,000,000","2,000,000","1,000,000",,,,,,,,,,,,,,,,,,,,,,,,,,,,,,,,,,,,,,,,,,,,,,,,,,,,,,,,,,,,,,,,,,,,,,,,,,,,"-100,000","-300,000",,"-1,600,000","-1,700,000","-2,400,000","-1,500,000","-1,200,000","-1,400,000","-1,600,000","-1,500,000",,,,,,,,,,,,,,,,
DilutedNIAvailtoComStockholders,"921,000,000","212,000,000","261,000,000","288,000,000","160,000,000","245,000,000","309,000,000","86,000,000","168,000,000","1,208,000,000","166,000,000","-8,000,000","84,000,000","-59,000,000","194,000,000","94,000,000","-393,000,000","285,000,000","275,000,000","318,000,000","176,000,000","101,000,000","292,000,000","-81,000,000","185,000,000","265,000,000","194,000,000","68,000,000","182,000,000","207,000,000","234,000,000","137,000,000","184,000,000","325,000,000","172,000,000","-158,000,000","181,000,000","190,000,000","245,000,000","127,000,000","177,000,000","205,000,000","265,000,000","100,000,000","187,000,000","239,000,000","279,000,000","113,000,000","168,000,000","259,000,000","304,000,000","69,000,000","174,000,000","233,000,000","260,000,000","89,000,000","532,000,000","274,000,000","270,000,000","61,000,000","217,000,000","285,000,000","291,000,000","44,000,000","166,000,000","254,000,000","302,000,000","96,000,000","146,000,000","235,000,000","230,000,000","59,000,000","142,000,000","235,000,000","211,000,000","74,000,000","129,000,000","231,000,000","161,000,000","55,000,000","96,000,000","203,000,000","171,000,000","52,000,000","122,000,000","271,000,000","204,000,000","59,000,000","139,000,000","281,000,000","235,000,000","79,000,000","162,000,000","219,000,000","264,000,000","182,000,000","-90,000,000","300,000,000","267,000,000","192,000,000","157,000,000","276,000,000","88,000,000","181,000,000","145,000,000","258,000,000","219,000,000","143,000,000","127,000,000","231,000,000","197,000,000","142,000,000","119,000,000","203,000,000","166,000,000","-141,000,000","108,500,000","-115,900,000","156,600,000","109,200,000","91,500,000","160,600,000","129,200,000","84,700,000","76,400,000","135,300,000","105,100,000","-238,400,000","54,600,000","105,200,000","83,000,000",,,,,,,,,,,,,,,,
BasicEPS,,"0.7","0.86","0.95","0.53","0.81","1.02","0.28","0.56","4","0.55","-0.03","0.28","-0.2","0.64",,"-1.31","0.95","0.91","1.05","0.58","0.33","0.95","-0.26","0.6","0.85","0.63","0.22","0.59","0.66","0.75","0.44","0.59","1.04","0.55","-0.5","0.58","0.61","0.78","0.4","0.56","0.64","0.82",,"0.58","0.72","0.82",,"0.49","0.74","0.87",,"0.5","0.66","0.73",,"1.43","0.73","0.71",,"0.57","0.74","0.74",,"0.41","0.62","0.74",,"0.36","0.57","0.56",,"0.35","0.57","0.51",,"0.31","0.56","0.39",,"0.23","0.49","0.42",,"0.3","0.65","0.48",,"0.33","0.66","0.55",,"0.37","0.49","0.59",,"-0.2","0.66","0.58",,"0.34","0.59","0.18",,"0.29","0.52","0.44",,"0.26","0.47","0.4",,"0.24","0.41","0.33",,"0.22","-0.23","0.31",,"0.18","0.32","0.26",,"0.15","0.27","0.21",,"0.11","0.21","0.16",,"0.09","0.19","0.14",,"0.05","0.17","0.12",,"0.1","0.14","0.12",,"0.1","0.14","0.1"
DilutedEPS,,"0.7","0.86","0.95","0.52","0.8","1.02","0.28","0.55","3.97","0.55","-0.03","0.28","-0.2","0.64",,"-1.31","0.95","0.91","1.04","0.58","0.33","0.94","-0.26","0.59","0.85","0.62","0.22","0.58","0.66","0.74","0.43","0.58","1.03","0.54","-0.5","0.57","0.6","0.78","0.4","0.55","0.64","0.82",,"0.57","0.71","0.82",,"0.49","0.74","0.87",,"0.49","0.64","0.71",,"1.4","0.71","0.7",,"0.55","0.72","0.71",,"0.4","0.61","0.73",,"0.35","0.57","0.56",,"0.34","0.57","0.51",,"0.31","0.56","0.39",,"0.23","0.49","0.42",,"0.3","0.65","0.47",,"0.32","0.65","0.54",,"0.37","0.49","0.58",,"-0.2","0.65","0.58",,"0.34","0.59","0.18",,"0.29","0.52","0.44",,"0.26","0.47","0.4",,"0.24","0.41","0.33",,"0.22","-0.23","0.31",,"0.18","0.32","0.26",,"0.15","0.27","0.21",,"0.11","0.21","0.16",,"0.09","0.19","0.14",,"0.05","0.17","0.12",,"0.1","0.14","0.12",,"0.1","0.14","0.1"
BasicAverageShares,,"302,000,000","302,000,000","303,000,000","303,000,000","303,000,000","302,000,000","302,000,000","302,000,000","302,000,000","301,000,000","301,000,000","301,000,000","301,000,000","301,000,000",,"301,000,000","301,000,000","301,000,000","303,000,000","304,000,000","306,000,000","308,000,000","308,000,000","309,000,000","310,000,000","310,000,000","310,000,000","311,000,000","313,000,000","314,000,000","314,000,000","314,000,000","314,000,000","314,000,000","314,000,000","314,000,000","314,000,000","314,000,000","315,000,000","316,000,000","318,000,000","320,000,000",,"321,000,000","330,000,000","335,000,000",,"339,000,000","341,000,000","343,000,000",,"350,000,000","355,000,000","357,000,000",,"373,000,000","377,000,000","379,000,000",,"384,000,000","384,000,000","395,000,000",,"406,000,000","408,000,000","409,000,000",,"409,000,000","409,000,000","409,000,000",,"411,000,000","411,000,000","411,000,000",,"411,000,000","411,000,000","410,000,000",,"410,000,000","410,000,000","410,000,000",,"410,000,000","415,000,000","421,000,000",,"423,000,000","427,000,000","429,000,000",,"438,000,000","444,000,000","448,000,000",,"453,000,000","457,000,000","458,000,000",,"464,000,000","466,000,000","492,000,000",,"498,000,000","498,000,000","498,000,000",,"498,000,000","498,000,000","498,000,000",,"495,833,333","495,121,951","503,030,303",,"493,181,818","503,913,043","505,161,290",,"508,333,333","501,875,000","496,923,077",,"509,333,333","501,111,111","500,476,190",,"496,363,636","500,952,381","518,750,000",,"516,156,000","517,272,000","517,272,000",,"516,116,000","520,024,000","520,096,000",,"519,344,000","519,344,000","519,088,000",,"517,400,000","517,216,000","517,152,000"
DilutedAverageShares,,"303,000,000","303,000,000","304,000,000","305,000,000","305,000,000","304,000,000","304,000,000","304,000,000","304,000,000","303,000,000","301,000,000","302,000,000","301,000,000","302,000,000",,"301,000,000","301,000,000","302,000,000","305,000,000","306,000,000","309,000,000","310,000,000","310,000,000","311,000,000","312,000,000","312,000,000","312,000,000","312,000,000","314,000,000","316,000,000","316,000,000","316,000,000","316,000,000","317,000,000","317,000,000","317,000,000","316,000,000","316,000,000","317,000,000","318,000,000","320,000,000","322,000,000",,"323,000,000","332,000,000","338,000,000",,"342,000,000","344,000,000","346,000,000",,"354,000,000","362,000,000","365,000,000",,"381,000,000","386,000,000","388,000,000",,"395,000,000","395,000,000","405,000,000",,"413,000,000","414,000,000","414,000,000",,"414,000,000","414,000,000","412,000,000",,"413,000,000","412,000,000","412,000,000",,"411,000,000","411,000,000","411,000,000",,"411,000,000","411,000,000","411,000,000",,"411,000,000","419,000,000","431,000,000",,"432,000,000","431,000,000","433,000,000",,"443,000,000","449,000,000","454,000,000",,"453,000,000","462,000,000","458,000,000",,"464,000,000","466,000,000","492,000,000",,"498,000,000","498,000,000","498,000,000",,"498,000,000","498,000,000","498,000,000",,"495,833,333","495,121,951","503,030,303",,"493,181,818","503,913,043","505,161,290",,"508,333,333","501,875,000","496,923,077",,"509,333,333","501,111,111","500,476,190",,"496,363,636","500,952,381","518,750,000",,"516,156,000","517,272,000","517,272,000",,"516,116,000","520,024,000","520,096,000",,"519,344,000","519,344,000","519,088,000",,"517,400,000","517,216,000","517,152,000"
TotalExpenses,"7,133,000,000","1,915,000,000","1,872,000,000","1,641,000,000","1,739,000,000","1,886,000,000","1,902,000,000","1,846,000,000","1,949,000,000","1,838,000,000","1,818,000,000","855,000,000","1,932,000,000","2,481,000,000","2,336,000,000","2,012,000,000","1,939,000,000","1,838,000,000","1,780,000,000","1,217,000,000","1,551,000,000","1,747,000,000","1,738,000,000","1,600,000,000","1,623,000,000","1,774,000,000","1,862,000,000","1,479,000,000","1,601,000,000","1,915,000,000","1,883,000,000","1,610,000,000","1,675,000,000","1,904,000,000","1,828,000,000","1,156,000,000","1,817,000,000","2,017,000,000","1,929,000,000","1,400,000,000","1,553,000,000","1,780,000,000","1,743,000,000","1,365,000,000","1,506,000,000","1,768,000,000","1,728,000,000","1,328,000,000","1,498,000,000","1,760,000,000","1,726,000,000","1,317,000,000","1,403,000,000","1,765,000,000","1,855,000,000","1,515,000,000","1,626,000,000","1,814,000,000","1,871,000,000","1,478,000,000","1,591,000,000","1,827,000,000","1,713,000,000","1,040,000,000","1,559,000,000","1,878,000,000","1,710,000,000","1,321,000,000","1,479,000,000","1,836,000,000","1,708,000,000","1,286,000,000","1,437,000,000","1,709,000,000","1,545,000,000","1,335,000,000","1,343,000,000","1,527,000,000","1,368,000,000","957,000,000","1,181,000,000","1,426,000,000","1,380,000,000","1,374,000,000","1,178,000,000","1,465,000,000","1,386,000,000","1,083,000,000","1,135,000,000","1,414,000,000","1,336,000,000","1,126,000,000","1,184,000,000","1,458,000,000","1,344,000,000","1,030,000,000","1,274,000,000","1,806,000,000","1,645,000,000","1,414,000,000","1,548,000,000","1,825,000,000","1,609,000,000","1,392,000,000","1,564,000,000","1,782,000,000","1,604,000,000","1,410,000,000","1,502,000,000","1,668,000,000","1,524,000,000","1,241,000,000","1,361,000,000","1,551,000,000","1,469,000,000","1,636,200,000","1,428,700,000","1,479,800,000","1,419,900,000","1,240,500,000","1,358,100,000","1,448,500,000","1,308,000,000","1,183,300,000","1,328,500,000","1,511,400,000","1,391,600,000","1,303,300,000","1,393,900,000","1,518,200,000","1,367,900,000",,,,,,,,,,,,,,,,
NetIncomeFromContinuingAndDiscontinuedOperation,"921,000,000","212,000,000","261,000,000","288,000,000","160,000,000","245,000,000","309,000,000","86,000,000","168,000,000","1,208,000,000","166,000,000","-8,000,000","84,000,000","-59,000,000","194,000,000","94,000,000","-393,000,000","285,000,000","275,000,000","318,000,000","176,000,000","101,000,000","292,000,000","-81,000,000","185,000,000","265,000,000","194,000,000","68,000,000","182,000,000","207,000,000","234,000,000","137,000,000","184,000,000","325,000,000","172,000,000","-158,000,000","181,000,000","190,000,000","245,000,000","127,000,000","177,000,000","205,000,000","265,000,000","100,000,000","187,000,000","239,000,000","279,000,000","113,000,000","168,000,000","259,000,000","304,000,000","69,000,000","174,000,000","233,000,000","260,000,000","89,000,000","532,000,000","274,000,000","270,000,000","61,000,000","217,000,000","285,000,000","291,000,000","44,000,000","166,000,000","254,000,000","302,000,000","96,000,000","146,000,000","235,000,000","230,000,000","59,000,000","142,000,000","235,000,000","211,000,000","74,000,000","129,000,000","231,000,000","192,000,000","55,000,000","96,000,000","203,000,000","171,000,000","52,000,000","122,000,000","271,000,000","204,000,000","59,000,000","139,000,000","281,000,000","235,000,000","79,000,000","162,000,000","219,000,000","264,000,000","182,000,000","-90,000,000","311,000,000","267,000,000","192,000,000","157,000,000","276,000,000","88,000,000","181,000,000","145,000,000","258,000,000","219,000,000","143,000,000","127,000,000","231,000,000","197,000,000","142,000,000","119,000,000","203,000,000","166,000,000","108,000,000","108,500,000","-115,900,000","156,600,000","109,200,000","91,500,000","160,600,000","129,200,000","84,700,000","76,400,000","135,300,000","105,100,000","-238,400,000","54,600,000","105,200,000","83,000,000",,,,,,,,,,,,,,,,
NormalizedIncome,"937,135,407.906","212,000,000","261,000,000","296,703,296.703","167,516,000","257,708,000","309,761,000","85,196,261.682","200,245,000","176,866,000","219,623,000","-56,477,064.22","125,757,000","127,648,000","215,140,000","142,180,000","126,840,000","375,520,000","282,200,000","493,395,683.453","176,000,000","100,400,000","292,681,000","-13,200,000","186,542,000","271,165,000","208,196,000","134,653,465.347","188,327,000","207,000,000","234,000,000","154,205,882.353","184,698,000","243,931,000","194,755,000","98,467,391.304","181,743,000","195,544,000","260,180,000","129,106,741.573","179,953,586.498","206,990,099.01","266,355,670.103","146,601,398.601","187,000,000","239,000,000","279,000,000","113,701,863.354","175,607,547.17","259,000,000","304,000,000","69,000,000","174,000,000","230,387,878.788","257,166,212.534","96,800,000","165,800,000","262,905,027.933","267,104,408.353","44,550,000","213,582,677.165","270,009,852.217","270,355,163.728","35,400,000","167,418,803.419","254,000,000","301,194,666.667","93,155,555.556","144,635,514.019","233,633,720.93","231,364,985.163","69,976,744.186","132,906,403.941","236,354,466.859","217,784,565.916","74,000,000","143,936,842.105","235,088,495.575","196,715,789.474","145,357,142.857","96,000,000","223,498,371.336","193,931,034.483","38,350,000","137,827,027.027","292,099,756.691","223,022,508.039","37,786,516.854","149,425,000","300,264,775.414","248,520,547.945","79,637,096.774","178,132,780.083","220,996,960.486","272,516,129.032","144,938,181.818","133,200,000","322,810,126.582","282,705,882.353","173,462,068.966","183,276,150.628","295,148,325.359","240,400,000","138,609,665.428","159,032,258.065","271,437,500","235,073,394.495","118,009,708.738","140,368,421.053","237,637,931.034","208,276,094.276","138,502,463.054","124,852,459.016","211,351,265.823","174,904,214.559","-127,654,534.238","116,017,321.016","93,200,000","160,911,255.061","110,481,690.141","92,839,321.357","162,849,129.447","128,476,865.672","81,510,993.976","79,040,000","140,329,064.039","105,940,000","-31,040,000","57,240,000","106,771,954.023","77,600,000",,,,,,,,,,,,,,,,
InterestIncome,"0","0","0","0","0","1,000,000","0","1,000,000","0","3,000,000","0","-1,000,000","1,000,000","1,000,000","1,000,000","1,000,000","2,000,000",,"1,000,000","2,000,000","1,000,000","1,000,000","1,000,000","1,000,000","1,000,000","1,000,000","1,000,000","0","1,000,000","1,000,000","1,000,000","1,000,000","1,000,000","0","1,000,000","3,000,000","2,000,000","2,000,000","3,000,000","2,000,000","2,000,000","2,000,000","2,000,000","3,000,000","3,000,000","3,000,000","2,000,000","2,000,000","2,000,000","1,000,000","1,000,000",,,,,,,,,,,,,,,,,,,,,,,,,,,,,,,,,,,,,,,,,,,,,,,,,,,,,,,,,,,,,,,,,,,,,,,,,,,,,,,,,,,,,,,,,,,,,,,,
InterestExpense,"193,000,000","46,000,000","47,000,000","47,000,000","53,000,000","55,000,000","55,000,000","61,000,000","55,000,000","149,000,000","80,000,000","77,000,000","92,000,000","93,000,000","94,000,000","94,000,000","44,000,000","32,000,000","31,000,000","25,000,000","29,000,000","29,000,000","29,000,000","29,000,000","29,000,000","28,000,000","29,000,000","27,000,000","29,000,000","26,000,000","26,000,000","31,000,000","31,000,000","29,000,000","31,000,000","33,000,000","33,000,000","33,000,000","36,000,000","27,000,000","29,000,000","28,000,000","30,000,000","29,000,000","27,000,000","34,000,000","32,000,000","28,000,000","29,000,000","27,000,000","28,000,000","27,000,000","26,000,000",,,,,,,,,,,,,,,,,,,,,,,,,,,,,,,,,,,,,,,,,,,,,,,,,,,,,,,,,,,,,,,,,,,,,,,,,,,,,,,,,,,,,,,,,,,,,,
NetInterestIncome,"-193,000,000","-46,000,000","-47,000,000","-47,000,000","-53,000,000","-54,000,000","-55,000,000","-60,000,000","-55,000,000","-146,000,000","-80,000,000","-78,000,000","-91,000,000","-92,000,000","-93,000,000","-93,000,000","-42,000,000","-32,000,000","-30,000,000","-23,000,000","-28,000,000","-28,000,000","-28,000,000","-28,000,000","-28,000,000","-27,000,000","-28,000,000","-27,000,000","-28,000,000","-25,000,000","-25,000,000","-30,000,000","-30,000,000","-29,000,000","-30,000,000","-30,000,000","-31,000,000","-31,000,000","-33,000,000","-25,000,000","-27,000,000","-26,000,000","-28,000,000","-26,000,000","-24,000,000","-31,000,000","-30,000,000","-26,000,000","-27,000,000","-26,000,000","-27,000,000","-23,000,000","-26,000,000",,,,,,,,,,,,,,,,,,,,,,,,,,,,,,,,,,,,,,,,,,,,,,,,,,,,,,,,,,,,,,,,,,,,,,,,,,,,,,,,,,,,,,,,,,,,,,
EBIT,"1,382,000,000","323,000,000","376,000,000","411,000,000","272,000,000","402,000,000","461,000,000","168,000,000","273,000,000","353,000,000","317,000,000","-32,000,000","267,000,000","20,000,000","351,000,000","290,000,000","-473,000,000","243,000,000","413,000,000","442,000,000","299,000,000","206,000,000","458,000,000","-36,000,000","269,000,000","415,000,000","316,000,000","128,000,000","288,000,000","313,000,000","369,000,000","235,000,000","293,000,000","361,000,000","306,000,000","125,000,000","274,000,000","303,000,000","388,000,000","205,000,000","266,000,000","331,000,000","418,000,000","172,000,000","310,000,000","362,000,000","446,000,000","189,000,000","294,000,000","392,000,000","479,000,000","149,000,000","286,000,000","357,000,000","395,000,000","200,000,000","254,000,000","404,000,000","427,000,000","116,000,000","277,000,000","425,000,000","440,000,000","76,000,000","277,000,000","403,000,000","400,000,000","177,000,000","257,000,000","387,000,000","383,000,000","147,000,000","230,000,000","391,000,000","364,000,000","120,000,000","257,000,000","391,000,000","337,000,000","266,000,000","190,000,000","384,000,000","349,000,000","116,000,000","261,000,000","492,000,000","392,000,000","106,000,000","259,000,000","502,000,000","432,000,000","170,000,000","308,000,000","374,000,000","460,000,000","269,000,000","298,000,000","536,000,000","475,000,000","311,000,000","322,000,000","492,000,000","443,000,000","248,000,000","267,000,000","435,000,000","386,000,000","220,000,000","242,000,000","372,000,000","340,000,000","224,000,000","207,000,000","343,000,000","294,000,000","-166,500,000","203,400,000","309,100,000","275,600,000","192,900,000","178,100,000","297,800,000","239,200,000","164,900,000","162,300,000","259,500,000","202,700,000","137,000,000","125,700,000","204,300,000","155,600,000","-3,818,000,000","1,454,500,000","1,582,300,000","1,333,100,000","-3,259,300,000","1,207,400,000","1,336,100,000","1,179,100,000","-3,066,600,000","1,128,300,000","1,248,600,000","1,114,600,000","-2,932,400,000","1,090,000,000","1,180,500,000","1,077,600,000"
EBITDA,"1,711,000,000"
ReconciledCostOfRevenue,"5,409,000,000","1,467,000,000","1,442,000,000","1,213,000,000","1,287,000,000","1,429,000,000","1,461,000,000","1,284,000,000","1,398,000,000","1,350,000,000","1,375,000,000","547,000,000","1,360,000,000","1,895,000,000","1,763,000,000","1,458,000,000","1,412,000,000","1,339,000,000","1,300,000,000","949,000,000","1,175,000,000","1,346,000,000","1,361,000,000","1,141,000,000","1,210,000,000","1,382,000,000","1,448,000,000","1,081,000,000","1,218,000,000","1,506,000,000","1,472,000,000","1,221,000,000","1,294,000,000","1,467,000,000","1,388,000,000","809,000,000","1,346,000,000","1,514,000,000","1,471,000,000","992,000,000","1,115,000,000","1,301,000,000","1,307,000,000","968,000,000","1,081,000,000","1,289,000,000","1,278,000,000","905,000,000","1,059,000,000","1,282,000,000","1,280,000,000","893,000,000","1,001,000,000","1,285,000,000","1,379,000,000","1,051,000,000","1,154,000,000","1,329,000,000","1,344,000,000","955,000,000","1,094,000,000","1,286,000,000","1,236,000,000","617,000,000","1,089,000,000","1,334,000,000","1,228,000,000","890,000,000","1,035,000,000","1,321,000,000","1,245,000,000","872,000,000","995,000,000","1,212,000,000","1,108,000,000","858,000,000","920,000,000","1,056,000,000","971,000,000","686,000,000","782,000,000","1,004,000,000","971,000,000","789,000,000","603,000,000","800,000,000","745,000,000","580,000,000","598,000,000","787,000,000","747,000,000","628,000,000","662,000,000","792,000,000","771,000,000","603,000,000","730,000,000","1,101,000,000","1,024,000,000","912,000,000","940,000,000","1,146,000,000","1,033,000,000","881,000,000","979,000,000","1,166,000,000","1,065,000,000","906,000,000","978,000,000","1,096,000,000","1,025,000,000","808,000,000","878,000,000","1,040,000,000","997,000,000","826,500,000","950,400,000","1,017,700,000","991,000,000","843,500,000","933,600,000","1,026,400,000","943,400,000","826,300,000","930,500,000","1,100,600,000","1,029,400,000","959,600,000","983,800,000","1,118,000,000","996,000,000",,,,,,,,,,,,,,,,
ReconciledDepreciation,"329,000,000","83,000,000","83,000,000","84,000,000","79,000,000","78,000,000","76,000,000","87,000,000","79,000,000","81,000,000","81,000,000","97,000,000","108,000,000","119,000,000","122,000,000","128,000,000","105,000,000","79,000,000","82,000,000","84,000,000","80,000,000","77,000,000","77,000,000","80,000,000","76,000,000","78,000,000","74,000,000","80,000,000","74,000,000","74,000,000","75,000,000","83,000,000","74,000,000","74,000,000","74,000,000","89,000,000","99,000,000","121,000,000","98,000,000","73,000,000","65,000,000","61,000,000","63,000,000","74,000,000","65,000,000","64,000,000","65,000,000","66,000,000","63,000,000","62,000,000","60,000,000","69,000,000","62,000,000","67,000,000","66,000,000","86,000,000","70,000,000","70,000,000","68,000,000","82,000,000","69,000,000","68,000,000","64,000,000","77,000,000","75,000,000","68,000,000","69,000,000","72,000,000","71,000,000","68,000,000","68,000,000","65,000,000","68,000,000","64,000,000","63,000,000","63,000,000","69,000,000","56,000,000","55,000,000","90,000,000","82,000,000","74,000,000","73,000,000","78,000,000","64,000,000","62,000,000","62,000,000","62,000,000","66,000,000","61,000,000","62,000,000","64,000,000","68,000,000","64,000,000","59,000,000","60,000,000","45,000,000","76,000,000","80,000,000","78,000,000","90,000,000","81,000,000","79,000,000","85,000,000","82,000,000","81,000,000","78,000,000","84,000,000","67,000,000","80,000,000","63,000,000","62,000,000","68,000,000","64,000,000","61,000,000","68,600,000","60,800,000","56,700,000","56,100,000","61,200,000","53,100,000","51,800,000","50,100,000","52,200,000","51,100,000","52,000,000","53,300,000","19,200,000","65,500,000","55,000,000","61,200,000",,,,,,,,,,,,,,,,
NetIncomeFromContinuingOperationNetMinorityInterest,"927,000,000","212,000,000","261,000,000","288,000,000","166,000,000","245,000,000","309,000,000","86,000,000","166,000,000","171,000,000","169,000,000","-76,000,000","131,000,000","-59,000,000","194,000,000","94,000,000","-393,000,000","285,000,000","275,000,000","318,000,000","176,000,000","101,000,000","292,000,000","-81,000,000","185,000,000","265,000,000","194,000,000","68,000,000","182,000,000","207,000,000","234,000,000","137,000,000","184,000,000","235,000,000","181,000,000","73,000,000","181,000,000","190,000,000","245,000,000","127,000,000","177,000,000","205,000,000","265,000,000","100,000,000","187,000,000","239,000,000","279,000,000","113,000,000","168,000,000","259,000,000","304,000,000","69,000,000","174,000,000","229,000,000","260,000,000","89,000,000","54,000,000","260,000,000","270,000,000","53,000,000","217,000,000","284,000,000","269,000,000","33,000,000","166,000,000","254,000,000","302,000,000","96,000,000","146,000,000","235,000,000","230,000,000","59,000,000","142,000,000","235,000,000","211,000,000","74,000,000","129,000,000","231,000,000","192,000,000","55,000,000","96,000,000","203,000,000","171,000,000","52,000,000","122,000,000","271,000,000","204,000,000","59,000,000","139,000,000","281,000,000","235,000,000","79,000,000","162,000,000","219,000,000","264,000,000","182,000,000","-36,000,000","311,000,000","267,000,000","192,000,000","157,000,000","276,000,000","88,000,000","181,000,000","145,000,000","258,000,000","219,000,000","143,000,000","127,000,000","231,000,000","197,000,000","142,000,000","119,000,000","203,000,000","166,000,000","108,000,000","108,500,000","-115,900,000","156,600,000","109,200,000","91,500,000","160,600,000","129,200,000","84,700,000","76,400,000","135,300,000","105,100,000","-238,400,000","54,600,000","105,200,000","83,000,000",,,,,,,,,,,,,,,,
TotalUnusualItemsExcludingGoodwill,"-13,000,000","0","0","-11,000,000","-2,000,000","-18,000,000","-1,000,000","1,000,000","-45,000,000","-7,000,000","-71,000,000","-28,000,000","7,000,000","-231,000,000","-28,000,000","-66,000,000","-684,000,000","-124,000,000","-10,000,000","-230,000,000","0","1,000,000","-1,000,000","-113,000,000","-2,000,000","-9,000,000","-21,000,000","-99,000,000","-9,000,000","0","0","-26,000,000","-1,000,000","-13,000,000","-21,000,000","-33,000,000","-1,000,000","-8,000,000","-22,000,000","-3,000,000","-4,000,000","-3,000,000","-2,000,000","-68,000,000","0",,"-2,000,000","-1,000,000","-12,000,000",,,"0","0","-2,000,000","4,000,000","-12,000,000","-172,000,000","-4,000,000","4,000,000","13,000,000","4,000,000","20,000,000","-2,000,000","-4,000,000","-2,000,000",,"1,000,000","4,000,000","2,000,000","2,000,000","-2,000,000","-16,000,000","13,000,000","-2,000,000","-10,000,000",,"-22,000,000","-6,000,000","-7,000,000","-138,000,000",,"-31,000,000","-35,000,000","21,000,000","-24,000,000","-32,000,000","-29,000,000","32,000,000","-15,000,000","-29,000,000","-21,000,000","-1,000,000","-24,000,000","-3,000,000","-13,000,000","56,000,000","-282,000,000","-18,000,000","-24,000,000","28,000,000","-40,000,000","-29,000,000","-254,000,000","63,000,000","-21,000,000","-20,000,000","-24,000,000","36,000,000","-20,000,000","-10,000,000","-17,000,000","5,000,000","-9,000,000","-13,000,000","-14,000,000","353,700,000","-12,000,000","-348,500,000","-6,800,000","-2,000,000","-2,200,000","-3,700,000","1,200,000","5,000,000","-4,400,000","-8,300,000","-1,400,000","-345,600,000","-4,400,000","-2,600,000","9,000,000",,,,,,,,,,,,,,,,
TotalUnusualItems,"-13,000,000","0","0","-11,000,000","-2,000,000","-18,000,000","-1,000,000","1,000,000","-45,000,000","-7,000,000","-71,000,000","-28,000,000","7,000,000","-231,000,000","-28,000,000","-66,000,000","-684,000,000","-124,000,000","-10,000,000","-230,000,000","0","1,000,000","-1,000,000","-113,000,000","-2,000,000","-9,000,000","-21,000,000","-99,000,000","-9,000,000","0","0","-26,000,000","-1,000,000","-13,000,000","-21,000,000","-33,000,000","-1,000,000","-8,000,000","-22,000,000","-3,000,000","-4,000,000","-3,000,000","-2,000,000","-68,000,000","0",,"-2,000,000","-1,000,000","-12,000,000",,,"0","0","-2,000,000","4,000,000","-12,000,000","-172,000,000","-4,000,000","4,000,000","13,000,000","4,000,000","20,000,000","-2,000,000","-4,000,000","-2,000,000",,"1,000,000","4,000,000","2,000,000","2,000,000","-2,000,000","-16,000,000","13,000,000","-2,000,000","-10,000,000",,"-22,000,000","-6,000,000","-7,000,000","-138,000,000",,"-31,000,000","-35,000,000","21,000,000","-24,000,000","-32,000,000","-29,000,000","32,000,000","-15,000,000","-29,000,000","-21,000,000","-1,000,000","-24,000,000","-3,000,000","-13,000,000","56,000,000","-282,000,000","-18,000,000","-24,000,000","28,000,000","-40,000,000","-29,000,000","-254,000,000","63,000,000","-21,000,000","-20,000,000","-24,000,000","36,000,000","-20,000,000","-10,000,000","-17,000,000","5,000,000","-9,000,000","-13,000,000","-14,000,000","353,700,000","-12,000,000","-348,500,000","-6,800,000","-2,000,000","-2,200,000","-3,700,000","1,200,000","5,000,000","-4,400,000","-8,300,000","-1,400,000","-345,600,000","-4,400,000","-2,600,000","9,000,000",,,,,,,,,,,,,,,,
NormalizedEBITDA,"1,724,000,000","406,000,000","459,000,000","506,000,000","353,000,000","498,000,000","538,000,000","254,000,000","397,000,000","441,000,000","469,000,000","93,000,000","368,000,000","370,000,000","501,000,000","484,000,000","316,000,000","446,000,000","505,000,000","756,000,000","379,000,000","282,000,000","536,000,000","157,000,000","347,000,000","502,000,000","411,000,000","307,000,000","371,000,000","387,000,000","444,000,000","344,000,000","368,000,000","448,000,000","401,000,000","247,000,000","374,000,000","432,000,000","508,000,000","281,000,000","335,000,000","395,000,000","483,000,000","314,000,000","375,000,000","426,000,000","511,000,000","256,000,000","369,000,000","454,000,000","539,000,000","218,000,000","348,000,000","426,000,000","457,000,000","298,000,000","496,000,000","478,000,000","491,000,000","185,000,000","342,000,000","473,000,000","506,000,000","157,000,000","354,000,000","471,000,000","468,000,000","245,000,000","326,000,000","453,000,000","453,000,000","228,000,000","285,000,000","457,000,000","437,000,000","183,000,000","348,000,000","453,000,000","399,000,000","494,000,000","272,000,000","489,000,000","457,000,000","173,000,000","349,000,000","586,000,000","483,000,000","136,000,000","340,000,000","592,000,000","515,000,000","235,000,000","400,000,000","441,000,000","532,000,000","273,000,000","625,000,000","630,000,000","579,000,000","361,000,000","452,000,000","602,000,000","776,000,000","270,000,000","370,000,000","536,000,000","488,000,000","268,000,000","329,000,000","462,000,000","420,000,000","281,000,000","284,000,000","420,000,000","369,000,000","-451,600,000","276,200,000","714,300,000","338,500,000","256,100,000","233,400,000","353,300,000","288,100,000","212,100,000","217,800,000","319,800,000","257,400,000","501,800,000","195,600,000","265,000,000","207,800,000","-3,818,000,000","1,454,500,000","1,582,300,000","1,333,100,000","-3,259,300,000","1,207,400,000","1,336,100,000","1,179,100,000","-3,066,600,000","1,128,300,000","1,248,600,000","1,114,600,000","-2,932,400,000","1,090,000,000","1,180,500,000","1,077,600,000"
TaxRateForCalcs,"0.22","0.235","0.207","0.209","0.242","0.294","0.239","0.196","0.239","0.162","0.287","0.303","0.251","0.192","0.245","0.27","0.24","0.27","0.28","0.237","0.348","0.4","0.319","0.4","0.229","0.315","0.324","0.327","0.297","0.279","0.318","0.338","0.302","0.313","0.345","0.228","0.257","0.307","0.31","0.298","0.262","0.337","0.322","0.315","0.343","0.271","0.326","0.298","0.366","0.29","0.326","0.35","0.331","0.306","0.292","0.35","0.35","0.274","0.276","0.35","0.146","0.3","0.322","0.4","0.291","0.294","0.195","0.289","0.318","0.317","0.318","0.314","0.3","0.323","0.322","0.327","0.321","0.319","0.326","0.345","0.342","0.339","0.345","0.35","0.341","0.341","0.344","0.337","0.305","0.336","0.356","0.363","0.328","0.334","0.345","0.338","0.4","0.344","0.346","0.338","0.343","0.34","0.4","0.327","0.332","0.328","0.33","0.306","0.332","0.336","0.337","0.3","0.35","0.358","0.364","0.334","0.374","0.4","0.366","0.359","0.391","0.392","0.397","0.362","0.4","0.394","0.4","0.4","0.4","0.395","0.4",,,,,,,,,,,,,,,,
TaxEffectOfUnusualItems,"-2,864,592.094","0","0","-2,296,703.297","-484,000","-5,292,000","-239,000","196,261.682","-10,755,000","-1,134,000","-20,377,000","-8,477,064.22","1,757,000","-44,352,000","-6,860,000","-17,820,000","-164,160,000","-33,480,000","-2,800,000","-54,604,316.547","0","400,000","-319,000","-45,200,000","-458,000","-2,835,000","-6,804,000","-32,346,534.653","-2,673,000","0","0","-8,794,117.647","-302,000","-4,069,000","-7,245,000","-7,532,608.696","-257,000","-2,456,000","-6,820,000","-893,258.427","-1,046,413.502","-1,009,900.99","-644,329.897","-21,398,601.399","0","0","0","-298,136.646","-4,392,452.83","0","0","0","0","-612,121.212","1,166,212.534","-4,200,000","-60,200,000","-1,094,972.067","1,104,408.353","4,550,000","582,677.165","6,009,852.217","-644,836.272","-1,600,000","-581,196.581","0","194,666.667","1,155,555.556","635,514.019","633,720.93","-635,014.837","-5,023,255.814","3,906,403.941","-645,533.141","-3,215,434.084","0","-7,063,157.895","-1,911,504.425","-2,284,210.526","-47,642,857.143","0","-10,501,628.664","-12,068,965.517","7,350,000","-8,172,972.973","-10,900,243.309","-9,977,491.961","10,786,516.854","-4,575,000","-9,735,224.586","-7,479,452.055","-362,903.226","-7,867,219.917","-1,003,039.514","-4,483,870.968","18,938,181.818","-112,800,000","-6,189,873.418","-8,294,117.647","9,462,068.966","-13,723,849.372","-9,851,674.641","-101,600,000","20,609,665.428","-6,967,741.935","-6,562,500","-7,926,605.505","11,009,708.738","-6,631,578.947","-3,362,068.966","-5,723,905.724","1,502,463.054","-3,147,540.984","-4,648,734.177","-5,095,785.441","118,045,465.762","-4,482,678.984","-139,400,000","-2,488,744.939","-718,309.859","-860,678.643","-1,450,870.553","476,865.672","1,810,993.976","-1,760,000","-3,270,935.961","-560,000","-138,240,000","-1,760,000","-1,028,045.977","3,600,000",,,,,,,,,,,,,,,,