name,ttm,01/31/2022,10/31/2021,07/31/2021,04/30/2021,01/31/2021,10/31/2020,07/31/2020,04/30/2020,01/31/2020,10/31/2019,07/31/2019,04/30/2019,01/31/2019,10/31/2018,07/31/2018,04/30/2018,01/31/2018,10/31/2017,07/31/2017,04/30/2017,01/31/2017,10/31/2016,07/31/2016,04/30/2016,01/31/2016,10/31/2015,07/31/2015,04/30/2015,01/31/2015,10/31/2014,07/31/2014,04/30/2014,01/31/2014,10/31/2013,07/31/2013,04/30/2013,01/31/2013,10/31/2012,07/31/2012,04/30/2012,01/31/2012,10/31/2011,07/31/2011,04/30/2011,01/31/2011,10/31/2010,07/31/2010,04/30/2010,01/31/2010,10/31/2009,07/31/2009,04/30/2009,01/31/2009,10/31/2008,07/31/2008,04/30/2008,01/31/2008,10/31/2007,07/31/2007,04/30/2007,01/31/2007,10/31/2006,07/31/2006,04/30/2006,01/31/2006,10/31/2005,07/31/2005,04/30/2005,01/31/2005,10/31/2004,07/31/2004,04/30/2004,01/31/2004,10/31/2003,07/31/2003,04/30/2003,01/31/2003,10/31/2002,07/31/2002,04/30/2002,01/31/2002,10/31/2001,07/31/2001,04/30/2001,01/31/2001,10/31/2000,07/31/2000,04/30/2000,01/31/2000,10/31/1999,07/31/1999,04/30/1999,01/31/1999,10/31/1998,07/31/1998,04/30/1998,01/31/1998,10/31/1997,07/31/1997,04/30/1997,01/31/1997,10/31/1996,07/31/1996,04/30/1996,01/31/1996,10/31/1995,07/31/1995,04/30/1995,01/31/1995,10/31/1994,07/31/1994,04/30/1994,01/31/1994,10/31/1993,07/31/1993,04/30/1993,01/31/1993,10/31/1992,07/31/1992,04/30/1992,01/31/1992,10/31/1991,07/31/1991,04/30/1991,01/31/1991,10/31/1990,07/31/1990,04/30/1990,01/31/1990,10/31/1989,07/31/1989,04/30/1989,01/31/1989,10/31/1988,07/31/1988,04/30/1988,01/31/1988,10/31/1987
TotalRevenue,"51,549,000,000","12,720,000,000","12,900,000,000","13,126,000,000","12,803,000,000","11,960,000,000","11,929,000,000","12,154,000,000","11,983,000,000","12,005,000,000","13,159,000,000","13,428,000,000","12,958,000,000","12,446,000,000","13,072,000,000","12,844,000,000","12,463,000,000","11,887,000,000","12,136,000,000","12,133,000,000","11,940,000,000","11,580,000,000","12,352,000,000","12,638,000,000","12,000,000,000","11,927,000,000","12,682,000,000","12,843,000,000","12,137,000,000","11,936,000,000","12,245,000,000","12,357,000,000","11,545,000,000","11,155,000,000","12,085,000,000","12,417,000,000","12,216,000,000","12,098,000,000","11,876,000,000","11,690,000,000","11,588,000,000","11,527,000,000","11,256,000,000","11,195,000,000","10,866,000,000","10,407,000,000","10,750,000,000","10,836,000,000","10,368,000,000","9,815,000,000","9,021,000,000","8,535,000,000","8,162,000,000","9,089,000,000","10,331,000,000","10,364,000,000","9,791,000,000","9,831,000,000","9,554,000,000","9,433,000,000","8,866,000,000","8,439,000,000","8,184,000,000","7,984,000,000","7,322,000,000","6,628,000,000","6,550,000,000","6,581,000,000","6,187,000,000","6,062,000,000","5,971,000,000","5,926,000,000","5,620,000,000","5,398,000,000","5,101,000,000","4,702,000,000","4,618,000,000","4,713,000,000","4,845,000,000","4,829,000,000","4,822,000,000","4,816,000,000","4,448,000,000","4,298,000,000","4,728,000,000","6,748,000,000","6,519,000,000","5,745,000,000","4,919,000,000","4,350,000,000","3,877,000,000","3,592,000,000","3,147,000,000","2,827,000,000","2,588,000,000","2,389,989,000","2,183,756,000","2,016,315,000","1,868,717,000","1,765,097,000","1,647,871,000","1,592,377,000","1,434,826,000","1,574,187,000","985,147,000","826,482,000","710,191,000","621,184,000","509,910,000","454,897,000","392,900,000","361,200,000","331,200,000","302,200,000","248,500,000","205,200,000","172,400,000","145,100,000","126,400,000","110,700,000","91,400,000","74,000,000","63,600,000","56,800,000","49,700,000","43,900,000","32,800,000","21,800,000","17,900,000","16,100,000","14,100,000","10,300,000","7,700,000","5,600,000","4,100,000","1,400,000","1,400,000","1,400,000","1,300,000"
	OperatingRevenue,"51,549,000,000","12,720,000,000","12,900,000,000","13,126,000,000","12,803,000,000","11,960,000,000","11,929,000,000","12,154,000,000","11,983,000,000","12,005,000,000","13,159,000,000","13,428,000,000","12,958,000,000","12,446,000,000","13,072,000,000","12,844,000,000","12,463,000,000","11,887,000,000","12,136,000,000","12,133,000,000","11,940,000,000","11,580,000,000","12,352,000,000","12,638,000,000","12,000,000,000","11,927,000,000","12,682,000,000","12,843,000,000","12,137,000,000","11,936,000,000","12,245,000,000","12,357,000,000","11,545,000,000","11,155,000,000","12,085,000,000","12,417,000,000","12,216,000,000","12,098,000,000","11,876,000,000","11,690,000,000","11,588,000,000","11,527,000,000","11,256,000,000","11,195,000,000","10,866,000,000","10,407,000,000","10,750,000,000","10,836,000,000","10,368,000,000","9,815,000,000","9,021,000,000","8,535,000,000","8,162,000,000","9,089,000,000","10,331,000,000","10,364,000,000","9,791,000,000","9,831,000,000","9,554,000,000","9,433,000,000","8,866,000,000","8,439,000,000","8,184,000,000","7,984,000,000","7,322,000,000","6,628,000,000","6,550,000,000","6,581,000,000","6,187,000,000","6,062,000,000","5,971,000,000","5,926,000,000","5,620,000,000","5,398,000,000","5,101,000,000","4,702,000,000","4,618,000,000","4,713,000,000","4,845,000,000","4,829,000,000","4,822,000,000","4,816,000,000","4,448,000,000","4,298,000,000","4,728,000,000","6,748,000,000","6,519,000,000","5,745,000,000","4,919,000,000","4,350,000,000","3,877,000,000","3,592,000,000","3,147,000,000","2,827,000,000","2,588,000,000","2,389,989,000","2,183,756,000","2,016,315,000","1,868,717,000","1,765,097,000","1,647,871,000","1,592,377,000","1,434,826,000","1,574,187,000","985,147,000","826,482,000","710,191,000","621,184,000","509,910,000","454,897,000","392,900,000","361,200,000","331,200,000","302,200,000","248,500,000","205,200,000","172,400,000","145,100,000","126,400,000","110,700,000","91,400,000","74,000,000","63,600,000","56,800,000","49,700,000","43,900,000","32,800,000","21,800,000","17,900,000","16,100,000","14,100,000","10,300,000","7,700,000","5,600,000","4,100,000","1,400,000","1,400,000","1,400,000","1,300,000"
CostOfRevenue,"18,918,000,000","4,671,000,000","4,847,000,000","4,782,000,000","4,618,000,000","4,176,000,000","4,348,000,000","4,470,000,000","4,212,000,000","4,241,000,000","4,695,000,000","4,854,000,000","4,785,000,000","4,673,000,000","4,926,000,000","4,922,000,000","4,704,000,000","4,389,000,000","4,709,000,000","4,587,000,000","4,422,000,000","4,304,000,000","4,468,000,000","4,663,000,000","4,279,000,000","4,495,000,000","4,850,000,000","5,110,000,000","4,612,000,000","4,846,000,000","4,912,000,000","4,952,000,000","4,539,000,000","5,204,000,000","4,678,000,000","5,070,000,000","4,705,000,000","4,755,000,000","4,637,000,000","4,605,000,000","4,419,000,000","4,462,000,000","4,366,000,000","4,334,000,000","4,207,000,000","4,146,000,000","3,995,000,000","4,043,000,000","3,738,000,000","3,483,000,000","3,133,000,000","3,074,000,000","2,933,000,000","3,366,000,000","3,650,000,000","3,698,000,000","3,486,000,000","3,491,000,000","3,381,000,000","3,365,000,000","3,219,000,000","3,051,000,000","2,951,000,000","2,839,000,000","2,596,000,000","2,162,000,000","2,140,000,000","2,113,000,000","2,052,000,000","2,009,000,000","1,956,000,000","1,871,000,000","1,753,000,000","1,700,000,000","1,595,000,000","1,413,000,000","1,349,000,000","1,396,000,000","1,487,000,000","1,546,000,000","1,754,000,000","1,846,000,000","1,756,000,000","1,862,000,000","4,400,000,000","2,581,000,000","2,378,000,000","2,075,000,000","1,748,000,000","1,536,000,000","1,364,000,000","1,259,000,000","1,102,000,000","985,000,000","894,000,000","818,935,000","749,727,000","696,774,000","652,181,000","616,040,000","571,339,000","552,519,000","501,480,000","559,080,000","338,782,000","277,597,000","234,403,000","202,457,000","165,522,000","148,204,000","116,600,000","107,900,000","102,900,000","93,900,000","77,300,000","64,400,000","52,100,000","43,100,000","37,500,000","33,600,000","27,100,000","22,800,000","21,000,000","18,300,000","16,600,000","14,100,000","10,500,000","6,600,000","5,900,000","5,400,000","5,100,000",,,,,,,,
GrossProfit,"32,631,000,000","8,049,000,000","8,053,000,000","8,344,000,000","8,185,000,000","7,784,000,000","7,581,000,000","7,684,000,000","7,771,000,000","7,764,000,000","8,464,000,000","8,574,000,000","8,173,000,000","7,773,000,000","8,146,000,000","7,922,000,000","7,759,000,000","7,498,000,000","7,427,000,000","7,546,000,000","7,518,000,000","7,276,000,000","7,884,000,000","7,975,000,000","7,721,000,000","7,432,000,000","7,832,000,000","7,733,000,000","7,525,000,000","7,090,000,000","7,333,000,000","7,405,000,000","7,006,000,000","5,951,000,000","7,407,000,000","7,347,000,000","7,511,000,000","7,343,000,000","7,239,000,000","7,085,000,000","7,169,000,000","7,065,000,000","6,890,000,000","6,861,000,000","6,659,000,000","6,261,000,000","6,755,000,000","6,793,000,000","6,630,000,000","6,332,000,000","5,888,000,000","5,461,000,000","5,229,000,000","5,723,000,000","6,681,000,000","6,666,000,000","6,305,000,000","6,340,000,000","6,173,000,000","6,068,000,000","5,647,000,000","5,388,000,000","5,233,000,000","5,145,000,000","4,726,000,000","4,466,000,000","4,410,000,000","4,468,000,000","4,135,000,000","4,053,000,000","4,015,000,000","4,055,000,000","3,867,000,000","3,698,000,000","3,506,000,000","3,289,000,000","3,269,000,000","3,317,000,000","3,358,000,000","3,283,000,000","3,068,000,000","2,970,000,000","2,692,000,000","2,436,000,000","328,000,000","4,167,000,000","4,141,000,000","3,670,000,000","3,171,000,000","2,814,000,000","2,513,000,000","2,333,000,000","2,045,000,000","1,842,000,000","1,694,000,000","1,571,054,000","1,434,029,000","1,319,541,000","1,216,536,000","1,149,057,000","1,076,532,000","1,039,858,000","933,346,000","1,015,107,000","646,365,000","548,885,000","475,788,000","418,727,000","344,388,000","306,693,000","276,300,000","253,300,000","228,300,000","208,300,000","171,200,000","140,800,000","120,300,000","102,000,000","88,900,000","77,100,000","64,300,000","51,200,000","42,600,000","38,500,000","33,100,000","29,800,000","22,300,000","15,200,000","12,000,000","10,700,000","9,000,000",,,,,,,,
OperatingExpense,"18,608,000,000","4,559,000,000","4,610,000,000","4,761,000,000","4,678,000,000","4,327,000,000","4,409,000,000","4,310,000,000","4,229,000,000","4,342,000,000","4,701,000,000","4,844,000,000","4,642,000,000","4,376,000,000","4,263,000,000","4,550,000,000","4,543,000,000","4,327,000,000","4,519,000,000","4,370,000,000","4,279,000,000","4,250,000,000","4,596,000,000","4,659,000,000","4,720,000,000","4,042,000,000","4,611,000,000","4,779,000,000","4,576,000,000","4,399,000,000","4,673,000,000","4,642,000,000","4,438,000,000","4,211,000,000","4,715,000,000","4,533,000,000","4,536,000,000","4,541,000,000","4,529,000,000","4,635,000,000","4,399,000,000","4,328,000,000","4,478,000,000","4,637,000,000","4,445,000,000","4,577,000,000","4,404,000,000","4,468,000,000","4,285,000,000","3,962,000,000","3,764,000,000","4,001,000,000","3,622,000,000","3,950,000,000","4,199,000,000","4,137,000,000","4,164,000,000","3,936,000,000","3,805,000,000","3,765,000,000","3,450,000,000","3,258,000,000","3,242,000,000","3,155,000,000","3,073,000,000","2,735,000,000","2,788,000,000","2,471,000,000","2,317,000,000","2,240,000,000","2,227,000,000","2,254,000,000","2,313,000,000","2,151,000,000","2,116,000,000","2,085,000,000","2,023,000,000","2,053,000,000","2,190,000,000","2,336,000,000","2,194,000,000","2,217,000,000","2,347,000,000","2,573,000,000","2,959,000,000","3,135,000,000","3,239,000,000","2,900,000,000","2,427,000,000","1,755,000,000","1,828,000,000","1,428,000,000","1,170,000,000","1,366,000,000","966,000,000","874,408,000","1,161,293,000","659,848,000","741,257,000","862,604,000","537,402,000","551,307,000","620,186,000","524,764,000","293,980,000","248,983,000","217,612,000","196,651,000","153,512,000","228,377,000","124,600,000","114,600,000","96,700,000","88,400,000","73,300,000","58,700,000","49,000,000","42,300,000","38,500,000","35,400,000","28,400,000","22,700,000","19,200,000","18,600,000","15,300,000","13,600,000","10,000,000","8,200,000","6,600,000","5,800,000","4,900,000",,,,,,,,
	SellingGeneralAndAdministration,"11,511,000,000","2,810,000,000","2,812,000,000","2,969,000,000","2,920,000,000","2,761,000,000","2,761,000,000","2,712,000,000","2,649,000,000","2,734,000,000","2,999,000,000","3,053,000,000","2,944,000,000","2,780,000,000","2,621,000,000","2,891,000,000","2,886,000,000","2,718,000,000","2,891,000,000","2,813,000,000","2,713,000,000","2,678,000,000","2,973,000,000","2,976,000,000","3,013,000,000","2,462,000,000","2,982,000,000","3,085,000,000","2,959,000,000","2,798,000,000","3,019,000,000","2,981,000,000","2,802,000,000","2,728,000,000","2,926,000,000","2,950,000,000","2,905,000,000","2,971,000,000","2,976,000,000","3,128,000,000","2,945,000,000","2,892,000,000","3,004,000,000","3,052,000,000","2,912,000,000","2,896,000,000","2,860,000,000","2,946,000,000","2,757,000,000","2,577,000,000","2,435,000,000","2,497,000,000","2,258,000,000","2,535,000,000","2,678,000,000","2,682,000,000","2,608,000,000","2,604,000,000","2,493,000,000","2,404,000,000","2,208,000,000","2,066,000,000","2,050,000,000","1,911,000,000","1,845,000,000","1,713,000,000","1,731,000,000","1,526,000,000","1,434,000,000","1,370,000,000","1,350,000,000","1,394,000,000","1,384,000,000","1,320,000,000","1,299,000,000","1,214,000,000","1,203,000,000","1,149,000,000","1,252,000,000","1,189,000,000","1,227,000,000","1,219,000,000","1,247,000,000","1,340,000,000","1,546,000,000","1,630,000,000","1,557,000,000","1,420,000,000","1,169,000,000","1,067,000,000","904,000,000","855,000,000","752,000,000","660,000,000","598,000,000","532,188,000","479,570,000","421,076,000","389,831,000","369,904,000","353,688,000","340,452,000","300,886,000","350,877,000","204,703,000","175,721,000","154,747,000","143,990,000","109,520,000","94,499,000","83,200,000","78,200,000","67,200,000","59,700,000","66,800,000","55,400,000","45,000,000","39,000,000","35,500,000","33,500,000","26,200,000","21,000,000","18,300,000","17,200,000","14,600,000","13,000,000","9,700,000","7,600,000","6,400,000","5,700,000","4,800,000",,,,,,,,
		GeneralAndAdministrativeExpense,"2,219,000,000","544,000,000","551,000,000","521,000,000","603,000,000","484,000,000","544,000,000","494,000,000","457,000,000","455,000,000","519,000,000","566,000,000","541,000,000","509,000,000","211,000,000","543,000,000","561,000,000","483,000,000","557,000,000","495,000,000","487,000,000","456,000,000","555,000,000","533,000,000","566,000,000","176,000,000","539,000,000","536,000,000","510,000,000","490,000,000","504,000,000","508,000,000","460,000,000","451,000,000","515,000,000","590,000,000","530,000,000","584,000,000","560,000,000","711,000,000","562,000,000","497,000,000","552,000,000","532,000,000","466,000,000","452,000,000","458,000,000","595,000,000","497,000,000","467,000,000","440,000,000","488,000,000","302,000,000","380,000,000","395,000,000","518,000,000","479,000,000","520,000,000","490,000,000","431,000,000","378,000,000","340,000,000","364,000,000","311,000,000","298,000,000","282,000,000","278,000,000","257,000,000","244,000,000","228,000,000","230,000,000","214,000,000","231,000,000","210,000,000","212,000,000","190,000,000","184,000,000","174,000,000","154,000,000","155,000,000","164,000,000","148,000,000","151,000,000","191,000,000","195,000,000","196,000,000","195,000,000","234,000,000","146,000,000","143,000,000","101,000,000","139,000,000","105,000,000","90,000,000","84,000,000","76,835,000","67,329,000","57,668,000","56,414,000","56,425,000","54,349,000","52,111,000","41,776,000","70,322,000","34,886,000","28,826,000","25,736,000","24,912,000","20,652,000","16,045,000",,,,,,,,,,,,,,,,,,,,,,,,,,,,,
			OtherGandA,"2,219,000,000","544,000,000","551,000,000","521,000,000","603,000,000","484,000,000","544,000,000","494,000,000","457,000,000","455,000,000","519,000,000","566,000,000","541,000,000","509,000,000","211,000,000","543,000,000","561,000,000","483,000,000","557,000,000","495,000,000","487,000,000","456,000,000","555,000,000","533,000,000","566,000,000","176,000,000","539,000,000","536,000,000","510,000,000","490,000,000","504,000,000","508,000,000","460,000,000","451,000,000","515,000,000","590,000,000","530,000,000","584,000,000","560,000,000","711,000,000","562,000,000","497,000,000","552,000,000","532,000,000","466,000,000","452,000,000","458,000,000","595,000,000","497,000,000","467,000,000","440,000,000","488,000,000","302,000,000","380,000,000","395,000,000","518,000,000","479,000,000","520,000,000","490,000,000","431,000,000","378,000,000","340,000,000","364,000,000","311,000,000","298,000,000","282,000,000","278,000,000","257,000,000","244,000,000","228,000,000","230,000,000","214,000,000","231,000,000","210,000,000","212,000,000","190,000,000","184,000,000","174,000,000","154,000,000","155,000,000","164,000,000","148,000,000","151,000,000","191,000,000","195,000,000","196,000,000","195,000,000","234,000,000","146,000,000","143,000,000","101,000,000","139,000,000","105,000,000","90,000,000","84,000,000","76,835,000","67,329,000","57,668,000","56,414,000","56,425,000","54,349,000","52,111,000","41,776,000","70,322,000","34,886,000","28,826,000","25,736,000","24,912,000","20,652,000","16,045,000",,,,,,,,,,,,,,,,,,,,,,,,,,,,,
		SellingAndMarketingExpense,"9,292,000,000","2,266,000,000","2,261,000,000","2,448,000,000","2,317,000,000","2,277,000,000","2,217,000,000","2,218,000,000","2,192,000,000","2,279,000,000","2,480,000,000","2,487,000,000","2,403,000,000","2,271,000,000","2,410,000,000","2,348,000,000","2,325,000,000","2,235,000,000","2,334,000,000","2,318,000,000","2,226,000,000","2,222,000,000","2,418,000,000","2,443,000,000","2,447,000,000","2,286,000,000","2,443,000,000","2,549,000,000","2,449,000,000","2,308,000,000","2,515,000,000","2,473,000,000","2,342,000,000","2,277,000,000","2,411,000,000","2,360,000,000","2,375,000,000","2,387,000,000","2,416,000,000","2,417,000,000","2,383,000,000","2,395,000,000","2,452,000,000","2,520,000,000","2,446,000,000","2,444,000,000","2,402,000,000","2,351,000,000","2,260,000,000","2,110,000,000","1,995,000,000","2,009,000,000","1,956,000,000","2,155,000,000","2,283,000,000","2,164,000,000","2,129,000,000","2,084,000,000","2,003,000,000","1,973,000,000","1,830,000,000","1,726,000,000","1,686,000,000","1,600,000,000","1,547,000,000","1,431,000,000","1,453,000,000","1,269,000,000","1,190,000,000","1,142,000,000","1,120,000,000","1,180,000,000","1,153,000,000","1,110,000,000","1,087,000,000","1,024,000,000","1,019,000,000","975,000,000","1,098,000,000","1,034,000,000","1,063,000,000","1,071,000,000","1,096,000,000","1,149,000,000","1,351,000,000","1,434,000,000","1,362,000,000","1,186,000,000","1,023,000,000","924,000,000","803,000,000","716,000,000","647,000,000","570,000,000","514,000,000","455,353,000","412,241,000","363,408,000","333,417,000","313,479,000","299,339,000","288,341,000","259,110,000","280,555,000","169,817,000","146,895,000","129,011,000","119,078,000","88,868,000","78,454,000",,,,,,,,,,,,,,,,,,,,,,,,,,,,,
	ResearchAndDevelopment,"6,794,000,000","1,670,000,000","1,714,000,000","1,713,000,000","1,697,000,000","1,527,000,000","1,612,000,000","1,565,000,000","1,546,000,000","1,570,000,000","1,666,000,000","1,753,000,000","1,659,000,000","1,557,000,000","1,608,000,000","1,626,000,000","1,590,000,000","1,549,000,000","1,567,000,000","1,499,000,000","1,507,000,000","1,508,000,000","1,545,000,000","1,601,000,000","1,626,000,000","1,509,000,000","1,560,000,000","1,548,000,000","1,547,000,000","1,529,000,000","1,583,000,000","1,593,000,000","1,565,000,000","1,412,000,000","1,724,000,000","1,517,000,000","1,542,000,000","1,452,000,000","1,431,000,000","1,416,000,000","1,358,000,000","1,339,000,000","1,375,000,000","1,484,000,000","1,430,000,000","1,478,000,000","1,431,000,000","1,391,000,000","1,411,000,000","1,247,000,000","1,224,000,000","1,340,000,000","1,243,000,000","1,279,000,000","1,409,000,000","1,306,000,000","1,439,000,000","1,216,000,000","1,195,000,000","1,252,000,000","1,145,000,000","1,096,000,000","1,087,000,000","1,065,000,000","1,129,000,000","966,000,000","998,000,000","889,000,000","829,000,000","813,000,000","817,000,000","800,000,000","869,000,000","771,000,000","755,000,000","761,000,000","728,000,000","826,000,000","824,000,000","859,000,000","838,000,000","862,000,000","954,000,000","935,000,000","1,137,000,000","1,249,000,000","1,451,000,000","1,311,000,000","1,207,000,000","641,000,000","900,000,000","573,000,000","418,000,000","706,000,000","368,000,000","342,220,000","681,723,000","238,772,000","351,426,000","492,700,000","183,714,000","210,855,000","319,300,000","173,887,000","89,277,000","73,262,000","62,865,000","52,661,000","43,992,000","133,878,000","30,000,000","25,900,000","23,300,000","21,100,000",,,,,,,,,,,,,,,,,,,,,,,,,
	DepreciationAmortizationDepletionIncomeStatement,"303,000,000","79,000,000","84,000,000","79,000,000","61,000,000","39,000,000","36,000,000","33,000,000","34,000,000","38,000,000","36,000,000","38,000,000","39,000,000","39,000,000","34,000,000","33,000,000","67,000,000","60,000,000","61,000,000","58,000,000","59,000,000","64,000,000","78,000,000","82,000,000","81,000,000","71,000,000","69,000,000","146,000,000","70,000,000","72,000,000","71,000,000","68,000,000","71,000,000","71,000,000","65,000,000","66,000,000","89,000,000","118,000,000","122,000,000","91,000,000","96,000,000","97,000,000","99,000,000","101,000,000","103,000,000","203,000,000","113,000,000","131,000,000","117,000,000","138,000,000","105,000,000","164,000,000","121,000,000","136,000,000","112,000,000","149,000,000","117,000,000","116,000,000","117,000,000","109,000,000","97,000,000","96,000,000","105,000,000","179,000,000","99,000,000","56,000,000","59,000,000","56,000,000","54,000,000","57,000,000","60,000,000","60,000,000","60,000,000","60,000,000","62,000,000","110,000,000","92,000,000","78,000,000","114,000,000","288,000,000","129,000,000","136,000,000","146,000,000","298,000,000","276,000,000","256,000,000","231,000,000","169,000,000","51,000,000","47,000,000","24,000,000",,,,,,,,,,,,,,,,,,,,"11,400,000","10,500,000","6,200,000","7,600,000","6,500,000","3,300,000","4,000,000","3,300,000","3,000,000","1,900,000","2,200,000","1,700,000","900,000","1,400,000","700,000","600,000","300,000","600,000","200,000","100,000","100,000",,,,,,,,
		DepreciationAndAmortizationInIncomeStatement,"303,000,000","79,000,000","84,000,000","79,000,000","61,000,000","39,000,000","36,000,000","33,000,000","34,000,000","38,000,000","36,000,000","38,000,000","39,000,000","39,000,000","34,000,000","33,000,000","67,000,000","60,000,000","61,000,000","58,000,000","59,000,000","64,000,000","78,000,000","82,000,000","81,000,000","71,000,000","69,000,000","146,000,000","70,000,000","72,000,000","71,000,000","68,000,000","71,000,000","71,000,000","65,000,000","66,000,000","89,000,000","118,000,000","122,000,000","91,000,000","96,000,000","97,000,000","99,000,000","101,000,000","103,000,000","203,000,000","113,000,000","131,000,000","117,000,000","138,000,000","105,000,000","164,000,000","121,000,000","136,000,000","112,000,000","149,000,000","117,000,000","116,000,000","117,000,000","109,000,000","97,000,000","96,000,000","105,000,000","179,000,000","99,000,000","56,000,000","59,000,000","56,000,000","54,000,000","57,000,000","60,000,000","60,000,000","60,000,000","60,000,000","62,000,000","110,000,000","92,000,000","78,000,000","114,000,000","288,000,000","129,000,000","136,000,000","146,000,000","298,000,000","276,000,000","256,000,000","231,000,000","169,000,000","51,000,000","47,000,000","24,000,000",,,,,,,,,,,,,,,,,,,,"11,400,000","10,500,000","6,200,000","7,600,000","6,500,000","3,300,000","4,000,000","3,300,000","3,000,000","1,900,000","2,200,000","1,700,000","900,000","1,400,000","700,000","600,000","300,000","600,000","200,000","100,000","100,000",,,,,,,,
			Amortization,"303,000,000","79,000,000","84,000,000","79,000,000","61,000,000","39,000,000","36,000,000","33,000,000","34,000,000","38,000,000","36,000,000","38,000,000","39,000,000","39,000,000","34,000,000","33,000,000","67,000,000","60,000,000","61,000,000","58,000,000","59,000,000","64,000,000","78,000,000","82,000,000","81,000,000","71,000,000","69,000,000","146,000,000","70,000,000","72,000,000","71,000,000","68,000,000","71,000,000","71,000,000","65,000,000","66,000,000","89,000,000","118,000,000","122,000,000","91,000,000","96,000,000","97,000,000","99,000,000","101,000,000","103,000,000","203,000,000","113,000,000","131,000,000","117,000,000","138,000,000","105,000,000","164,000,000","121,000,000","136,000,000","112,000,000","149,000,000","117,000,000","116,000,000","117,000,000","109,000,000","97,000,000","96,000,000","105,000,000","179,000,000","99,000,000","56,000,000","59,000,000","56,000,000","54,000,000","57,000,000","60,000,000","60,000,000","60,000,000","60,000,000","62,000,000","110,000,000","92,000,000","78,000,000","114,000,000","288,000,000","129,000,000","136,000,000","146,000,000","298,000,000","276,000,000","256,000,000","231,000,000","169,000,000","51,000,000","47,000,000","24,000,000",,,,,,,,,,,,,,,,,,,,,,,,,,,,,,,,,,,,,,,,,,,,,,,,
				AmortizationOfIntangiblesIncomeStatement,"303,000,000","79,000,000","84,000,000","79,000,000","61,000,000","39,000,000","36,000,000","33,000,000","34,000,000","38,000,000","36,000,000","38,000,000","39,000,000","39,000,000","34,000,000","33,000,000","67,000,000","60,000,000","61,000,000","58,000,000","59,000,000","64,000,000","78,000,000","82,000,000","81,000,000","71,000,000","69,000,000","146,000,000","70,000,000","72,000,000","71,000,000","68,000,000","71,000,000","71,000,000","65,000,000","66,000,000","89,000,000","118,000,000","122,000,000","91,000,000","96,000,000","97,000,000","99,000,000","101,000,000","103,000,000","203,000,000","113,000,000","131,000,000","117,000,000","138,000,000","105,000,000","164,000,000","121,000,000","136,000,000","112,000,000","149,000,000","117,000,000","116,000,000","117,000,000","109,000,000","97,000,000","96,000,000","105,000,000","179,000,000","99,000,000","56,000,000","59,000,000","56,000,000","54,000,000","57,000,000","60,000,000","60,000,000","60,000,000","60,000,000","62,000,000","110,000,000","92,000,000","78,000,000","114,000,000","288,000,000","129,000,000","136,000,000","146,000,000","298,000,000","276,000,000","256,000,000","231,000,000","169,000,000","51,000,000","47,000,000","24,000,000",,,,,,,,,,,,,,,,,,,,,,,,,,,,,,,,,,,,,,,,,,,,,,,,
	OtherOperatingExpenses,,,,,,,,,,,,,,,,,,,,,,,,,,,,,,,,,,,,,,,,,,,,,"-153,000,000","-161,000,000",,,,,,,,"95,000,000",,,,,,,,,,,,,,,,,,,,,,,,,,,,,,,,,,,,,,,,,,,,,,,,,,,,,,,,,,,,,,,,,,,,,,,,,,,,,,,,,,,,,
OperatingIncome,"14,023,000,000","3,490,000,000","3,443,000,000","3,583,000,000","3,507,000,000","3,457,000,000","3,172,000,000","3,374,000,000","3,542,000,000","3,422,000,000","3,763,000,000","3,730,000,000","3,531,000,000","3,397,000,000","3,883,000,000","3,372,000,000","3,216,000,000","3,171,000,000","2,908,000,000","3,176,000,000","3,239,000,000","3,026,000,000","3,288,000,000","3,316,000,000","3,001,000,000","3,390,000,000","3,221,000,000","2,954,000,000","2,949,000,000","2,691,000,000","2,660,000,000","2,763,000,000","2,568,000,000","1,740,000,000","2,692,000,000","2,814,000,000","2,975,000,000","2,802,000,000","2,710,000,000","2,450,000,000","2,770,000,000","2,737,000,000","2,412,000,000","2,224,000,000","2,214,000,000","1,684,000,000","2,351,000,000","2,325,000,000","2,345,000,000","2,370,000,000","2,124,000,000","1,460,000,000","1,607,000,000","1,773,000,000","2,482,000,000","2,529,000,000","2,141,000,000","2,404,000,000","2,368,000,000","2,303,000,000","2,197,000,000","2,130,000,000","1,991,000,000","1,990,000,000","1,653,000,000","1,731,000,000","1,622,000,000","1,997,000,000","1,818,000,000","1,813,000,000","1,788,000,000","1,801,000,000","1,554,000,000","1,547,000,000","1,390,000,000","1,204,000,000","1,246,000,000","1,264,000,000","1,168,000,000","947,000,000","874,000,000","753,000,000","345,000,000","-137,000,000","-2,631,000,000","1,032,000,000","902,000,000","770,000,000","744,000,000","1,059,000,000","685,000,000","905,000,000","875,000,000","476,000,000","728,000,000","696,646,000","272,736,000","659,693,000","475,279,000","286,453,000","539,130,000","488,551,000","313,160,000","490,343,000","352,385,000","299,902,000","258,176,000","222,076,000","190,876,000","78,316,000","151,700,000","138,700,000","131,600,000","119,900,000","97,900,000","82,100,000","71,300,000","59,700,000","50,400,000","41,700,000","35,900,000","28,500,000","23,400,000","19,900,000","17,800,000","16,200,000","12,300,000","7,000,000","5,400,000","4,900,000","4,100,000","-10,500,000","7,700,000","5,600,000","4,100,000","-3,600,000","1,400,000","1,400,000","1,300,000"
NetNonOperatingInterestIncomeExpense,"129,000,000","23,000,000","32,000,000","32,000,000","42,000,000","48,000,000","62,000,000","68,000,000","88,000,000","84,000,000","95,000,000","101,000,000","120,000,000","105,000,000","123,000,000","129,000,000","143,000,000","149,000,000","144,000,000","138,000,000","135,000,000","107,000,000","97,000,000","93,000,000","95,000,000","75,000,000","66,000,000","62,000,000","51,000,000","50,000,000","40,000,000","41,000,000","24,000,000","33,000,000","29,000,000","28,000,000","17,000,000","13,000,000","13,000,000","20,000,000","10,000,000","8,000,000","16,000,000","16,000,000","8,000,000","-5,000,000","-6,000,000","-15,000,000","-24,000,000","-3,000,000","54,000,000","56,000,000","89,000,000","159,000,000","195,000,000","188,000,000","201,000,000","212,000,000","223,000,000","197,000,000","189,000,000","172,000,000","157,000,000","143,000,000","142,000,000","168,000,000","154,000,000","153,000,000","142,000,000","127,000,000","130,000,000","124,000,000","127,000,000","124,000,000","137,000,000","146,000,000","161,000,000","174,000,000","179,000,000","1,254,000,000","150,000,000","179,000,000","-688,000,000","199,000,000","236,000,000","275,000,000","230,000,000","11,000,000","313,000,000","151,000,000","106,000,000","97,000,000","90,000,000","80,000,000","65,000,000","59,780,000","52,047,000","43,818,000","37,056,000","31,254,000","29,093,000","27,064,000","21,478,000","22,839,000","15,103,000","14,258,000","11,819,000","9,736,000","10,785,000","7,950,000",,,,,,,,,,,,,,,,,,,,,,,,,,,,,
	InterestIncomeNonOperating,"515,000,000","111,000,000","121,000,000","130,000,000","153,000,000","161,000,000","174,000,000","187,000,000","218,000,000","242,000,000","273,000,000","305,000,000","331,000,000","328,000,000","344,000,000","353,000,000","380,000,000","396,000,000","379,000,000","360,000,000","354,000,000","329,000,000","295,000,000","273,000,000","270,000,000","237,000,000","225,000,000","211,000,000","190,000,000","189,000,000","179,000,000","183,000,000","170,000,000","169,000,000","169,000,000","171,000,000","162,000,000","160,000,000","161,000,000","167,000,000","161,000,000","158,000,000","164,000,000","164,000,000","161,000,000","156,000,000","160,000,000","154,000,000","158,000,000","155,000,000","168,000,000","170,000,000","194,000,000","222,000,000","259,000,000","252,000,000","269,000,000","303,000,000","319,000,000","291,000,000","283,000,000","267,000,000","251,000,000","231,000,000","202,000,000","168,000,000","154,000,000","153,000,000","142,000,000","127,000,000","130,000,000","124,000,000","127,000,000","124,000,000","137,000,000","146,000,000","161,000,000","174,000,000","179,000,000",,,,,,,,,,,,,,,,,,,,,,,,,,,,,,,,,,,,,,,,,,,,,,,,,,,,,,,,,,,,
	InterestExpenseNonOperating,"386,000,000","88,000,000","89,000,000","98,000,000","111,000,000","113,000,000","112,000,000","119,000,000","130,000,000","158,000,000","178,000,000","204,000,000","211,000,000","223,000,000","221,000,000","224,000,000","237,000,000","247,000,000","235,000,000","222,000,000","219,000,000","222,000,000","198,000,000","180,000,000","175,000,000","162,000,000","159,000,000","149,000,000","139,000,000","139,000,000","139,000,000","142,000,000","146,000,000","136,000,000","140,000,000","143,000,000","145,000,000","147,000,000","148,000,000","147,000,000","151,000,000","150,000,000","148,000,000","148,000,000","153,000,000","161,000,000","166,000,000","169,000,000","182,000,000","158,000,000","114,000,000","114,000,000","105,000,000","63,000,000","64,000,000","64,000,000","68,000,000","91,000,000","96,000,000","94,000,000","94,000,000","95,000,000","94,000,000","88,000,000","60,000,000",,,,,,,,,,,,,,,,,,,,,,,,,,,,,,,,,,,,,,,,,,,,,,,,,,,,,,,,,,,,,,,,,,,,,,,,,,
	TotalOtherFinanceCost,,,,,,,,,,,,,,,,,,,,,,,,,,,,,,,,,,,,,,,,,,,,,,,,,,,"-54,000,000","-56,000,000",,"-95,000,000",,,,,,,,,,,,,,,,,,,,,,,,,,,"-150,000,000","-179,000,000","688,000,000","-199,000,000","-236,000,000","-275,000,000","-230,000,000","-11,000,000","-313,000,000","-151,000,000","-106,000,000","-97,000,000","-90,000,000","-80,000,000","-65,000,000","-59,780,000","-52,047,000","-43,818,000","-37,056,000","-31,254,000","-29,093,000","-27,064,000","-21,478,000","-22,839,000","-15,103,000","-14,258,000","-11,819,000","-9,736,000","-10,785,000","-7,950,000",,,,,,,,,,,,,,,,,,,,,,,,,,,,,
OtherIncomeExpense,"434,000,000","90,000,000","182,000,000","120,000,000","42,000,000","-250,000,000","-553,000,000","-136,000,000","-186,000,000","28,000,000","-172,000,000","-127,000,000","-36,000,000","-159,000,000","-97,000,000","91,000,000","-106,000,000","-88,000,000","-90,000,000","-134,000,000","-183,000,000","-170,000,000","-432,000,000","-15,000,000","-13,000,000","-159,000,000","-150,000,000","-83,000,000","35,000,000","132,000,000","-340,000,000","-26,000,000","50,000,000","-18,000,000","-181,000,000","29,000,000","-47,000,000","-35,000,000","-92,000,000","-84,000,000","-1,000,000","4,000,000","-183,000,000","-773,000,000","-19,000,000","51,000,000","80,000,000","108,000,000","82,000,000","-12,000,000","61,000,000","17,000,000","-9,000,000","-64,000,000","-72,000,000","-31,000,000","-33,000,000","22,000,000","31,000,000","31,000,000","33,000,000","33,000,000","28,000,000","13,000,000","17,000,000","17,000,000","-17,000,000","3,000,000","8,000,000","17,000,000","40,000,000","11,000,000","40,000,000","136,000,000","1,000,000","23,000,000","-26,000,000","-51,000,000","-475,000,000","-1,132,000,000",,,"-37,000,000","0","-1,170,000,000","-237,000,000","190,000,000","70,000,000","-488,000,000","-43,000,000","-381,000,000","-81,000,000",,"-349,000,000","-41,000,000","0","-418,659,000",,"5,411,000","17,994,000","32,288,000","47,299,000","55,108,000",,,,,"0",,"-95,760,000","7,600,000","6,200,000","4,900,000","5,400,000","4,800,000","3,900,000","2,800,000","2,200,000","2,700,000","2,300,000","1,600,000","1,300,000","1,500,000","1,500,000","900,000","1,100,000","1,100,000","1,200,000","800,000",,"100,000",,,,,,,,
	GainOnSaleOfSecurity,"606,000,000","113,000,000","216,000,000","158,000,000","119,000,000","-8,000,000","56,000,000","10,000,000","10,000,000","92,000,000","20,000,000","-51,000,000","-6,000,000","53,000,000","-6,000,000","164,000,000","6,000,000","60,000,000","68,000,000","11,000,000","-76,000,000","-33,000,000","-35,000,000","15,000,000","16,000,000","-55,000,000","-12,000,000","15,000,000","47,000,000","203,000,000","-26,000,000","82,000,000","59,000,000","47,000,000","52,000,000","14,000,000","-9,000,000","1,000,000","-15,000,000","-7,000,000","27,000,000","-2,000,000","13,000,000","28,000,000","31,000,000","46,000,000","108,000,000","76,000,000","63,000,000","37,000,000","47,000,000","33,000,000","10,000,000","-53,000,000","-70,000,000","-3,000,000","6,000,000","55,000,000","57,000,000","64,000,000","55,000,000","61,000,000","52,000,000","52,000,000","55,000,000","36,000,000","-4,000,000","22,000,000","15,000,000","40,000,000","62,000,000","6,000,000","55,000,000","166,000,000","40,000,000",,,,,,,,,,,,,,,,,,,,,"0",,,"5,411,000","17,994,000","32,288,000","47,299,000","55,108,000",,,,,,,,,,,,,,,,,,,,,,,,,,,,,,,,,,,,
	EarningsFromEquityInterest,,,,,,,,,,,,,,,,"-15,000,000","-11,000,000","2,000,000","35,000,000","7,000,000","0","-3,000,000","-50,000,000","-10,000,000","22,000,000","-36,000,000","-11,000,000","-22,000,000","3,000,000","134,000,000","-33,000,000","16,000,000","-10,000,000","-35,000,000","-31,000,000","12,000,000","-15,000,000","-12,000,000","-42,000,000","-32,000,000","-3,000,000","-39,000,000","4,000,000","5,000,000","-18,000,000","29,000,000","18,000,000","26,000,000","-8,000,000","6,000,000","30,000,000","-8,000,000","-16,000,000","-23,000,000","-9,000,000","-5,000,000","18,000,000","-10,000,000","3,000,000","5,000,000","-9,000,000","0","-14,000,000","19,000,000","21,000,000","40,000,000","6,000,000","20,000,000","9,000,000","18,000,000","4,000,000","4,000,000","42,000,000","15,000,000",,,,,,,,,,"0","0","0","190,000,000",,,,,,,,,,,,,,,,,,,,,,,,,,,,,,,,,,,,,,,,,,,,,,,,,,,,
	SpecialIncomeCharges,"-58,000,000","-3,000,000","-5,000,000","-8,000,000","-42,000,000","-234,000,000","-602,000,000","-127,000,000","-128,000,000","-42,000,000","-184,000,000","-40,000,000","-18,000,000","-186,000,000","-78,000,000","-26,000,000","-82,000,000","-98,000,000","-152,000,000","-142,000,000","-70,000,000","-133,000,000","-411,000,000","-13,000,000","-17,000,000","-96,000,000","-142,000,000","-73,000,000","-24,000,000","-69,000,000","-318,000,000","-82,000,000","-26,000,000","-73,000,000","-237,000,000","0","-33,000,000","-13,000,000","-59,000,000","-79,000,000","-20,000,000","-3,000,000","-202,000,000","-768,000,000","-31,000,000","51,000,000","80,000,000","108,000,000","0","0","0","-60,000,000","0","0","-3,000,000","-3,000,000","-1,000,000","-5,000,000","-3,000,000","-8,000,000","0","-10,000,000","-4,000,000","-2,000,000","-2,000,000","-4,000,000","-7,000,000","-10,000,000","-6,000,000","-10,000,000","-18,000,000","0","-27,000,000","-44,000,000","-41,000,000","-282,000,000","-3,000,000","0","0","0","0","0","-37,000,000","0","-1,170,000,000","-237,000,000","-509,000,000","-461,000,000","-488,000,000","-43,000,000","-381,000,000","-81,000,000","0","-349,000,000","-41,000,000","-47,845,000","-418,659,000",,"-127,191,000","-290,605,000","32,288,000","-43,203,000","-174,589,000",,,,,"0",,"-95,760,000","7,600,000","6,200,000","4,900,000","5,400,000","4,800,000","3,900,000","2,800,000","2,200,000","2,700,000","2,300,000","1,600,000","1,300,000","1,500,000","1,500,000","900,000","1,100,000","1,100,000","1,200,000","800,000",,"100,000",,,,,,,,
		RestructuringAndMergernAcquisition,"58,000,000","3,000,000","5,000,000","8,000,000","42,000,000","234,000,000","602,000,000","127,000,000","128,000,000","42,000,000","184,000,000","40,000,000","18,000,000","186,000,000","78,000,000","26,000,000","82,000,000","98,000,000","152,000,000","142,000,000","70,000,000","133,000,000","411,000,000","13,000,000","17,000,000","96,000,000","142,000,000","73,000,000","24,000,000","69,000,000","318,000,000","82,000,000","26,000,000","73,000,000","237,000,000","0","33,000,000","13,000,000","59,000,000","79,000,000","20,000,000","3,000,000","202,000,000","768,000,000","31,000,000",,,,,,,,,,,,,,,,,,,,,,,,,,,,,,,,,,,"0","0",,,"0","1,170,000,000",,,,,,,,,,,,,,,,,,,,,,,,,,,,,,,,,,,,,,,,,,,,,,,,,,,,,,
		WriteOff,,,,,,,,,,,,,,,,,,,,,,,,,,,,,,,,,,,,,,,,,,,,,,,,,,,,,,,,"3,000,000","1,000,000","5,000,000","3,000,000","8,000,000","0","10,000,000","4,000,000","2,000,000","2,000,000","4,000,000","7,000,000","10,000,000","6,000,000","10,000,000","18,000,000","0","27,000,000","44,000,000","41,000,000",,,,,,,,,,,,,,,,,,,,,,,,,,,,,,,,,,,,,,,,,,,,,,,,,,,,,,,,,,,,,,,,
		OtherSpecialCharges,,,,,,,,,,,,,,,,,,,,,,,,,,,,,,,,,,,,,,,,,"-19,000,000","-7,000,000","-19,000,000","5,000,000","-12,000,000",,,,,,,"60,000,000",,,"3,000,000","0",,,"3,000,000","74,000,000","1,000,000","2,000,000","4,000,000","1,000,000","88,000,000",,"2,000,000","6,000,000","6,000,000","2,000,000","12,000,000","0","2,000,000","1,000,000",,"1,000,000","3,000,000",,,"28,000,000",,,"37,000,000","0","109,000,000","237,000,000","509,000,000","461,000,000","488,000,000","43,000,000","381,000,000","81,000,000",,"349,000,000","41,000,000","47,845,000","418,659,000",,"127,191,000","290,605,000",,"43,203,000","174,589,000",,,,,"0",,"95,760,000",,,,,,,,,,,,,,,,,,,,,,,,,,,,,
	OtherNonOperatingIncomeExpenses,"-114,000,000","-20,000,000","-29,000,000","-30,000,000","-35,000,000","-8,000,000","-7,000,000","-19,000,000","-68,000,000","-22,000,000","-8,000,000","-36,000,000","-12,000,000","-26,000,000","-13,000,000","-47,000,000","-30,000,000","-50,000,000","-6,000,000","-3,000,000","-37,000,000","-4,000,000","14,000,000","-17,000,000","-12,000,000","-8,000,000","4,000,000","-25,000,000","12,000,000","-2,000,000","4,000,000","-26,000,000","17,000,000","8,000,000","4,000,000","15,000,000","-5,000,000","-23,000,000","-18,000,000","2,000,000","-8,000,000","9,000,000","6,000,000","-33,000,000","-19,000,000","5,000,000","-28,000,000","32,000,000","19,000,000","-49,000,000","14,000,000","-16,000,000","-19,000,000","-11,000,000","-2,000,000","-25,000,000","-38,000,000","-28,000,000","-23,000,000","-25,000,000","-22,000,000","-18,000,000","-20,000,000","-37,000,000","-36,000,000","-15,000,000","-6,000,000","-9,000,000","-1,000,000","-13,000,000","-4,000,000","5,000,000","12,000,000","14,000,000","2,000,000","543,000,000","-26,000,000","-51,000,000","-475,000,000",,,,,,,,,,,,,,,,,,,,,,,,,,,,,,,,,,,,,,,,,,,,,,,,,,,,,,,,,,,,
PretaxIncome,"14,586,000,000","3,603,000,000","3,657,000,000","3,735,000,000","3,591,000,000","3,255,000,000","2,681,000,000","3,306,000,000","3,444,000,000","3,534,000,000","3,686,000,000","3,704,000,000","3,615,000,000","3,343,000,000","3,909,000,000","3,592,000,000","3,253,000,000","3,232,000,000","2,962,000,000","3,180,000,000","3,191,000,000","2,963,000,000","2,953,000,000","3,394,000,000","3,083,000,000","3,306,000,000","3,137,000,000","2,933,000,000","3,035,000,000","2,873,000,000","2,360,000,000","2,778,000,000","2,642,000,000","1,755,000,000","2,540,000,000","2,871,000,000","2,945,000,000","2,780,000,000","2,631,000,000","2,386,000,000","2,779,000,000","2,749,000,000","2,245,000,000","1,467,000,000","2,203,000,000","1,730,000,000","2,425,000,000","2,418,000,000","2,403,000,000","2,355,000,000","2,239,000,000","1,533,000,000","1,687,000,000","1,868,000,000","2,605,000,000","2,686,000,000","2,309,000,000","2,638,000,000","2,622,000,000","2,531,000,000","2,419,000,000","2,335,000,000","2,176,000,000","2,146,000,000","1,812,000,000","1,916,000,000","1,759,000,000","2,153,000,000","1,968,000,000","1,957,000,000","1,958,000,000","1,936,000,000","1,721,000,000","1,807,000,000","1,528,000,000","1,373,000,000","1,381,000,000","1,387,000,000","872,000,000","1,097,000,000","1,024,000,000","932,000,000","-343,000,000","62,000,000","-3,565,000,000","1,307,000,000","1,322,000,000","1,312,000,000","1,057,000,000","1,210,000,000","791,000,000","1,002,000,000","965,000,000","556,000,000","793,000,000","756,426,000","324,783,000","703,511,000","517,746,000","335,701,000","600,511,000","562,914,000","389,746,000","513,182,000","367,488,000","314,160,000","269,995,000","231,812,000","201,661,000","86,266,000","159,300,000","144,900,000","136,400,000","125,400,000","102,700,000","86,100,000","74,100,000","61,900,000","53,100,000","44,000,000","37,400,000","29,700,000","25,000,000","21,300,000","18,700,000","17,300,000","13,300,000","8,100,000","6,300,000","4,900,000","4,200,000",,,,,,,,
TaxProvision,"2,761,000,000","630,000,000","677,000,000","726,000,000","728,000,000","710,000,000","507,000,000","670,000,000","670,000,000","656,000,000","760,000,000","1,498,000,000","571,000,000","521,000,000","360,000,000","-211,000,000","562,000,000","12,010,000,000","568,000,000","756,000,000","676,000,000","615,000,000","631,000,000","581,000,000","734,000,000","159,000,000","707,000,000","614,000,000","598,000,000","476,000,000","532,000,000","531,000,000","461,000,000","326,000,000","544,000,000","601,000,000","467,000,000","-363,000,000","539,000,000","469,000,000","614,000,000","567,000,000","468,000,000","235,000,000","396,000,000","209,000,000","495,000,000","483,000,000","211,000,000","502,000,000","452,000,000","452,000,000","339,000,000","364,000,000","404,000,000","672,000,000","536,000,000","578,000,000","417,000,000","601,000,000","545,000,000","414,000,000","568,000,000","602,000,000","412,000,000","541,000,000","498,000,000","613,000,000","563,000,000","557,000,000","562,000,000","556,000,000","510,000,000","516,000,000","442,000,000","391,000,000","394,000,000","396,000,000","254,000,000","325,000,000","295,000,000","272,000,000","-75,000,000","55,000,000","-872,000,000","433,000,000","524,000,000","551,000,000","395,000,000","385,000,000","353,000,000","358,000,000","319,000,000","268,000,000","275,000,000","264,749,000","260,205,000","246,229,000","181,211,000","184,744,000","222,190,000","224,455,000","208,804,000","194,635,000","137,808,000","117,810,000","101,248,000","88,089,000","76,631,000","32,781,000","60,500,000","55,300,000","52,100,000","47,900,000","39,200,000","32,300,000","27,800,000","23,200,000","19,900,000","16,700,000","14,200,000","11,300,000","9,500,000","8,100,000","7,100,000","6,900,000","5,400,000","3,500,000","2,500,000","2,000,000","1,700,000",,,,,,,,
NetIncomeCommonStockholders,"11,825,000,000","2,973,000,000","2,980,000,000","3,009,000,000","2,863,000,000","2,545,000,000","2,174,000,000","2,636,000,000","2,774,000,000","2,878,000,000","2,926,000,000","2,206,000,000","3,044,000,000","2,822,000,000","3,549,000,000","3,803,000,000","2,691,000,000","-8,778,000,000","2,394,000,000","2,424,000,000","2,515,000,000","2,348,000,000","2,322,000,000","2,813,000,000","2,349,000,000","3,147,000,000","2,430,000,000","2,319,000,000","2,437,000,000","2,397,000,000","1,828,000,000","2,247,000,000","2,181,000,000","1,429,000,000","1,996,000,000","2,270,000,000","2,478,000,000","3,143,000,000","2,092,000,000","1,917,000,000","2,165,000,000","2,182,000,000","1,777,000,000","1,232,000,000","1,807,000,000","1,521,000,000","1,930,000,000","1,935,000,000","2,192,000,000","1,853,000,000","1,787,000,000","1,081,000,000","1,348,000,000","1,504,000,000","2,201,000,000","2,014,000,000","1,773,000,000","2,060,000,000","2,205,000,000","1,930,000,000","1,874,000,000","1,921,000,000","1,608,000,000","1,544,000,000","1,400,000,000","1,375,000,000","1,261,000,000","1,540,000,000","1,405,000,000","1,400,000,000","1,396,000,000","1,380,000,000","1,211,000,000","724,000,000","1,086,000,000","982,000,000","987,000,000","991,000,000","618,000,000","772,000,000","729,000,000","660,000,000","-268,000,000","7,000,000","-2,693,000,000","874,000,000","798,000,000","761,000,000","662,000,000","825,000,000","438,000,000","644,000,000","646,000,000","288,000,000","518,000,000","491,677,000","64,578,000","457,282,000","336,535,000","150,957,000","378,321,000","338,459,000","180,942,000","318,547,000","229,680,000","196,350,000","168,747,000","143,723,000","125,030,000","53,485,000","98,800,000","89,600,000","84,300,000","77,500,000","63,500,000","53,800,000","46,300,000","38,700,000","33,200,000","27,300,000","23,200,000","18,400,000","15,500,000","13,200,000","11,600,000","10,400,000","7,900,000","4,600,000","3,800,000","2,900,000","2,500,000",,,,,,,,
	NetIncome,"11,825,000,000","2,973,000,000","2,980,000,000","3,009,000,000","2,863,000,000","2,545,000,000","2,174,000,000","2,636,000,000","2,774,000,000","2,878,000,000","2,926,000,000","2,206,000,000","3,044,000,000","2,822,000,000","3,549,000,000","3,803,000,000","2,691,000,000","-8,778,000,000","2,394,000,000","2,424,000,000","2,515,000,000","2,348,000,000","2,322,000,000","2,813,000,000","2,349,000,000","3,147,000,000","2,430,000,000","2,319,000,000","2,437,000,000","2,397,000,000","1,828,000,000","2,247,000,000","2,181,000,000","1,429,000,000","1,996,000,000","2,270,000,000","2,478,000,000","3,143,000,000","2,092,000,000","1,917,000,000","2,165,000,000","2,182,000,000","1,777,000,000","1,232,000,000","1,807,000,000","1,521,000,000","1,930,000,000","1,935,000,000","2,192,000,000","1,853,000,000","1,787,000,000","1,081,000,000","1,348,000,000","1,504,000,000","2,201,000,000","2,014,000,000","1,773,000,000","2,060,000,000","2,205,000,000","1,930,000,000","1,874,000,000","1,921,000,000","1,608,000,000","1,544,000,000","1,400,000,000","1,375,000,000","1,261,000,000","1,540,000,000","1,405,000,000","1,400,000,000","1,396,000,000","1,380,000,000","1,211,000,000","724,000,000","1,086,000,000","982,000,000","987,000,000","991,000,000","618,000,000","772,000,000","729,000,000","660,000,000","-268,000,000","7,000,000","-2,693,000,000","874,000,000","798,000,000","761,000,000","662,000,000","825,000,000","438,000,000","644,000,000","646,000,000","288,000,000","518,000,000","491,677,000","64,578,000","457,282,000","336,535,000","150,957,000","378,321,000","338,459,000","180,942,000","318,547,000","229,680,000","196,350,000","168,747,000","143,723,000","125,030,000","53,485,000","98,800,000","89,600,000","84,300,000","77,500,000","63,500,000","53,800,000","46,300,000","38,700,000","33,200,000","27,300,000","23,200,000","18,400,000","15,500,000","13,200,000","11,600,000","10,400,000","7,900,000","4,600,000","3,800,000","2,900,000","2,500,000",,,,,,,,
		NetIncomeIncludingNoncontrollingInterests,"11,825,000,000","2,973,000,000","2,980,000,000","3,009,000,000","2,863,000,000","2,545,000,000","2,174,000,000","2,636,000,000","2,774,000,000","2,878,000,000","2,926,000,000","2,206,000,000","3,044,000,000","2,822,000,000","3,549,000,000","3,803,000,000","2,691,000,000","-8,778,000,000","2,394,000,000","2,424,000,000","2,515,000,000","2,348,000,000","2,322,000,000","2,813,000,000","2,349,000,000","3,147,000,000","2,430,000,000","2,319,000,000","2,437,000,000","2,397,000,000","1,828,000,000","2,247,000,000","2,181,000,000","1,429,000,000","1,996,000,000","2,270,000,000","2,478,000,000","3,143,000,000","2,092,000,000","1,917,000,000","2,165,000,000","2,182,000,000","1,777,000,000","1,232,000,000","1,807,000,000","1,521,000,000","1,930,000,000","1,935,000,000","2,192,000,000","1,853,000,000","1,787,000,000","1,081,000,000","1,348,000,000","1,504,000,000","2,201,000,000","2,014,000,000","1,773,000,000","2,060,000,000","2,205,000,000","1,930,000,000","1,874,000,000","1,921,000,000","1,608,000,000","1,544,000,000","1,400,000,000","1,375,000,000","1,261,000,000","1,540,000,000","1,405,000,000","1,400,000,000","1,396,000,000","1,380,000,000","1,211,000,000","724,000,000","1,086,000,000","982,000,000","987,000,000","991,000,000","618,000,000","772,000,000","729,000,000","660,000,000","-268,000,000","7,000,000","-2,693,000,000","874,000,000","798,000,000","761,000,000","662,000,000","825,000,000","438,000,000","644,000,000","646,000,000","288,000,000","518,000,000","491,677,000","64,578,000","457,282,000","336,535,000","150,957,000","378,321,000","338,459,000","180,942,000","318,547,000","229,680,000","196,350,000","168,747,000","143,723,000","125,030,000","53,485,000","98,800,000","89,600,000","84,300,000","77,500,000","63,500,000","53,800,000","46,300,000","38,700,000","33,200,000","27,300,000","23,200,000","18,400,000","15,500,000","13,200,000","11,600,000","10,400,000","7,900,000","4,600,000","3,800,000","2,900,000","2,500,000","1,600,000","1,100,000","800,000","600,000","100,000","100,000","100,000","100,000"
			NetIncomeContinuousOperations,"11,825,000,000","2,973,000,000","2,980,000,000","3,009,000,000","2,863,000,000","2,545,000,000","2,174,000,000","2,636,000,000","2,774,000,000","2,878,000,000","2,926,000,000","2,206,000,000","3,044,000,000","2,822,000,000","3,549,000,000","3,803,000,000","2,691,000,000","-8,778,000,000","2,394,000,000","2,424,000,000","2,515,000,000","2,348,000,000","2,322,000,000","2,813,000,000","2,349,000,000","3,147,000,000","2,430,000,000","2,319,000,000","2,437,000,000","2,397,000,000","1,828,000,000","2,247,000,000","2,181,000,000","1,429,000,000","1,996,000,000","2,270,000,000","2,478,000,000","3,143,000,000","2,092,000,000","1,917,000,000","2,165,000,000","2,182,000,000","1,777,000,000","1,232,000,000","1,807,000,000","1,521,000,000","1,930,000,000","1,935,000,000","2,192,000,000","1,853,000,000","1,787,000,000","1,081,000,000","1,348,000,000","1,504,000,000","2,201,000,000","2,014,000,000","1,773,000,000","2,060,000,000","2,205,000,000","1,930,000,000","1,874,000,000","1,921,000,000","1,608,000,000","1,544,000,000","1,400,000,000","1,375,000,000","1,261,000,000","1,540,000,000","1,405,000,000","1,400,000,000","1,396,000,000","1,380,000,000","1,211,000,000","1,291,000,000","1,086,000,000","982,000,000","987,000,000","991,000,000","618,000,000","772,000,000","729,000,000","660,000,000","-268,000,000","7,000,000","-2,693,000,000","874,000,000","798,000,000","761,000,000","662,000,000","825,000,000","438,000,000","644,000,000","646,000,000","288,000,000","518,000,000","491,677,000","64,578,000","457,282,000","336,535,000","150,957,000","378,321,000","338,459,000","180,942,000","318,547,000","229,680,000","196,350,000","168,747,000","143,723,000","125,030,000","53,485,000","98,800,000","89,600,000","84,300,000","77,500,000","63,500,000","53,800,000","46,300,000","38,700,000","33,200,000","27,300,000","23,200,000","18,400,000","15,500,000","13,200,000","11,600,000","10,400,000","7,900,000","4,600,000","3,800,000","2,900,000","2,500,000","1,600,000","1,100,000","800,000","600,000","100,000","100,000","100,000","100,000"
			NetIncomeExtraordinary,,,,,,,,,,,,,,,,,,,,,,,,,,,,,,,,,,,,,,,,,,,,,,,,,,,,,,,,,,,,,,,,,,,,"0","0","0",,"0","0","-567,000,000",,,,,,,,,,,,,,,,,,,,,,,,,,,,,,,,,,,,,,,,,,,,,,,,,,,,,,,,,,,,,,,,,
DilutedNIAvailtoComStockholders,"11,825,000,000","2,973,000,000","2,980,000,000","3,009,000,000","2,863,000,000","2,545,000,000","2,174,000,000","2,636,000,000","2,774,000,000","2,878,000,000","2,926,000,000","2,206,000,000","3,044,000,000","2,822,000,000","3,549,000,000","3,803,000,000","2,691,000,000","-8,778,000,000","2,394,000,000","2,424,000,000","2,515,000,000","2,348,000,000","2,322,000,000","2,813,000,000","2,349,000,000","3,147,000,000","2,430,000,000","2,319,000,000","2,437,000,000","2,397,000,000","1,828,000,000","2,247,000,000","2,181,000,000","1,429,000,000","1,996,000,000","2,270,000,000","2,478,000,000","3,143,000,000","2,092,000,000","1,917,000,000","2,165,000,000","2,182,000,000","1,777,000,000","1,232,000,000","1,807,000,000","1,521,000,000","1,930,000,000","1,935,000,000","2,192,000,000","1,853,000,000","1,787,000,000","1,081,000,000","1,348,000,000","1,504,000,000","2,201,000,000","2,014,000,000","1,773,000,000","2,060,000,000","2,205,000,000","1,930,000,000","1,874,000,000","1,921,000,000","1,608,000,000","1,544,000,000","1,400,000,000","1,375,000,000","1,261,000,000","1,540,000,000","1,405,000,000","1,400,000,000","1,396,000,000","1,380,000,000","1,211,000,000","724,000,000","1,086,000,000","982,000,000","987,000,000","991,000,000","618,000,000","772,000,000","729,000,000","660,000,000","-268,000,000","7,000,000","-2,693,000,000","874,000,000","798,000,000","761,000,000","662,000,000","825,000,000","438,000,000","644,000,000","646,000,000","288,000,000","518,000,000","491,677,000","64,578,000","457,282,000","336,535,000","150,957,000","378,321,000","338,459,000","180,942,000","318,547,000","229,680,000","196,350,000","168,747,000","143,723,000","125,030,000","53,485,000","98,800,000","89,600,000","84,300,000","77,500,000","63,500,000","53,800,000","46,300,000","38,700,000","33,200,000","27,300,000","23,200,000","18,400,000","15,500,000","13,200,000","11,600,000","10,400,000","7,900,000","4,600,000","3,800,000","2,900,000","2,500,000",,,,,,,,
BasicEPS,,"0.71","0.71","0.71","0.68","0.6","0.51","0.62","0.66","0.68","0.69","0.52","0.7","0.63","0.78","0.81","0.56","-1.78","0.48","0.49","0.5","0.47","0.46","0.56","0.47","0.62","0.48","0.46","0.48","0.47","0.36","0.44","0.42","0.27","0.37","0.42","0.47","0.59","0.39","0.36","0.4","0.41","0.33","0.22","0.33","0.27","0.34","0.34","0.38","0.32","0.31","0.19","0.23","0.26","0.37",,"0.3","0.34","0.36",,"0.31","0.32","0.27",,"0.23","0.22","0.2",,"0.22","0.21","0.21",,"0.18","0.11","0.16",,"0.14","0.14","0.09",,"0.1","0.09","-0.04",,"-0.37","0.12","0.11",,"0.1","0.12","0.065",,"0.1","0.045","0.083",,"0.01","0.075","0.053",,"0.061","0.054","0.029",,"0.043","0.038","0.033",,"0.025","0.011","0.03",,"0.02","0.02","0.02",,"0.01","0.01","0.01",,"0.01","0.01","0.01",,"0.01","0.01","0.01",,"0.01","0.01","0.01",,"0.01","0.01","0.01",,"0.01","0.01","0.01"
DilutedEPS,,"0.71","0.7","0.71","0.68","0.6","0.51","0.62","0.65","0.68","0.68","0.51","0.69","0.63","0.77","0.81","0.56","-1.78","0.48","0.48","0.5","0.47","0.46","0.56","0.46","0.62","0.48","0.45","0.47","0.46","0.35","0.43","0.42","0.27","0.37","0.42","0.46","0.59","0.39","0.36","0.4","0.4","0.33","0.22","0.33","0.27","0.34","0.33","0.37","0.32","0.3","0.19","0.23","0.26","0.37",,"0.29","0.33","0.35",,"0.3","0.31","0.26",,"0.22","0.22","0.2",,"0.21","0.21","0.21",,"0.17","0.1","0.15",,"0.14","0.14","0.08",,"0.1","0.09","-0.04",,"-0.37","0.12","0.11",,"0.09","0.115","0.065",,"0.095","0.043","0.078",,"0.01","0.072","0.053",,"0.061","0.054","0.029",,"0.043","0.038","0.033",,"0.025","0.011","0.03",,"0.02","0.02","0.02",,"0.01","0.01","0.01",,"0.01","0.01","0.01",,"0.01","0.01","0.01",,"0.01","0.01","0.01",,"0.01","0.01","0.01",,"0.01","0.01","0.01"
BasicAverageShares,,"4,183,000,000","4,218,000,000","4,216,000,000","4,219,000,000","4,223,000,000","4,230,000,000","4,227,000,000","4,230,000,000","4,242,000,000","4,246,000,000","4,269,000,000","4,370,000,000","4,470,000,000","4,565,000,000","4,672,000,000","4,791,000,000","4,924,000,000","4,959,000,000","4,993,000,000","5,005,000,000","5,015,000,000","5,027,000,000","5,031,000,000","5,032,000,000","5,070,000,000","5,080,000,000","5,086,000,000","5,102,000,000","5,117,000,000","5,112,000,000","5,121,000,000","5,143,000,000","5,294,000,000","5,378,000,000","5,367,000,000","5,329,000,000","5,318,000,000","5,301,000,000","5,332,000,000","5,388,000,000","5,368,000,000","5,394,000,000","5,478,000,000","5,508,000,000","5,531,000,000","5,595,000,000","5,688,000,000","5,731,000,000","5,741,000,000","5,767,000,000","5,777,000,000","5,805,000,000","5,848,000,000","5,881,000,000",,"5,942,000,000","6,010,000,000","6,087,000,000",,"6,034,000,000","6,057,000,000","6,061,000,000",,"6,160,000,000","6,146,000,000","6,245,000,000",,"6,435,000,000","6,521,000,000","6,635,000,000",,"6,816,000,000","6,874,000,000","6,932,000,000",,"7,062,000,000","7,187,000,000","7,249,000,000",,"7,306,000,000","7,311,000,000","7,307,000,000",,"7,251,000,000","7,144,000,000","7,093,000,000",,"6,944,000,000","6,826,000,000","6,602,000,000",,"6,404,000,000","6,340,000,000","6,276,000,000",,"6,163,290,000","6,092,082,000","6,339,510,000",,"6,196,068,000","6,212,736,000","6,146,262,000",,"5,297,544,000","5,267,637,000","5,148,738,000",,"5,019,696,000","5,015,916,000","4,838,835,996",,"4,215,000,000","3,875,000,000","4,537,044,000",,"4,630,000,000","3,870,000,000","3,320,000,000",,"3,390,000,000","4,185,204,000","4,185,204,000",,"3,967,840,000","3,540,300,000","3,540,300,000",,"3,851,316,000","3,851,316,000","3,851,316,000",,,,,,,,
DilutedAverageShares,,"4,205,000,000","4,243,000,000","4,238,000,000","4,238,000,000","4,234,000,000","4,244,000,000","4,244,000,000","4,243,000,000","4,260,000,000","4,273,000,000","4,307,000,000","4,415,000,000","4,505,000,000","4,614,000,000","4,722,000,000","4,844,000,000","4,924,000,000","4,994,000,000","5,027,000,000","5,045,000,000","5,040,000,000","5,066,000,000","5,067,000,000","5,065,000,000","5,097,000,000","5,113,000,000","5,131,000,000","5,148,000,000","5,160,000,000","5,156,000,000","5,172,000,000","5,180,000,000","5,327,000,000","5,430,000,000","5,437,000,000","5,387,000,000","5,357,000,000","5,334,000,000","5,354,000,000","5,456,000,000","5,401,000,000","5,407,000,000","5,496,000,000","5,537,000,000","5,587,000,000","5,675,000,000","5,795,000,000","5,869,000,000","5,862,000,000","5,871,000,000","5,813,000,000","5,818,000,000","5,864,000,000","5,972,000,000",,"6,069,000,000","6,202,000,000","6,330,000,000",,"6,244,000,000","6,291,000,000","6,199,000,000",,"6,289,000,000","6,248,000,000","6,340,000,000",,"6,541,000,000","6,652,000,000","6,773,000,000",,"7,074,000,000","7,110,000,000","7,110,000,000",,"7,158,000,000","7,286,000,000","7,327,000,000",,"7,454,000,000","7,496,000,000","7,307,000,000",,"7,251,000,000","7,556,000,000","7,580,000,000",,"7,450,000,000","7,296,000,000","7,000,000,000",,"6,784,000,000","6,716,000,000","6,608,000,000",,"6,457,962,000","6,375,030,000","6,339,510,000",,"6,196,068,000","6,212,736,000","6,146,262,000",,"5,297,544,000","5,267,637,000","5,148,738,000",,"5,019,696,000","5,015,916,000","4,838,835,996",,"4,215,000,000","3,875,000,000","4,537,044,000",,"4,630,000,000","3,870,000,000","3,320,000,000",,"3,390,000,000","4,185,204,000","4,185,204,000",,"3,967,840,000","3,540,300,000","3,540,300,000",,"3,851,316,000","3,851,316,000","3,851,316,000",,,,,,,,
TotalOperatingIncomeAsReported,"13,965,000,000","3,487,000,000","3,438,000,000","3,575,000,000","3,465,000,000","3,223,000,000","2,570,000,000","3,247,000,000","3,414,000,000","3,380,000,000","3,579,000,000","3,690,000,000","3,513,000,000","3,211,000,000","3,805,000,000","3,346,000,000","3,134,000,000","3,037,000,000","2,756,000,000","3,034,000,000","3,169,000,000","2,893,000,000","2,877,000,000","3,303,000,000","2,984,000,000","3,294,000,000","3,079,000,000","2,881,000,000","2,925,000,000","2,622,000,000","2,342,000,000","2,681,000,000","2,542,000,000","1,667,000,000","2,455,000,000","2,814,000,000","2,942,000,000","2,789,000,000","2,651,000,000","2,371,000,000","2,750,000,000","2,734,000,000","2,210,000,000","1,456,000,000","2,183,000,000","1,684,000,000","2,351,000,000","2,325,000,000","2,345,000,000","2,370,000,000","2,124,000,000","1,460,000,000","1,607,000,000","1,773,000,000","2,482,000,000","2,529,000,000","2,141,000,000","2,404,000,000","2,368,000,000","2,303,000,000","2,197,000,000","2,130,000,000","1,991,000,000","1,990,000,000","1,653,000,000","1,731,000,000","1,622,000,000","1,997,000,000","1,818,000,000","1,813,000,000","1,788,000,000","1,801,000,000","1,554,000,000","1,547,000,000","1,390,000,000","1,204,000,000","1,246,000,000","1,264,000,000","1,168,000,000","947,000,000","874,000,000","753,000,000","345,000,000","-137,000,000","-3,801,000,000","1,032,000,000","902,000,000","770,000,000","744,000,000","1,059,000,000","685,000,000","905,000,000","875,000,000","476,000,000","728,000,000","696,646,000","272,736,000","659,693,000","475,279,000","286,453,000","539,130,000","488,551,000","313,160,000","490,343,000","352,385,000","299,902,000","258,176,000","222,076,000","190,876,000","78,316,000","151,700,000","138,700,000","131,600,000","119,900,000","97,900,000","82,100,000","71,300,000","59,700,000","50,400,000","41,700,000","35,900,000","28,500,000","23,400,000","19,900,000","17,800,000","16,200,000","12,300,000","7,000,000","5,400,000","4,900,000","4,100,000",,,,,,,,
TotalExpenses,"37,526,000,000","9,230,000,000","9,457,000,000","9,543,000,000","9,296,000,000","8,503,000,000","8,757,000,000","8,780,000,000","8,441,000,000","8,583,000,000","9,396,000,000","9,698,000,000","9,427,000,000","9,049,000,000","9,189,000,000","9,472,000,000","9,247,000,000","8,716,000,000","9,228,000,000","8,957,000,000","8,701,000,000","8,554,000,000","9,064,000,000","9,322,000,000","8,999,000,000","8,537,000,000","9,461,000,000","9,889,000,000","9,188,000,000","9,245,000,000","9,585,000,000","9,594,000,000","8,977,000,000","9,415,000,000","9,393,000,000","9,603,000,000","9,241,000,000","9,296,000,000","9,166,000,000","9,240,000,000","8,818,000,000","8,790,000,000","8,844,000,000","8,971,000,000","8,652,000,000","8,723,000,000","8,399,000,000","8,511,000,000","8,023,000,000","7,445,000,000","6,897,000,000","7,075,000,000","6,555,000,000","7,316,000,000","7,849,000,000","7,835,000,000","7,650,000,000","7,427,000,000","7,186,000,000","7,130,000,000","6,669,000,000","6,309,000,000","6,193,000,000","5,994,000,000","5,669,000,000","4,897,000,000","4,928,000,000","4,584,000,000","4,369,000,000","4,249,000,000","4,183,000,000","4,125,000,000","4,066,000,000","3,851,000,000","3,711,000,000","3,498,000,000","3,372,000,000","3,449,000,000","3,677,000,000","3,882,000,000","3,948,000,000","4,063,000,000","4,103,000,000","4,435,000,000","7,359,000,000","5,716,000,000","5,617,000,000","4,975,000,000","4,175,000,000","3,291,000,000","3,192,000,000","2,687,000,000","2,272,000,000","2,351,000,000","1,860,000,000","1,693,343,000","1,911,020,000","1,356,622,000","1,393,438,000","1,478,644,000","1,108,741,000","1,103,826,000","1,121,666,000","1,083,844,000","632,762,000","526,580,000","452,015,000","399,108,000","319,034,000","376,581,000","241,200,000","222,500,000","199,600,000","182,300,000","150,600,000","123,100,000","101,100,000","85,400,000","76,000,000","69,000,000","55,500,000","45,500,000","40,200,000","36,900,000","31,900,000","27,700,000","20,500,000","14,800,000","12,500,000","11,200,000","10,000,000",,,,,,,,
NetIncomeFromContinuingAndDiscontinuedOperation,"11,825,000,000","2,973,000,000","2,980,000,000","3,009,000,000","2,863,000,000","2,545,000,000","2,174,000,000","2,636,000,000","2,774,000,000","2,878,000,000","2,926,000,000","2,206,000,000","3,044,000,000","2,822,000,000","3,549,000,000","3,803,000,000","2,691,000,000","-8,778,000,000","2,394,000,000","2,424,000,000","2,515,000,000","2,348,000,000","2,322,000,000","2,813,000,000","2,349,000,000","3,147,000,000","2,430,000,000","2,319,000,000","2,437,000,000","2,397,000,000","1,828,000,000","2,247,000,000","2,181,000,000","1,429,000,000","1,996,000,000","2,270,000,000","2,478,000,000","3,143,000,000","2,092,000,000","1,917,000,000","2,165,000,000","2,182,000,000","1,777,000,000","1,232,000,000","1,807,000,000","1,521,000,000","1,930,000,000","1,935,000,000","2,192,000,000","1,853,000,000","1,787,000,000","1,081,000,000","1,348,000,000","1,504,000,000","2,201,000,000","2,014,000,000","1,773,000,000","2,060,000,000","2,205,000,000","1,930,000,000","1,874,000,000","1,921,000,000","1,608,000,000","1,544,000,000","1,400,000,000","1,375,000,000","1,261,000,000","1,540,000,000","1,405,000,000","1,400,000,000","1,396,000,000","1,380,000,000","1,211,000,000","1,291,000,000","1,086,000,000","982,000,000","987,000,000","991,000,000","618,000,000","772,000,000","729,000,000","660,000,000","-268,000,000","7,000,000","-2,693,000,000","874,000,000","798,000,000","761,000,000","662,000,000","825,000,000","438,000,000","644,000,000","646,000,000","288,000,000","518,000,000","491,677,000","64,578,000","457,282,000","336,535,000","150,957,000","378,321,000","338,459,000","180,942,000","318,547,000","229,680,000","196,350,000","168,747,000","143,723,000","125,030,000","53,485,000","98,800,000","89,600,000","84,300,000","77,500,000","63,500,000","53,800,000","46,300,000","38,700,000","33,200,000","27,300,000","23,200,000","18,400,000","15,500,000","13,200,000","11,600,000","10,400,000","7,900,000","4,600,000","3,800,000","2,900,000","2,500,000",,,,,,,,
NormalizedIncome,"11,380,731,523.379","2,882,250,000","2,808,035,000","2,888,156,626.506","2,801,631,000","2,734,244,000","2,616,806,000","2,729,288,566.243","2,869,108,000","2,837,300,000","3,056,216,000","2,260,600,000","3,064,208,000","2,934,252,000","3,625,272,000","3,702,260,000","2,753,852,000","-8,750,260,000","2,461,872,000","2,523,856,603.774","2,630,048,000","2,479,472,000","2,672,556,000","2,811,342,368.886","2,349,762,000","3,290,752,000","2,549,350,000","2,364,858,165.701","2,418,531,000","2,285,244,000","2,094,600,000","2,247,000,000","2,153,742,000","1,450,164,000","2,141,410,000","2,258,930,686.172","2,513,322,000","3,153,428,000","2,150,830,000","1,986,095,557.418","2,159,546,599.496","2,185,968,715.897","1,926,600,445.434","1,853,458,759.373","1,807,000,000","1,480,557,225.434","1,844,045,360.825","1,874,181,141.439","2,134,531,835.206","1,823,887,048.832","1,749,488,164.359","1,057,729,941.292","1,340,009,484.292","1,546,672,376.874","2,260,143,953.935","2,018,498,883.098","1,769,160,675.617","2,020,955,269.143","2,159,588,100.686","1,887,297,510.865","1,831,391,484.084","1,879,042,398.287","1,572,529,411.765","1,508,026,095.061","1,359,050,772.627","1,352,035,490.605","1,268,885,730.529","1,531,416,627.961","1,398,574,695.122","1,378,538,579.458","1,364,629,213.483","1,375,723,140.496","1,191,297,501.453","1,203,837,852.795","1,086,710,732.984","982,000,000","987,000,000","991,000,000","618,000,000","772,000,000","729,000,000","660,000,000","-268,000,000","7,000,000","-1,809,182,328.191","874,000,000","798,000,000","761,000,000","662,000,000","825,000,000","438,000,000","644,000,000","646,000,000","288,000,000","518,000,000","491,677,000","64,578,000","457,282,000","333,017,848.955","140,160,600","357,979,610.004","310,019,891.644","147,877,200","318,547,000","229,680,000","196,350,000","168,747,000","143,723,000","125,030,000","53,485,000","94,086,377.903","85,766,183.575","81,271,627.566","74,162,679.426","60,532,132.425","51,363,066.202","44,550,472.335","37,324,555.735","31,511,864.407","25,872,954.545","22,207,486.631","17,594,612.795","14,570,000","12,270,422.535","11,041,711.23","9,738,728.324","7,240,000","3,880,000","3,317,460.317","2,900,000","2,440,000",,,,,,,,
InterestIncome,"515,000,000","111,000,000","121,000,000","130,000,000","153,000,000","161,000,000","174,000,000","187,000,000","218,000,000","242,000,000","273,000,000","305,000,000","331,000,000","328,000,000","344,000,000","353,000,000","380,000,000","396,000,000","379,000,000","360,000,000","354,000,000","329,000,000","295,000,000","273,000,000","270,000,000","237,000,000","225,000,000","211,000,000","190,000,000","189,000,000","179,000,000","183,000,000","170,000,000","169,000,000","169,000,000","171,000,000","162,000,000","160,000,000","161,000,000","167,000,000","161,000,000","158,000,000","164,000,000","164,000,000","161,000,000","156,000,000","160,000,000","154,000,000","158,000,000","155,000,000","168,000,000","170,000,000","194,000,000","222,000,000","259,000,000","252,000,000","269,000,000","303,000,000","319,000,000","291,000,000","283,000,000","267,000,000","251,000,000","231,000,000","202,000,000","168,000,000","154,000,000","153,000,000","142,000,000","127,000,000","130,000,000","124,000,000","127,000,000","124,000,000","137,000,000","146,000,000","161,000,000","174,000,000","179,000,000",,,,,,,,,,,,,,,,,,,,,,,,,,,,,,,,,,,,,,,,,,,,,,,,,,,,,,,,,,,,
InterestExpense,"386,000,000","88,000,000","89,000,000","98,000,000","111,000,000","113,000,000","112,000,000","119,000,000","130,000,000","158,000,000","178,000,000","204,000,000","211,000,000","223,000,000","221,000,000","224,000,000","237,000,000","247,000,000","235,000,000","222,000,000","219,000,000","222,000,000","198,000,000","180,000,000","175,000,000","162,000,000","159,000,000","149,000,000","139,000,000","139,000,000","139,000,000","142,000,000","146,000,000","136,000,000","140,000,000","143,000,000","145,000,000","147,000,000","148,000,000","147,000,000","151,000,000","150,000,000","148,000,000","148,000,000","153,000,000","161,000,000","166,000,000","169,000,000","182,000,000","158,000,000","114,000,000","114,000,000","105,000,000","63,000,000","64,000,000","64,000,000","68,000,000","91,000,000","96,000,000","94,000,000","94,000,000","95,000,000","94,000,000","88,000,000","60,000,000",,,,,,,,,,,,,,,,,,,,,,,,,,,,,,,,,,,,,,,,,,,,,,,,,,,,,,,,,,,,,,,,,,,,,,,,,,
NetInterestIncome,"129,000,000","23,000,000","32,000,000","32,000,000","42,000,000","48,000,000","62,000,000","68,000,000","88,000,000","84,000,000","95,000,000","101,000,000","120,000,000","105,000,000","123,000,000","129,000,000","143,000,000","149,000,000","144,000,000","138,000,000","135,000,000","107,000,000","97,000,000","93,000,000","95,000,000","75,000,000","66,000,000","62,000,000","51,000,000","50,000,000","40,000,000","41,000,000","24,000,000","33,000,000","29,000,000","28,000,000","17,000,000","13,000,000","13,000,000","20,000,000","10,000,000","8,000,000","16,000,000","16,000,000","8,000,000","-5,000,000","-6,000,000","-15,000,000","-24,000,000","-3,000,000","54,000,000","56,000,000","89,000,000","159,000,000","195,000,000","188,000,000","201,000,000","212,000,000","223,000,000","197,000,000","189,000,000","172,000,000","157,000,000","143,000,000","142,000,000","168,000,000","154,000,000","153,000,000","142,000,000","127,000,000","130,000,000","124,000,000","127,000,000","124,000,000","137,000,000","146,000,000","161,000,000","174,000,000","179,000,000","1,254,000,000","150,000,000","179,000,000","-688,000,000","199,000,000","236,000,000","275,000,000","230,000,000","11,000,000","313,000,000","151,000,000","106,000,000","97,000,000","90,000,000","80,000,000","65,000,000","59,780,000","52,047,000","43,818,000","37,056,000","31,254,000","29,093,000","27,064,000","21,478,000","22,839,000","15,103,000","14,258,000","11,819,000","9,736,000","10,785,000","7,950,000",,,,,,,,,,,,,,,,,,,,,,,,,,,,,
EBIT,"14,972,000,000","3,691,000,000","3,746,000,000","3,833,000,000","3,702,000,000","3,368,000,000","2,793,000,000","3,425,000,000","3,574,000,000","3,692,000,000","3,864,000,000","3,908,000,000","3,826,000,000","3,566,000,000","4,130,000,000","3,816,000,000","3,490,000,000","3,479,000,000","3,197,000,000","3,402,000,000","3,410,000,000","3,185,000,000","3,151,000,000","3,574,000,000","3,258,000,000","3,468,000,000","3,296,000,000","3,082,000,000","3,174,000,000","3,012,000,000","2,499,000,000","2,920,000,000","2,788,000,000","1,891,000,000","2,680,000,000","3,014,000,000","3,090,000,000","2,927,000,000","2,779,000,000","2,533,000,000","2,930,000,000","2,899,000,000","2,393,000,000","1,615,000,000","2,356,000,000","1,891,000,000","2,591,000,000","2,587,000,000","2,585,000,000","2,513,000,000","2,353,000,000","1,647,000,000","1,792,000,000","1,931,000,000","2,669,000,000","2,750,000,000","2,377,000,000","2,729,000,000","2,718,000,000","2,625,000,000","2,513,000,000","2,430,000,000","2,270,000,000","2,234,000,000","1,872,000,000","1,731,000,000","1,622,000,000","1,997,000,000","1,818,000,000","1,813,000,000","1,788,000,000","1,801,000,000","1,554,000,000","1,547,000,000","1,390,000,000","1,204,000,000","1,246,000,000","1,264,000,000","1,168,000,000","947,000,000","874,000,000","753,000,000","345,000,000","-137,000,000","-2,631,000,000","1,032,000,000","902,000,000","770,000,000","744,000,000","1,059,000,000","685,000,000","905,000,000","875,000,000","476,000,000","728,000,000","696,646,000","272,736,000","659,693,000","475,279,000","286,453,000","539,130,000","488,551,000","313,160,000","490,343,000","352,385,000","299,902,000","258,176,000","222,076,000","190,876,000","78,316,000","151,700,000","138,700,000","131,600,000","119,900,000","97,900,000","82,100,000","71,300,000","59,700,000","50,400,000","41,700,000","35,900,000","28,500,000","23,400,000","19,900,000","17,800,000","16,200,000","12,300,000","7,000,000","5,400,000","4,900,000","4,100,000","-10,500,000","7,700,000","5,600,000","4,100,000","-3,600,000","1,400,000","1,400,000","1,300,000"
EBITDA,"16,996,000,000"
ReconciledCostOfRevenue,"17,197,000,000","4,234,000,000","4,398,000,000","4,372,000,000","4,193,000,000","3,779,000,000","3,933,000,000","4,059,000,000","3,800,000,000","3,822,000,000","4,270,000,000","4,428,000,000","4,343,000,000","4,225,000,000","4,495,000,000","4,439,000,000","4,207,000,000","3,903,000,000","4,204,000,000","4,067,000,000","3,921,000,000","3,819,000,000","3,947,000,000","4,141,000,000","3,819,000,000","4,068,000,000","4,412,000,000","4,605,000,000","4,115,000,000","4,290,000,000","4,387,000,000","4,399,000,000","4,002,000,000","4,663,000,000","4,152,000,000","4,545,000,000","4,257,000,000","4,262,000,000","4,147,000,000","3,910,000,000","3,884,000,000","3,995,000,000","3,844,000,000","3,762,000,000","3,737,000,000","3,662,000,000","3,555,000,000","3,559,000,000","3,382,000,000","3,108,000,000","2,809,000,000","2,714,000,000","2,628,000,000","3,077,000,000","3,369,000,000","3,417,000,000","3,167,000,000","3,150,000,000","3,077,000,000","3,100,000,000","2,967,000,000","2,805,000,000","2,708,000,000","2,581,000,000","2,351,000,000","1,964,000,000","1,941,000,000","1,911,000,000","1,942,000,000","1,770,000,000","1,725,000,000","1,621,000,000","1,466,000,000","1,371,000,000","1,260,000,000","1,098,000,000","1,058,000,000","1,101,000,000","1,191,000,000","1,230,000,000","1,465,000,000","1,506,000,000","1,443,000,000","1,539,000,000","4,035,000,000","2,297,000,000","2,175,000,000","1,873,000,000","1,615,000,000","1,419,000,000","1,244,000,000","1,259,000,000","1,102,000,000","985,000,000","894,000,000","818,935,000","749,727,000","696,774,000","652,181,000","616,040,000","571,339,000","552,519,000","501,480,000","559,080,000","338,782,000","277,597,000","234,403,000","202,457,000","165,522,000","148,204,000","116,600,000","107,900,000","102,900,000","93,900,000","77,300,000","64,400,000","52,100,000","43,100,000","37,500,000","33,600,000","27,100,000","22,800,000","21,000,000","18,300,000","16,600,000","14,100,000","10,500,000","6,600,000","5,900,000","5,400,000","5,100,000",,,,,,,,
ReconciledDepreciation,"2,024,000,000","516,000,000","533,000,000","489,000,000","486,000,000","436,000,000","451,000,000","444,000,000","446,000,000","457,000,000","461,000,000","464,000,000","481,000,000","487,000,000","465,000,000","516,000,000","564,000,000","546,000,000","566,000,000","578,000,000","560,000,000","549,000,000","599,000,000","604,000,000","541,000,000","498,000,000","507,000,000","651,000,000","567,000,000","628,000,000","596,000,000","621,000,000","608,000,000","612,000,000","591,000,000","591,000,000","537,000,000","611,000,000","612,000,000","786,000,000","631,000,000","564,000,000","621,000,000","673,000,000","573,000,000","687,000,000","553,000,000","615,000,000","473,000,000","513,000,000","429,000,000","524,000,000","426,000,000","425,000,000","393,000,000","430,000,000","436,000,000","457,000,000","421,000,000","374,000,000","349,000,000","342,000,000","348,000,000","437,000,000","344,000,000","254,000,000","258,000,000","258,000,000","164,000,000","296,000,000","291,000,000","310,000,000","347,000,000","389,000,000","397,000,000","425,000,000","383,000,000","373,000,000","410,000,000","604,000,000","418,000,000","476,000,000","459,000,000","621,000,000","641,000,000","540,000,000","434,000,000","371,000,000","184,000,000","164,000,000","144,000,000","152,000,000","105,000,000","118,000,000","111,000,000","97,171,000","92,093,000","70,531,000","67,538,000","61,156,000","52,503,000","54,796,000","43,745,000","67,264,000","28,203,000","18,378,000","18,749,000","16,378,000","16,399,000","14,333,000","11,400,000","10,500,000","6,200,000","7,600,000","6,500,000","3,300,000","4,000,000","3,300,000","3,000,000","1,900,000","2,200,000","1,700,000","900,000","1,400,000","700,000","600,000","300,000","600,000","200,000","100,000","100,000",,,,,,,,
NetIncomeFromContinuingOperationNetMinorityInterest,"11,825,000,000","2,973,000,000","2,980,000,000","3,009,000,000","2,863,000,000","2,545,000,000","2,174,000,000","2,636,000,000","2,774,000,000","2,878,000,000","2,926,000,000","2,206,000,000","3,044,000,000","2,822,000,000","3,549,000,000","3,803,000,000","2,691,000,000","-8,778,000,000","2,394,000,000","2,424,000,000","2,515,000,000","2,348,000,000","2,322,000,000","2,813,000,000","2,349,000,000","3,147,000,000","2,430,000,000","2,319,000,000","2,437,000,000","2,397,000,000","1,828,000,000","2,247,000,000","2,181,000,000","1,429,000,000","1,996,000,000","2,270,000,000","2,478,000,000","3,143,000,000","2,092,000,000","1,917,000,000","2,165,000,000","2,182,000,000","1,777,000,000","1,232,000,000","1,807,000,000","1,521,000,000","1,930,000,000","1,935,000,000","2,192,000,000","1,853,000,000","1,787,000,000","1,081,000,000","1,348,000,000","1,504,000,000","2,201,000,000","2,014,000,000","1,773,000,000","2,060,000,000","2,205,000,000","1,930,000,000","1,874,000,000","1,921,000,000","1,608,000,000","1,544,000,000","1,400,000,000","1,375,000,000","1,261,000,000","1,540,000,000","1,405,000,000","1,400,000,000","1,396,000,000","1,380,000,000","1,211,000,000","1,291,000,000","1,086,000,000","982,000,000","987,000,000","991,000,000","618,000,000","772,000,000","729,000,000","660,000,000","-268,000,000","7,000,000","-2,693,000,000","874,000,000","798,000,000","761,000,000","662,000,000","825,000,000","438,000,000","644,000,000","646,000,000","288,000,000","518,000,000","491,677,000","64,578,000","457,282,000","336,535,000","150,957,000","378,321,000","338,459,000","180,942,000","318,547,000","229,680,000","196,350,000","168,747,000","143,723,000","125,030,000","53,485,000","98,800,000","89,600,000","84,300,000","77,500,000","63,500,000","53,800,000","46,300,000","38,700,000","33,200,000","27,300,000","23,200,000","18,400,000","15,500,000","13,200,000","11,600,000","10,400,000","7,900,000","4,600,000","3,800,000","2,900,000","2,500,000",,,,,,,,
TotalUnusualItemsExcludingGoodwill,"548,000,000","110,000,000","211,000,000","150,000,000","77,000,000","-242,000,000","-546,000,000","-117,000,000","-118,000,000","50,000,000","-164,000,000","-91,000,000","-24,000,000","-133,000,000","-84,000,000","138,000,000","-76,000,000","-38,000,000","-84,000,000","-131,000,000","-146,000,000","-166,000,000","-446,000,000","2,000,000","-1,000,000","-151,000,000","-154,000,000","-58,000,000","23,000,000","134,000,000","-344,000,000","0","33,000,000","-26,000,000","-185,000,000","14,000,000","-42,000,000","-12,000,000","-74,000,000","-86,000,000","7,000,000","-5,000,000","-189,000,000","-740,000,000","0","46,000,000","108,000,000","76,000,000","63,000,000","37,000,000","47,000,000","33,000,000","10,000,000","-53,000,000","-70,000,000","-6,000,000","5,000,000","50,000,000","54,000,000","56,000,000","55,000,000","51,000,000","48,000,000","50,000,000","53,000,000","32,000,000","-11,000,000","12,000,000","9,000,000","30,000,000","44,000,000","6,000,000","28,000,000","122,000,000","-1,000,000","-282,000,000","-3,000,000","0","0","0","0","0","-37,000,000","0","-1,170,000,000","-237,000,000","-509,000,000","-461,000,000","-488,000,000","-43,000,000","-381,000,000","-81,000,000","0","-349,000,000","-41,000,000","0","-418,659,000",,"5,411,000","17,994,000","32,288,000","47,299,000","55,108,000",,,,,"0",,"-95,760,000","7,600,000","6,200,000","4,900,000","5,400,000","4,800,000","3,900,000","2,800,000","2,200,000","2,700,000","2,300,000","1,600,000","1,300,000","1,500,000","1,500,000","900,000","1,100,000","1,100,000","1,200,000","800,000",,"100,000",,,,,,,,
TotalUnusualItems,"548,000,000","110,000,000","211,000,000","150,000,000","77,000,000","-242,000,000","-546,000,000","-117,000,000","-118,000,000","50,000,000","-164,000,000","-91,000,000","-24,000,000","-133,000,000","-84,000,000","138,000,000","-76,000,000","-38,000,000","-84,000,000","-131,000,000","-146,000,000","-166,000,000","-446,000,000","2,000,000","-1,000,000","-151,000,000","-154,000,000","-58,000,000","23,000,000","134,000,000","-344,000,000","0","33,000,000","-26,000,000","-185,000,000","14,000,000","-42,000,000","-12,000,000","-74,000,000","-86,000,000","7,000,000","-5,000,000","-189,000,000","-740,000,000","0","46,000,000","108,000,000","76,000,000","63,000,000","37,000,000","47,000,000","33,000,000","10,000,000","-53,000,000","-70,000,000","-6,000,000","5,000,000","50,000,000","54,000,000","56,000,000","55,000,000","51,000,000","48,000,000","50,000,000","53,000,000","32,000,000","-11,000,000","12,000,000","9,000,000","30,000,000","44,000,000","6,000,000","28,000,000","122,000,000","-1,000,000","-282,000,000","-3,000,000","0","0","0","0","0","-37,000,000","0","-1,170,000,000","-237,000,000","-509,000,000","-461,000,000","-488,000,000","-43,000,000","-381,000,000","-81,000,000","0","-349,000,000","-41,000,000","0","-418,659,000",,"5,411,000","17,994,000","32,288,000","47,299,000","55,108,000",,,,,"0",,"-95,760,000","7,600,000","6,200,000","4,900,000","5,400,000","4,800,000","3,900,000","2,800,000","2,200,000","2,700,000","2,300,000","1,600,000","1,300,000","1,500,000","1,500,000","900,000","1,100,000","1,100,000","1,200,000","800,000",,"100,000",,,,,,,,
NormalizedEBITDA,"16,448,000,000","4,097,000,000","4,068,000,000","4,172,000,000","4,111,000,000","4,046,000,000","3,790,000,000","3,986,000,000","4,138,000,000","4,099,000,000","4,489,000,000","4,463,000,000","4,331,000,000","4,186,000,000","4,679,000,000","4,194,000,000","4,130,000,000","4,063,000,000","3,847,000,000","4,111,000,000","4,116,000,000","3,900,000,000","4,196,000,000","4,176,000,000","3,800,000,000","4,117,000,000","3,957,000,000","3,791,000,000","3,718,000,000","3,506,000,000","3,439,000,000","3,541,000,000","3,363,000,000","2,529,000,000","3,456,000,000","3,591,000,000","3,669,000,000","3,550,000,000","3,465,000,000","3,405,000,000","3,554,000,000","3,468,000,000","3,203,000,000","3,028,000,000","2,929,000,000","2,532,000,000","3,036,000,000","3,126,000,000","2,995,000,000","2,989,000,000","2,735,000,000","2,138,000,000","2,208,000,000","2,409,000,000","3,132,000,000","3,186,000,000","2,808,000,000","3,136,000,000","3,085,000,000","2,943,000,000","2,807,000,000","2,721,000,000","2,570,000,000","2,621,000,000","2,163,000,000","1,953,000,000","1,891,000,000","2,243,000,000","1,973,000,000","2,079,000,000","2,035,000,000","2,105,000,000","1,873,000,000","1,814,000,000","1,788,000,000","1,629,000,000","1,629,000,000","1,637,000,000","1,578,000,000","1,551,000,000","1,292,000,000","1,229,000,000","804,000,000","484,000,000","-820,000,000","1,572,000,000","1,336,000,000","1,141,000,000","928,000,000","1,223,000,000","829,000,000","1,057,000,000","980,000,000","594,000,000","839,000,000","793,817,000","364,829,000","730,224,000","537,406,000","329,615,000","559,345,000","496,048,000","301,797,000","557,607,000","380,588,000","318,280,000","276,925,000","238,454,000","207,275,000","92,649,000","155,500,000","143,000,000","132,900,000","122,100,000","99,600,000","81,500,000","72,500,000","60,800,000","50,700,000","41,300,000","36,500,000","28,900,000","22,800,000","19,800,000","17,600,000","15,700,000","11,500,000","6,400,000","4,800,000","5,000,000","4,100,000","-10,500,000","7,700,000","5,600,000","4,100,000","-3,600,000","1,400,000","1,400,000","1,300,000"
TaxRateForCalcs,"0.189","0.175","0.185","0.194","0.203","0.218","0.189","0.203","0.194","0.186","0.206","0.4","0.158","0.156","0.092","0.27","0.173","0.27","0.192","0.238","0.212","0.208","0.214","0.171","0.238","0.048","0.225","0.209","0.197","0.166","0.225","0.191","0.174","0.186","0.214","0.209","0.159","0.131","0.205","0.197","0.221","0.206","0.208","0.16","0.18","0.121","0.204","0.2","0.088","0.213","0.202","0.295","0.201","0.195","0.155","0.25","0.232","0.219","0.159","0.237","0.225","0.177","0.261","0.281","0.227","0.282","0.283","0.285","0.286","0.285","0.287","0.287","0.296","0.286","0.289","0.285","0.285","0.286","0.291","0.296","0.288","0.292","0.219","0.4","0.245","0.331","0.396","0.4","0.374","0.318","0.4","0.357","0.331","0.4","0.347","0.35","0.4","0.35","0.35","0.4","0.37","0.399","0.4","0.379","0.375","0.375","0.375","0.38","0.38","0.38","0.38","0.382","0.382","0.382","0.382","0.375","0.375","0.375","0.375","0.38","0.38","0.38","0.38","0.38","0.38","0.399","0.4","0.4","0.397","0.4","0.4",,,,,,,,
TaxEffectOfUnusualItems,"103,731,523.379","19,250,000","39,035,000","29,156,626.506","15,631,000","-52,756,000","-103,194,000","-23,711,433.757","-22,892,000","9,300,000","-33,784,000","-36,400,000","-3,792,000","-20,748,000","-7,728,000","37,260,000","-13,148,000","-10,260,000","-16,128,000","-31,143,396.226","-30,952,000","-34,528,000","-95,444,000","342,368.886","-238,000","-7,248,000","-34,650,000","-12,141,834.299","4,531,000","22,244,000","-77,400,000","0","5,742,000","-4,836,000","-39,590,000","2,930,686.172","-6,678,000","-1,572,000","-15,170,000","-16,904,442.582","1,546,599.496","-1,031,284.103","-39,399,554.566","-118,541,240.627","0","5,557,225.434","22,045,360.825","15,181,141.439","5,531,835.206","7,887,048.832","9,488,164.359","9,729,941.292","2,009,484.292","-10,327,623.126","-10,856,046.065","-1,501,116.902","1,160,675.617","10,955,269.143","8,588,100.686","13,297,510.865","12,391,484.084","9,042,398.287","12,529,411.765","14,026,095.061","12,050,772.627","9,035,490.605","-3,114,269.471","3,416,627.961","2,574,695.122","8,538,579.458","12,629,213.483","1,723,140.496","8,297,501.453","34,837,852.795","-289,267.016","0","0","0","0","0","0","0","0","0","-286,182,328.191","0","0","0","0","0","0","0","0","0","0","0","0","0","1,893,848.955","7,197,600","11,946,610.004","18,859,891.644","22,043,200","0","0","0","0","0","0","0","2,886,377.903","2,366,183.575","1,871,627.566","2,062,679.426","1,832,132.425","1,463,066.202","1,050,472.335","824,555.735","1,011,864.407","872,954.545","607,486.631","494,612.795","570,000","570,422.535","341,711.23","438,728.324","440,000","480,000","317,460.317","0","40,000",,,,,,,,