name,ttm,12/31/2021,09/30/2021,06/30/2021,03/31/2021,12/31/2020,09/30/2020,06/30/2020,03/31/2020,12/31/2019,09/30/2019,06/30/2019,03/31/2019,12/31/2018,09/30/2018,06/30/2018,03/31/2018,12/31/2017,09/30/2017,06/30/2017,03/31/2017,12/31/2016,09/30/2016,06/30/2016,03/31/2016,12/31/2015,09/30/2015,06/30/2015,03/31/2015,12/31/2014,09/30/2014,06/30/2014,03/31/2014,12/31/2013,09/30/2013,06/30/2013,03/31/2013,12/31/2012,09/30/2012,06/30/2012,03/31/2012,12/31/2011,09/30/2011,06/30/2011,03/31/2011,12/31/2010,09/30/2010,06/30/2010,03/31/2010,12/31/2009,09/30/2009,06/30/2009,03/31/2009,12/31/2008,09/30/2008,06/30/2008,03/31/2008,12/31/2007,09/30/2007,06/30/2007,03/31/2007,12/31/2006,09/30/2006,06/30/2006,03/31/2006,12/31/2005,09/30/2005,06/30/2005,03/31/2005,12/31/2004,09/30/2004,06/30/2004,03/31/2004,12/31/2003,09/30/2003,06/30/2003,03/31/2003,12/31/2002,09/30/2002,06/30/2002,03/31/2002,12/31/2001,09/30/2001,06/30/2001,03/31/2001,12/31/2000,09/30/2000,06/30/2000,03/31/2000,12/31/1999,09/30/1999,06/30/1999,03/31/1999,12/31/1998,09/30/1998,06/30/1998,03/31/1998,12/31/1997,09/30/1997,06/30/1997,03/31/1997,12/31/1996,09/30/1996,06/30/1996,03/31/1996,12/31/1995,09/30/1995,06/30/1995,03/31/1995,12/31/1994,09/30/1994,06/30/1994,03/31/1994,12/31/1993,09/30/1993,06/30/1993,03/31/1993,12/31/1992,09/30/1992,06/30/1992,03/31/1992,12/31/1991,09/30/1991,06/30/1991,03/31/1991,12/31/1990,09/30/1990,06/30/1990,03/31/1990,12/31/1989,09/30/1989,06/30/1989,03/31/1989,12/31/1988,09/30/1988,06/30/1988,03/31/1988,12/31/1987,09/30/1987,06/30/1987,03/31/1987,12/31/1986,09/30/1986,06/30/1986,03/31/1986,12/31/1985,09/30/1985
TotalRevenue,"12,522,000,000","3,427,000,000","3,292,000,000","2,990,000,000","2,813,000,000","2,825,000,000","2,648,000,000","2,255,000,000","2,855,000,000","2,885,000,000","2,978,000,000","3,061,000,000","3,013,000,000","3,143,000,000","3,129,000,000","3,102,000,000","2,876,000,000","2,863,000,000","2,743,000,000","2,933,000,000","2,869,000,000","3,037,000,000","2,710,000,000","2,704,000,000","2,618,000,000","2,781,000,000","2,939,000,000","3,064,000,000","3,027,000,000","3,192,000,000","3,221,000,000","3,244,000,000","3,012,000,000","3,000,000,000","2,999,000,000","3,069,000,000","2,958,000,000","2,884,000,000","2,894,000,000","3,012,000,000","2,966,000,000","2,951,000,000","2,963,000,000","3,019,000,000","2,810,000,000","2,816,000,000","2,666,000,000","2,663,000,000","2,491,000,000","2,320,000,000","2,289,000,000","2,185,000,000","2,247,000,000","2,674,000,000","2,961,000,000","2,907,000,000","2,713,000,000","2,577,000,000","2,501,000,000","2,530,000,000","2,422,000,000","2,396,000,000","2,418,000,000","2,421,000,000","2,331,000,000","2,219,000,000","2,125,000,000","2,166,000,000","2,108,000,000","2,044,000,000","1,980,000,000","2,033,000,000","1,963,000,000","1,953,000,000","1,882,000,000","1,942,000,000","2,016,000,000","2,060,000,000","2,055,000,000","2,073,000,000","1,964,000,000","2,009,000,000","2,019,000,000","2,057,000,000","2,025,000,000","2,047,000,000","2,039,000,000","2,190,000,000","2,147,000,000","2,748,000,000","2,906,000,000","2,616,000,000","2,541,000,000","2,511,000,000","2,432,000,000","2,642,000,000","2,580,000,000","2,727,000,000","2,649,000,000","2,678,000,000","2,567,000,000","2,703,000,000","2,647,000,000","2,672,000,000","2,536,000,000","2,771,000,000","2,665,000,000","2,600,000,000","2,468,000,000","2,540,000,000","2,470,000,000","2,371,000,000","2,227,000,000","2,315,000,000","2,238,000,000","2,264,000,000","2,123,000,000","2,245,000,000","2,214,000,000","2,189,000,000","2,086,000,000","2,276,000,000","2,205,000,000","2,125,000,000","2,030,000,000","2,187,000,000","2,063,000,000","2,047,000,000","1,908,000,000","2,034,000,000","1,893,000,000","1,974,000,000","1,844,000,000","2,048,000,000","1,894,000,000","1,907,000,000","1,743,000,000","2,131,000,000","2,009,000,000","2,010,000,000","1,893,000,000","1,580,000,000","1,461,000,000","1,607,000,000","1,697,000,000","1,782,000,000","1,718,000,000"
	OperatingRevenue,"11,778,000,000","3,221,000,000","3,050,000,000","2,990,000,000","2,813,000,000","2,825,000,000","2,648,000,000","2,255,000,000","2,855,000,000","2,885,000,000","2,978,000,000","3,061,000,000","3,013,000,000","3,143,000,000","3,129,000,000","3,102,000,000","2,876,000,000","2,863,000,000","2,743,000,000","2,933,000,000","2,869,000,000","3,037,000,000","2,710,000,000","2,704,000,000","2,618,000,000","2,781,000,000","2,939,000,000","3,064,000,000","3,027,000,000","3,192,000,000","3,221,000,000","3,244,000,000","3,012,000,000","3,000,000,000","2,999,000,000","3,069,000,000","2,958,000,000","2,884,000,000","2,894,000,000","3,012,000,000","2,966,000,000","2,951,000,000","2,963,000,000","3,019,000,000","2,810,000,000","2,816,000,000","2,666,000,000","2,663,000,000","2,491,000,000","2,320,000,000","2,289,000,000","2,185,000,000","2,247,000,000","2,674,000,000","2,961,000,000","2,907,000,000","2,713,000,000","2,577,000,000","2,501,000,000","2,530,000,000","2,422,000,000","2,396,000,000","2,418,000,000","2,421,000,000","2,331,000,000","2,219,000,000","2,125,000,000","2,166,000,000","2,108,000,000","2,044,000,000","1,980,000,000","2,033,000,000","1,963,000,000","1,953,000,000","1,882,000,000","1,942,000,000","2,016,000,000","2,060,000,000","2,055,000,000","2,073,000,000","1,964,000,000","2,009,000,000","2,019,000,000","2,057,000,000","2,025,000,000","2,047,000,000","2,039,000,000","2,190,000,000","2,147,000,000","2,748,000,000","2,906,000,000","2,616,000,000","2,541,000,000","2,511,000,000","2,432,000,000","2,642,000,000","2,580,000,000","2,727,000,000","2,649,000,000","2,678,000,000","2,567,000,000","2,703,000,000","2,647,000,000","2,672,000,000","2,536,000,000","2,771,000,000","2,665,000,000","2,600,000,000","2,468,000,000","2,540,000,000","2,470,000,000","2,371,000,000","2,227,000,000","2,315,000,000","2,238,000,000","2,264,000,000","2,123,000,000","2,245,000,000","2,214,000,000","2,189,000,000","2,086,000,000","2,276,000,000","2,205,000,000","2,125,000,000","2,030,000,000","2,187,000,000","2,063,000,000","2,047,000,000","1,908,000,000","2,034,000,000","1,893,000,000","1,974,000,000","1,844,000,000","2,048,000,000","1,894,000,000","1,907,000,000","1,743,000,000","2,131,000,000","2,009,000,000","2,010,000,000","1,893,000,000","1,580,000,000","1,461,000,000","1,607,000,000","1,697,000,000","1,782,000,000","1,718,000,000"
CostOfRevenue,"7,382,000,000","2,085,000,000","1,916,000,000","1,666,000,000","1,712,000,000","1,610,000,000","1,507,000,000","1,427,000,000","1,677,000,000","1,755,000,000","1,718,000,000","1,777,000,000","1,813,000,000","1,911,000,000","1,860,000,000","1,849,000,000","1,857,000,000","1,932,000,000","1,866,000,000","1,853,000,000","1,984,000,000","2,033,000,000","1,869,000,000","1,864,000,000","1,914,000,000","1,990,000,000","2,006,000,000","2,047,000,000","2,184,000,000","2,291,000,000","2,245,000,000","2,247,000,000","2,273,000,000","2,219,000,000","2,145,000,000","2,106,000,000","2,083,000,000","5,136,000,000","1,018,000,000","1,062,000,000","1,083,000,000","1,095,000,000","1,069,000,000","1,083,000,000","1,029,000,000","189,000,000","878,000,000","766,000,000","699,000,000","674,000,000","626,000,000","524,000,000","613,000,000","839,000,000","1,035,000,000","513,000,000","1,122,000,000",,,"1,128,000,000",,"1,222,000,000","1,131,000,000","993,000,000","1,102,000,000","1,046,000,000","971,000,000","969,000,000","997,000,000","1,438,000,000","911,000,000","1,103,000,000","1,014,000,000","-133,000,000","1,388,000,000","950,000,000","1,089,000,000","980,000,000","1,057,000,000","1,033,000,000","1,019,000,000","994,000,000","1,027,000,000","1,055,000,000","1,107,000,000","1,149,000,000","1,138,000,000","1,279,000,000","1,248,000,000","-693,000,000","1,716,000,000","1,563,000,000","1,578,000,000","1,594,000,000","1,530,000,000","1,614,000,000","1,551,000,000","1,599,000,000","1,567,000,000","1,561,000,000","1,576,000,000","1,625,000,000","1,600,000,000","1,600,000,000","1,567,000,000","1,681,000,000","1,598,000,000","1,578,000,000","1,522,000,000","1,348,000,000","1,482,000,000","1,444,000,000","1,395,000,000","1,852,000,000","1,700,000,000","1,843,000,000","1,917,000,000","1,826,000,000","1,816,000,000","2,501,000,000","1,798,000,000","2,636,000,000","1,838,000,000","1,803,000,000","1,759,000,000","1,818,000,000","1,714,000,000","1,709,000,000","1,676,000,000","1,659,000,000","1,601,000,000","1,627,000,000",,,,,,,,,,,,,,,
GrossProfit,"5,140,000,000","1,342,000,000","1,376,000,000","1,324,000,000","1,101,000,000","1,215,000,000","1,141,000,000","828,000,000","1,178,000,000","1,130,000,000","1,260,000,000","1,284,000,000","1,200,000,000","1,232,000,000","1,269,000,000","1,253,000,000","1,019,000,000","931,000,000","877,000,000","1,080,000,000","885,000,000","1,004,000,000","841,000,000","840,000,000","704,000,000","791,000,000","933,000,000","1,017,000,000","843,000,000","901,000,000","976,000,000","997,000,000","739,000,000","781,000,000","854,000,000","963,000,000","875,000,000","-2,252,000,000","1,876,000,000","1,950,000,000","1,883,000,000","1,856,000,000","1,894,000,000","1,936,000,000","1,781,000,000","2,627,000,000","1,788,000,000","1,897,000,000","1,792,000,000","1,646,000,000","1,663,000,000","1,661,000,000","1,634,000,000","1,835,000,000","1,926,000,000","2,394,000,000","1,591,000,000",,,"1,402,000,000",,"1,174,000,000","1,287,000,000","1,428,000,000","1,229,000,000","1,173,000,000","1,154,000,000","1,197,000,000","1,111,000,000","606,000,000","1,069,000,000","930,000,000","949,000,000","2,086,000,000","494,000,000","992,000,000","927,000,000","1,080,000,000","998,000,000","1,040,000,000","945,000,000","1,015,000,000","992,000,000","1,002,000,000","918,000,000","898,000,000","901,000,000","911,000,000","899,000,000","3,441,000,000","1,190,000,000","1,053,000,000","963,000,000","917,000,000","902,000,000","1,028,000,000","1,029,000,000","1,128,000,000","1,082,000,000","1,117,000,000","991,000,000","1,078,000,000","1,047,000,000","1,072,000,000","969,000,000","1,090,000,000","1,067,000,000","1,022,000,000","946,000,000","1,192,000,000","988,000,000","927,000,000","832,000,000","463,000,000","538,000,000","421,000,000","206,000,000","419,000,000","398,000,000","-312,000,000","288,000,000","-360,000,000","367,000,000","322,000,000","271,000,000","369,000,000","349,000,000","338,000,000","232,000,000","375,000,000","292,000,000","347,000,000",,,,,,,,,,,,,,,
OperatingExpense,,,,,,,,,,,,,,,,,,,,,,,,,,,,,,,,,,,,,,,"1,022,000,000","1,007,000,000","1,027,000,000","1,015,000,000","1,016,000,000","1,010,000,000","1,008,000,000","1,033,000,000","963,000,000","951,000,000","958,000,000","887,000,000","881,000,000","883,000,000","886,000,000","951,000,000","981,000,000","1,677,000,000","967,000,000","-1,964,000,000","1,946,000,000","2,093,000,000","1,934,000,000","2,334,000,000","2,067,000,000","1,801,000,000","2,033,000,000","1,989,000,000","1,905,000,000","1,689,000,000","1,906,000,000","2,359,000,000","1,776,000,000","1,951,000,000","1,878,000,000","1,098,000,000","2,444,000,000","1,787,000,000","1,985,000,000","1,880,000,000","1,940,000,000","1,906,000,000","1,904,000,000","1,877,000,000","1,892,000,000","1,951,000,000","1,991,000,000","1,994,000,000","1,984,000,000","2,184,000,000","2,167,000,000","3,047,000,000","2,326,000,000","2,195,000,000","2,179,000,000","3,794,000,000","2,101,000,000","2,179,000,000","2,170,000,000","3,816,000,000","2,136,000,000","2,111,000,000","2,086,000,000","3,825,000,000","2,127,000,000","2,122,000,000","2,115,000,000","3,867,000,000","2,168,000,000","2,129,000,000","2,079,000,000","3,579,000,000","2,012,000,000","1,968,000,000","1,940,000,000","143,000,000","286,000,000","143,000,000","143,000,000","127,000,000","136,000,000","133,000,000","131,000,000","133,000,000","126,000,000","116,000,000","126,000,000","126,000,000","113,000,000","117,000,000","117,000,000","100,000,000","116,000,000","117,000,000",,,,,,,,,,,,,,,
	SellingGeneralAndAdministration,,,,,,,,,,,,,,,,,,,,,,,,,,,,,,,,,,,,,,,"754,000,000","744,000,000","770,000,000","779,000,000","765,000,000","764,000,000","765,000,000","776,000,000","731,000,000","721,000,000","729,000,000","660,000,000","653,000,000","654,000,000","662,000,000","723,000,000","754,000,000",,"745,000,000",,,"910,000,000",,"1,173,000,000","860,000,000","618,000,000","918,000,000","878,000,000","860,000,000","853,000,000","856,000,000","1,283,000,000","751,000,000","910,000,000","834,000,000","-2,234,000,000","1,362,000,000","807,000,000","885,000,000","870,000,000","881,000,000","872,000,000","885,000,000","881,000,000","866,000,000","902,000,000","891,000,000","867,000,000","878,000,000","962,000,000","978,000,000","-1,997,000,000","1,222,000,000","1,132,000,000","1,134,000,000","1,079,000,000","1,058,000,000","1,075,000,000","1,121,000,000","1,090,000,000","1,091,000,000","1,077,000,000","1,079,000,000","1,067,000,000","1,070,000,000","1,084,000,000","1,115,000,000","1,132,000,000","1,111,000,000","1,089,000,000","1,100,000,000","1,089,000,000","1,078,000,000","1,060,000,000","1,063,000,000",,,,,,,,,,,,,,,,,,,,,,,,,,,,,,,,,,
		GeneralAndAdministrativeExpense,,,,,,,,,,,,,,,,,,,,,,,,,,,,,,,,,,,,,,,"754,000,000","744,000,000","770,000,000","779,000,000","765,000,000","764,000,000","765,000,000","776,000,000","731,000,000","721,000,000","729,000,000","660,000,000","653,000,000","654,000,000","662,000,000","723,000,000","754,000,000",,"745,000,000",,,"910,000,000",,"1,173,000,000","860,000,000","618,000,000","918,000,000","878,000,000","860,000,000","853,000,000","856,000,000","1,283,000,000","751,000,000","910,000,000","834,000,000","-2,234,000,000","1,362,000,000","807,000,000","885,000,000","870,000,000","881,000,000","872,000,000","885,000,000","881,000,000","866,000,000","902,000,000","891,000,000","867,000,000","878,000,000","962,000,000","978,000,000","-1,997,000,000","1,222,000,000","1,132,000,000","1,134,000,000","1,079,000,000","1,058,000,000","1,075,000,000","1,121,000,000","1,090,000,000","1,091,000,000","1,077,000,000","1,079,000,000","1,067,000,000","1,070,000,000","1,084,000,000","1,115,000,000","1,132,000,000","1,111,000,000","1,089,000,000","1,100,000,000","1,089,000,000","1,078,000,000","1,060,000,000","1,063,000,000",,,,,,,,,,,,,,,,,,,,,,,,,,,,,,,,,,
			SalariesAndWages,,,,,,,,,,,,,,,,,,,,,,,,,,,,,,,,,,,,,,,"754,000,000","744,000,000","770,000,000","779,000,000","765,000,000","764,000,000","765,000,000","776,000,000","731,000,000","721,000,000","729,000,000","660,000,000","653,000,000","654,000,000","662,000,000","723,000,000","754,000,000",,"745,000,000",,,"-743,000,000",,"-755,000,000","-737,000,000","-718,000,000","-720,000,000","-734,000,000","-727,000,000","-707,000,000","-704,000,000","-706,000,000","-688,000,000","-686,000,000","-699,000,000","-658,000,000","-666,000,000","-677,000,000","-739,000,000","-732,000,000","-720,000,000","-718,000,000","-733,000,000","-732,000,000","-711,000,000","-743,000,000","-736,000,000","-702,000,000","-709,000,000","-767,000,000","-778,000,000","-881,000,000","-910,000,000","-853,000,000","-827,000,000","-784,000,000","-784,000,000","-795,000,000","-850,000,000","-813,000,000","-816,000,000","-802,000,000","-795,000,000","-782,000,000","-788,000,000","-797,000,000","-821,000,000","-823,000,000","-823,000,000","-805,000,000","-813,000,000","-816,000,000","-786,000,000","-769,000,000","-783,000,000",,,,,,,,,,,,,,,,,,,,,,,,,,,,,,,,,,
			RentAndLandingFees,,,,,,,,,,,,,,,,,,,,,,,,,,,,,,,,,,,,,,,,"102,000,000",,"92,000,000","95,000,000","95,000,000","97,000,000","95,000,000","90,000,000","89,000,000","100,000,000","88,000,000","92,000,000","98,000,000","113,000,000","96,000,000","106,000,000",,,,,"-167,000,000",,"-136,000,000","-153,000,000","-152,000,000","-198,000,000","-144,000,000","-133,000,000","-146,000,000","-152,000,000","-577,000,000","-63,000,000","-224,000,000","-135,000,000","339,000,000","-232,000,000","-130,000,000","-146,000,000","-138,000,000","-161,000,000","-154,000,000","-152,000,000","-149,000,000","-155,000,000","-159,000,000","-155,000,000","-165,000,000","-169,000,000","-195,000,000","-200,000,000",,"-312,000,000","-279,000,000","-307,000,000","-295,000,000","-274,000,000","-280,000,000","-271,000,000","-277,000,000","-275,000,000","-275,000,000","-284,000,000","-285,000,000","-282,000,000","-287,000,000","-294,000,000","-309,000,000","-288,000,000","-284,000,000","-287,000,000","-273,000,000","-292,000,000","-291,000,000","-280,000,000",,,,,,,,,,,,,,,,,,,,,,,,,,,,,,,,,,
			InsuranceAndClaims,,,,,,,,,,,,,,,,,,,,,,,,,,,,,,,,,,,,,,,,,,,,,,,,,,,,,,,,,,,,,,,"15,000,000","126,000,000",,,,,,,,,,,"-232,000,000",,,,,,,,,,,,,,,,,,,,,,,,,,,,,,,,,,,,,,,,,,,,,,,,,,,,,,,,,,,,,,,,,,,,,,,,
			OtherGandA,,,,,,,,,,,,,,,,,,,,,,,,,,,,,,,,,,,,,,,,"-102,000,000",,"-92,000,000","-95,000,000","462,000,000","-97,000,000","-95,000,000","-90,000,000","-89,000,000","-100,000,000","-88,000,000","-92,000,000","-98,000,000","-113,000,000","-96,000,000","-106,000,000",,,,,"1,820,000,000",,"2,205,000,000","1,735,000,000","1,362,000,000","1,836,000,000","1,756,000,000","1,720,000,000","1,706,000,000","1,712,000,000","2,566,000,000","1,502,000,000","1,820,000,000","1,668,000,000","-2,147,000,000","2,492,000,000","1,614,000,000","1,770,000,000","1,740,000,000","1,762,000,000","1,744,000,000","1,770,000,000","1,762,000,000","1,732,000,000","1,804,000,000","1,782,000,000","1,734,000,000","1,756,000,000","1,924,000,000","1,956,000,000","-2,014,000,000","2,444,000,000","2,264,000,000","2,268,000,000","2,158,000,000","2,116,000,000","2,150,000,000","2,242,000,000","2,180,000,000","2,182,000,000","2,154,000,000","2,158,000,000","2,134,000,000","2,140,000,000","2,168,000,000","2,230,000,000","2,264,000,000","2,222,000,000","2,178,000,000","2,200,000,000","2,178,000,000","2,156,000,000","2,120,000,000","2,126,000,000",,,,,,,,,,,,,,,,,,,,,,,,,,,,,,,,,,
	DepreciationAmortizationDepletionIncomeStatement,,,,,,,,,,,,,,,,,,,,,,,,,,,,,,,,,,,,,,,"268,000,000","263,000,000","257,000,000","236,000,000","251,000,000","246,000,000","243,000,000","257,000,000","232,000,000","230,000,000","229,000,000","227,000,000","228,000,000","229,000,000","224,000,000","228,000,000","227,000,000","227,000,000","222,000,000","220,000,000","220,000,000","222,000,000","221,000,000","216,000,000","214,000,000","216,000,000","211,000,000","209,000,000","207,000,000","205,000,000","209,000,000","219,000,000","177,000,000","162,000,000","167,000,000","161,000,000","158,000,000","160,000,000","160,000,000","172,000,000","163,000,000","155,000,000","155,000,000","153,000,000","154,000,000","153,000,000","157,000,000","155,000,000","137,000,000","138,000,000","147,000,000","154,000,000","141,000,000","159,000,000","167,000,000","173,000,000","152,000,000","162,000,000","163,000,000","218,000,000","157,000,000","157,000,000","156,000,000","164,000,000","149,000,000","154,000,000","156,000,000","152,000,000","150,000,000","149,000,000","149,000,000","145,000,000","144,000,000","145,000,000","143,000,000","143,000,000","286,000,000","143,000,000","143,000,000","127,000,000","136,000,000","133,000,000","131,000,000","133,000,000","126,000,000","116,000,000","126,000,000","126,000,000","113,000,000","117,000,000","117,000,000","100,000,000","116,000,000","117,000,000",,,,,,,,,,,,,,,
		DepreciationAndAmortizationInIncomeStatement,,,,,,,,,,,,,,,,,,,,,,,,,,,,,,,,,,,,,,,"268,000,000","263,000,000","257,000,000","236,000,000","251,000,000","246,000,000","243,000,000","257,000,000","232,000,000","230,000,000","229,000,000","227,000,000","228,000,000","229,000,000","224,000,000","228,000,000","227,000,000","227,000,000","222,000,000","220,000,000","220,000,000","222,000,000","221,000,000","216,000,000","214,000,000","216,000,000","211,000,000","209,000,000","207,000,000","205,000,000","209,000,000","219,000,000","177,000,000","162,000,000","167,000,000","161,000,000","158,000,000","160,000,000","160,000,000","172,000,000","163,000,000","155,000,000","155,000,000","153,000,000","154,000,000","153,000,000","157,000,000","155,000,000","137,000,000","138,000,000","147,000,000","154,000,000","141,000,000","159,000,000","167,000,000","173,000,000","152,000,000","162,000,000","163,000,000","218,000,000","157,000,000","157,000,000","156,000,000","164,000,000","149,000,000","154,000,000","156,000,000","152,000,000","150,000,000","149,000,000","149,000,000","145,000,000","144,000,000","145,000,000","143,000,000","143,000,000","286,000,000","143,000,000","143,000,000","127,000,000","136,000,000","133,000,000","131,000,000","133,000,000","126,000,000","116,000,000","126,000,000","126,000,000","113,000,000","117,000,000","117,000,000","100,000,000","116,000,000","117,000,000",,,,,,,,,,,,,,,
			DepreciationIncomeStatement,,,,,,,,,,,,,,,,,,,,,,,,,,,,,,,,,,,,,,,"268,000,000","263,000,000","257,000,000","236,000,000","251,000,000","246,000,000","243,000,000","257,000,000","232,000,000","230,000,000","229,000,000","227,000,000","228,000,000","229,000,000","224,000,000","228,000,000","227,000,000","227,000,000","222,000,000","220,000,000","220,000,000","222,000,000","221,000,000","216,000,000","214,000,000","216,000,000","211,000,000","209,000,000","207,000,000","205,000,000","209,000,000","219,000,000","177,000,000","162,000,000","167,000,000","161,000,000","158,000,000","160,000,000","160,000,000","172,000,000","163,000,000","155,000,000","155,000,000","153,000,000","154,000,000","153,000,000","157,000,000","155,000,000","137,000,000","138,000,000","147,000,000","154,000,000","141,000,000","159,000,000","167,000,000","173,000,000","152,000,000","162,000,000","163,000,000","218,000,000","157,000,000","157,000,000","156,000,000","164,000,000","149,000,000","154,000,000","156,000,000","152,000,000","150,000,000","149,000,000","149,000,000","145,000,000","144,000,000","145,000,000","143,000,000","143,000,000","286,000,000","143,000,000","143,000,000","127,000,000","136,000,000","133,000,000","131,000,000","133,000,000","126,000,000","116,000,000","126,000,000","126,000,000","113,000,000","117,000,000","117,000,000","100,000,000","116,000,000","117,000,000",,,,,,,,,,,,,,,
	OtherOperatingExpenses,,,,,,,,,,,,,,,,,,,,,,,,,,,,,,,,,,,,,,,,,,,,,,,,,,,,,,,,"1,450,000,000",,"-5,170,000,000","1,726,000,000","961,000,000","1,713,000,000","945,000,000","993,000,000","967,000,000","904,000,000","902,000,000","838,000,000","631,000,000","841,000,000","857,000,000","848,000,000","879,000,000","877,000,000","3,171,000,000","924,000,000","820,000,000","940,000,000","838,000,000","896,000,000","879,000,000","864,000,000","843,000,000","872,000,000","896,000,000","943,000,000","972,000,000","969,000,000","1,084,000,000","1,042,000,000","4,890,000,000","963,000,000","904,000,000","878,000,000","2,542,000,000","891,000,000","942,000,000","886,000,000","2,508,000,000","888,000,000","877,000,000","851,000,000","2,594,000,000","908,000,000","884,000,000","844,000,000","2,583,000,000","907,000,000","891,000,000","830,000,000","2,457,000,000","790,000,000","763,000,000","734,000,000",,,,,,,,,,,,,,,,,,,,,,,,,,,,,,,,,,
OperatingIncome,"5,140,000,000","1,342,000,000","1,376,000,000","1,324,000,000","1,101,000,000","1,215,000,000","1,141,000,000","828,000,000","1,178,000,000","1,130,000,000","1,260,000,000","1,284,000,000","1,200,000,000","1,232,000,000","1,269,000,000","1,253,000,000","1,019,000,000","931,000,000","877,000,000","1,080,000,000","885,000,000","1,004,000,000","841,000,000","840,000,000","704,000,000","791,000,000","933,000,000","1,017,000,000","843,000,000","901,000,000","976,000,000","997,000,000","739,000,000","781,000,000","854,000,000","963,000,000","875,000,000","804,000,000","854,000,000","943,000,000","856,000,000","841,000,000","878,000,000","926,000,000","773,000,000","1,594,000,000","825,000,000","946,000,000","834,000,000","759,000,000","782,000,000","778,000,000","748,000,000","884,000,000","945,000,000","717,000,000","624,000,000","1,511,000,000","555,000,000","-691,000,000","488,000,000","-1,160,000,000","-780,000,000","-373,000,000","-804,000,000","-816,000,000","-751,000,000","-492,000,000","-795,000,000","-1,753,000,000","-707,000,000","-1,021,000,000","-929,000,000","988,000,000","-1,950,000,000","-795,000,000","-1,058,000,000","-800,000,000","-942,000,000","-866,000,000","-959,000,000","-862,000,000","-900,000,000","-949,000,000","-1,073,000,000","-1,096,000,000","-1,083,000,000","-1,273,000,000","-1,268,000,000","394,000,000","-1,136,000,000","-1,142,000,000","-1,216,000,000","-2,877,000,000","-1,199,000,000","-1,151,000,000","-1,141,000,000","-2,688,000,000","-1,054,000,000","-994,000,000","-1,095,000,000","-2,747,000,000","-1,080,000,000","-1,050,000,000","-1,146,000,000","-2,777,000,000","-1,101,000,000","-1,107,000,000","-1,133,000,000","-2,387,000,000","-1,024,000,000","-1,041,000,000","-1,108,000,000","320,000,000","252,000,000","278,000,000","63,000,000","292,000,000","262,000,000","-445,000,000","157,000,000","-493,000,000","241,000,000","206,000,000","145,000,000","243,000,000","236,000,000","221,000,000","115,000,000","275,000,000","176,000,000","230,000,000","1,844,000,000","-4,635,000,000","1,894,000,000","1,907,000,000","1,743,000,000","-5,017,000,000","2,009,000,000","2,010,000,000","1,893,000,000","-3,728,000,000","1,461,000,000","1,607,000,000","1,697,000,000","-4,657,000,000","1,718,000,000"
NetNonOperatingInterestIncomeExpense,"-715,000,000","-173,000,000","-177,000,000","-181,000,000","-184,000,000","-172,000,000","-187,000,000","-191,000,000","-187,000,000","-141,000,000","-186,000,000","-184,000,000","-178,000,000","-139,000,000","-162,000,000","-157,000,000","-149,000,000","-127,000,000","-132,000,000","-137,000,000","-137,000,000","-146,000,000","-139,000,000","-141,000,000","-143,000,000","-134,000,000","-136,000,000","-134,000,000","-134,000,000","-128,000,000","-137,000,000","-135,000,000","-140,000,000","-131,000,000","-136,000,000","-140,000,000","-147,000,000","-144,000,000","-137,000,000","-138,000,000","-142,000,000","-138,000,000","-137,000,000","-133,000,000","-139,000,000","-147,000,000","-130,000,000","-133,000,000","-142,000,000","-127,000,000","-140,000,000","-139,000,000","-141,000,000","-99,000,000","-131,000,000","-133,000,000","-119,000,000",,,,,,,,,,,,,,,,,,,,,,,,,,,,,,,,,,,,,,,,,,,,,,,,,,,,,,,,,,,,,,,,,,,,,,,,,,,,,,,,,,,,,,,,,,
	InterestIncomeNonOperating,"7,000,000",,,,,,,,,,,,,,,,,,,,,,,,,,,,,,,,,"2,000,000",,,,"1,000,000","1,000,000","1,000,000","2,000,000","2,000,000","1,000,000","1,000,000","1,000,000","2,000,000","1,000,000","2,000,000",,,,,,,,,,,,,,,,,,,,,,,,,,,,,,,,,,,,,,,,,,,,,,,,,,,,,,,,,,,,,,,,,,,,,,,,,,,,,,,,,,,,,,,,,,,,,,,,,,,
	InterestExpenseNonOperating,"722,000,000","180,000,000","177,000,000","181,000,000","184,000,000","189,000,000","187,000,000","191,000,000","187,000,000","189,000,000","186,000,000","184,000,000","178,000,000","171,000,000","162,000,000","157,000,000","149,000,000","140,000,000","132,000,000","137,000,000","137,000,000","156,000,000","139,000,000","141,000,000","143,000,000","140,000,000","136,000,000","134,000,000","134,000,000","133,000,000","137,000,000","135,000,000","140,000,000","139,000,000","136,000,000","140,000,000","147,000,000","145,000,000","138,000,000","139,000,000","144,000,000","140,000,000","138,000,000","134,000,000","140,000,000","149,000,000","131,000,000","135,000,000","142,000,000","138,000,000","140,000,000","139,000,000","141,000,000","136,000,000","131,000,000","133,000,000","119,000,000",,,,,,,,,,,,,,,,,,,,,,,,,,,,,,,,,,,,,,,,,,,,,,,,,,,,,,,,,,,,,,,,,,,,,,,,,,,,,,,,,,,,,,,,,,
OtherIncomeExpense,"526,000,000","36,000,000","80,000,000","387,000,000","20,000,000","-49,000,000","14,000,000","15,000,000","22,000,000","-8,000,000","51,000,000","46,000,000","42,000,000","5,000,000","43,000,000","48,000,000","42,000,000","179,000,000","5,000,000","-116,000,000","-166,000,000","-107,000,000","13,000,000","8,000,000","7,000,000","84,000,000","2,000,000","4,000,000","2,000,000","2,000,000","-26,000,000","-12,000,000","7,000,000","-8,000,000","5,000,000","9,000,000","-3,000,000","58,000,000","4,000,000","4,000,000","2,000,000","9,000,000","5,000,000","-1,000,000","4,000,000","2,000,000","7,000,000","7,000,000","11,000,000","4,000,000","6,000,000","10,000,000","-9,000,000","-209,000,000","8,000,000","6,000,000","57,000,000","76,000,000","17,000,000","11,000,000","-11,000,000","230,000,000","25,000,000","11,000,000","-3,000,000","100,000,000","11,000,000","-354,000,000","230,000,000","947,000,000","22,000,000","-13,000,000","-69,000,000","5,000,000","21,000,000","19,000,000","-10,000,000","0","28,000,000","4,000,000","9,000,000","-55,000,000","1,000,000","34,000,000","31,000,000","-7,000,000","3,000,000","23,000,000","-5,000,000","76,000,000","-417,000,000","-23,000,000","-40,000,000","168,000,000","170,000,000","-12,000,000","-38,000,000","10,000,000","40,000,000","10,000,000","-9,000,000","28,000,000","10,000,000","21,000,000","-6,000,000","103,000,000","-4,000,000","-268,000,000","-16,000,000","58,000,000","-13,000,000","6,000,000","-9,000,000","-12,000,000","1,000,000","30,000,000","-1,000,000","-5,000,000","1,000,000","3,000,000","4,000,000","24,000,000","-6,000,000","57,000,000","19,000,000","22,000,000","-3,000,000","17,000,000","5,000,000","-4,000,000","64,000,000","72,000,000",,,,,,,,,,,,,,,
	EarningsFromEquityInterest,,,,,,,,,,"24,000,000","27,000,000","21,000,000","19,000,000","17,000,000","24,000,000","30,000,000","25,000,000","172,000,000",,,,,,,,,,,,,,,,,,,,,,,,,,,,,,,,,,,,,,,,,,,,,,,,,,,,,,,,,,,,,,,,,,,,,,,,,,,,,,,,,,,,,,,,,,,,,,,,,,,,,,,,,,,,,,,,,,,,,,,,,,,,,,,,,
	SpecialIncomeCharges,"454,000,000","24,000,000","60,000,000","367,000,000",,,,,,,,,,"0","0","0","0","-29,000,000","-1,000,000","-122,000,000","-173,000,000","-115,000,000",,,,,,,,,,,,"7,000,000",,,,"71,000,000","4,000,000","4,000,000","2,000,000","9,000,000","5,000,000","-1,000,000","4,000,000","2,000,000","7,000,000","7,000,000","11,000,000","4,000,000","6,000,000","10,000,000","-9,000,000","-209,000,000","8,000,000","6,000,000","57,000,000","76,000,000","17,000,000","11,000,000","-11,000,000","230,000,000","25,000,000","11,000,000","-3,000,000","100,000,000","11,000,000","-354,000,000","230,000,000","947,000,000","22,000,000","-13,000,000","-69,000,000","5,000,000","21,000,000","19,000,000","-10,000,000","0","28,000,000","4,000,000","9,000,000","-55,000,000","1,000,000","34,000,000","31,000,000","-7,000,000","3,000,000","23,000,000","-5,000,000","76,000,000","-417,000,000","-23,000,000","-40,000,000","168,000,000","170,000,000","-12,000,000","-38,000,000","10,000,000","40,000,000","10,000,000","-9,000,000","28,000,000","10,000,000","21,000,000","-6,000,000","103,000,000","-4,000,000","-268,000,000","-16,000,000","58,000,000","-13,000,000","6,000,000","-9,000,000","-12,000,000","1,000,000","30,000,000","-1,000,000","-5,000,000","1,000,000","3,000,000","4,000,000","24,000,000","-6,000,000","57,000,000","19,000,000","22,000,000","-3,000,000","17,000,000","5,000,000","-4,000,000","64,000,000","72,000,000",,,,,,,,,,,,,,,
		RestructuringAndMergernAcquisition,,,,,,,,,,,,,,"0","0","0","0","29,000,000","1,000,000","122,000,000","173,000,000",,,,,,,,,,,,,,,,,,,,,,,,,,,,,,,,,,,,,,,,,,,,,"0","0","0",,,,,,,,,,,,,,,,,,,,,,,,,,,,,,,,,,,,,,,,,,,,,,,,,,,,,,,,,,,,,,,,,,,,,,,,,,,,,,,
		OtherSpecialCharges,,,,,,,,,,,,,,,,,,,,,,"115,000,000",,,,,,,,,,,,,,,,,"-4,000,000","-4,000,000","-2,000,000",,,"1,000,000","-4,000,000",,,,,,,,,,,,,,,,,,,,,"-100,000,000","-11,000,000","354,000,000",,,,,,,,,,,,,,,,,,,,,,,,,,,,,,,,,,,,,,,,,,,,,,,,,,,,,,,,,,,,,,,,,,,,,,,,,,,,,,,
		GainOnSaleOfBusiness,,,,,,,,,,,,,,,,,,,,,,,,,,,,,,,,,,"7,000,000",,,,"64,000,000",,,,,,,,,,,,,,,,,,,,,,,,,,,,,,,,,,,,,,,,,,,,,,,,,,,,,,,,,,,,,,,,,,,,,,,,,,,,,,,,,,,,,,,,,,,,,,,,,,,,,,,,,,,,,
		GainOnSaleOfPPE,"454,000,000","24,000,000","60,000,000","367,000,000",,,,,,,,,,,,,,,,,,,,,,,,,,,,,,,,,,,,,,,,,,,,,,,,,,,,,,,,,,,,,,,,,,,,,,,,,,,,,,,,,,,,,,,,,,,,,,,,,,,,,,,,,,,,,,,,,,,,,,,,,,,,,,,,,,,,,,,,,,,,,,,
	OtherNonOperatingIncomeExpenses,"72,000,000","12,000,000","20,000,000","20,000,000","20,000,000","-1,000,000","14,000,000","15,000,000","22,000,000","-32,000,000","24,000,000","25,000,000","23,000,000","-12,000,000","19,000,000","18,000,000","17,000,000","-11,000,000","6,000,000","6,000,000","7,000,000","-19,000,000","13,000,000","8,000,000","7,000,000","1,000,000","2,000,000","4,000,000","2,000,000","-21,000,000","-26,000,000","-12,000,000","7,000,000","-31,000,000","5,000,000","9,000,000","-3,000,000","-6,000,000",,,,,,,,,,,,,,,,,,,,,,,,,,,,,,,,,,,,,,,,,,,,,,,,,,,,,,,,,,,,,,,,,,,,,,,,,,,,,,,,,,,,,,,,,,,,,,,,,,,,,,,,,,,,,
PretaxIncome,"4,951,000,000","1,205,000,000","1,279,000,000","1,530,000,000","937,000,000","994,000,000","968,000,000","652,000,000","1,013,000,000","981,000,000","1,125,000,000","1,146,000,000","1,064,000,000","1,098,000,000","1,150,000,000","1,144,000,000","912,000,000","983,000,000","750,000,000","827,000,000","582,000,000","751,000,000","715,000,000","707,000,000","568,000,000","741,000,000","799,000,000","887,000,000","711,000,000","775,000,000","813,000,000","850,000,000","606,000,000","642,000,000","723,000,000","832,000,000","725,000,000","718,000,000","721,000,000","809,000,000","716,000,000","712,000,000","746,000,000","792,000,000","638,000,000","701,000,000","702,000,000","642,000,000","503,000,000","460,000,000","464,000,000","453,000,000","372,000,000","384,000,000","610,000,000","590,000,000","562,000,000","570,000,000","470,000,000","514,000,000","378,000,000","470,000,000","417,000,000","559,000,000","395,000,000","375,000,000","264,000,000","159,000,000","238,000,000","227,000,000","183,000,000","184,000,000","43,000,000","182,000,000","-180,000,000","199,000,000","64,000,000","211,000,000","196,000,000","209,000,000","107,000,000","97,000,000","157,000,000","167,000,000","27,000,000","81,000,000","87,000,000","87,000,000","41,000,000","-41,000,000","-98,000,000","170,000,000","108,000,000","144,000,000","288,000,000","215,000,000","129,000,000","310,000,000","300,000,000","340,000,000","233,000,000","389,000,000","343,000,000","360,000,000","224,000,000","431,000,000","321,000,000","25,000,000","197,000,000","362,000,000","275,000,000","251,000,000","118,000,000","233,000,000","179,000,000","233,000,000","-12,000,000","216,000,000","192,000,000","-508,000,000","93,000,000","-543,000,000","160,000,000","184,000,000","86,000,000","184,000,000","151,000,000","159,000,000","43,000,000","188,000,000","158,000,000","221,000,000",,,,,,,,,,,,,,,
TaxProvision,"1,170,000,000","271,000,000","311,000,000","357,000,000","231,000,000","234,000,000","232,000,000","153,000,000","243,000,000","210,000,000","269,000,000","276,000,000","230,000,000","255,000,000","256,000,000","267,000,000","217,000,000","-3,157,000,000","291,000,000","317,000,000","220,000,000","293,000,000","260,000,000","262,000,000","212,000,000","275,000,000","292,000,000","334,000,000","269,000,000","284,000,000","304,000,000","321,000,000","208,000,000","235,000,000","260,000,000","297,000,000","266,000,000","275,000,000","266,000,000","297,000,000","267,000,000","255,000,000","282,000,000","286,000,000","243,000,000","271,000,000","288,000,000","228,000,000","197,000,000","155,000,000","171,000,000","168,000,000","126,000,000","137,000,000","228,000,000","205,000,000","211,000,000","205,000,000","173,000,000","190,000,000","138,000,000","123,000,000","89,000,000","169,000,000","150,000,000","138,000,000","100,000,000","-6,000,000","84,000,000","81,000,000","60,000,000","65,000,000","13,000,000","59,000,000","-77,000,000","72,000,000","22,000,000","74,000,000","69,000,000","74,000,000","39,000,000","32,000,000","57,000,000","59,000,000","7,000,000","27,000,000","28,000,000","32,000,000","12,000,000","-16,000,000","15,000,000","56,000,000","33,000,000","36,000,000","101,000,000","64,000,000","38,000,000","95,000,000","94,000,000","113,000,000","82,000,000","136,000,000","121,000,000","126,000,000","78,000,000","155,000,000","119,000,000","6,000,000","76,000,000","123,000,000","98,000,000","89,000,000","44,000,000","82,000,000","116,000,000","79,000,000","-3,000,000","64,000,000","64,000,000","-186,000,000","31,000,000","-187,000,000","52,000,000","69,000,000","29,000,000","55,000,000","50,000,000","50,000,000","17,000,000","62,000,000","64,000,000","91,000,000",,,,,,,,,,,,,,,
NetIncomeCommonStockholders,"3,781,000,000","934,000,000","968,000,000","1,173,000,000","706,000,000","760,000,000","736,000,000","499,000,000","770,000,000","771,000,000","856,000,000","870,000,000","834,000,000","842,000,000","894,000,000","877,000,000","695,000,000","4,140,000,000","459,000,000","510,000,000","362,000,000","458,000,000","455,000,000","445,000,000","356,000,000","466,000,000","507,000,000","553,000,000","442,000,000","491,000,000","509,000,000","529,000,000","398,000,000","408,000,000","463,000,000","535,000,000","459,000,000","444,000,000","455,000,000","512,000,000","449,000,000","457,000,000","464,000,000","506,000,000","395,000,000","430,000,000","414,000,000","414,000,000","306,000,000","305,000,000","293,000,000","308,000,000","246,000,000","247,000,000","382,000,000","385,000,000","351,000,000","365,000,000","407,000,000","324,000,000","240,000,000","347,000,000","328,000,000","390,000,000","245,000,000","237,000,000","164,000,000","165,000,000","579,000,000","67,000,000","123,000,000","119,000,000","30,000,000","123,000,000","-103,000,000","127,000,000","99,000,000","137,000,000","127,000,000","135,000,000","25,000,000","65,000,000","100,000,000","108,000,000","20,000,000","54,000,000","427,000,000","55,000,000","29,000,000","-25,000,000","-113,000,000","114,000,000","26,000,000","108,000,000","187,000,000","151,000,000","91,000,000","215,000,000","206,000,000","227,000,000","151,000,000","253,000,000","222,000,000","234,000,000","146,000,000","276,000,000","202,000,000","19,000,000","121,000,000","239,000,000","177,000,000","162,000,000","74,000,000","151,000,000","63,000,000","154,000,000","-9,000,000","152,000,000","128,000,000","-322,000,000","62,000,000","-356,000,000","108,000,000","115,000,000","57,000,000","128,300,000","99,400,000","105,600,000","21,700,000","112,000,000","94,000,000","128,000,000","82,000,000","112,000,000","120,000,000","-340,000,000","65,000,000","127,000,000","104,000,000","114,000,000","85,000,000","132,000,000","77,000,000","124,000,000","85,000,000","-450,000,000","110,000,000"
	NetIncome,"3,781,000,000","934,000,000","968,000,000","1,173,000,000","706,000,000","760,000,000","736,000,000","499,000,000","770,000,000","771,000,000","856,000,000","870,000,000","834,000,000","843,000,000","894,000,000","877,000,000","695,000,000","4,140,000,000","459,000,000","510,000,000","362,000,000","458,000,000","455,000,000","445,000,000","356,000,000","466,000,000","507,000,000","553,000,000","442,000,000","491,000,000","509,000,000","529,000,000","398,000,000","407,000,000","463,000,000","535,000,000","459,000,000","443,000,000","455,000,000","512,000,000","449,000,000","457,000,000","464,000,000","506,000,000","395,000,000","430,000,000","414,000,000","414,000,000","306,000,000","305,000,000","293,000,000","308,000,000","246,000,000","247,000,000","382,000,000","385,000,000","351,000,000","365,000,000","407,000,000","324,000,000","240,000,000","347,000,000","328,000,000","390,000,000","245,000,000","237,000,000","164,000,000","165,000,000","579,000,000","67,000,000","123,000,000","119,000,000","30,000,000","123,000,000","-103,000,000","127,000,000","99,000,000","137,000,000","127,000,000","135,000,000","25,000,000","65,000,000","100,000,000","108,000,000","20,000,000","54,000,000","427,000,000","55,000,000","29,000,000","-25,000,000","-113,000,000","114,000,000","26,000,000","108,000,000","187,000,000","151,000,000","91,000,000","215,000,000","206,000,000","227,000,000","151,000,000","253,000,000","222,000,000","234,000,000","146,000,000","276,000,000","202,000,000","19,000,000","121,000,000","239,000,000","177,000,000","162,000,000","74,000,000","151,000,000","63,000,000","154,000,000","-9,000,000","152,000,000","128,000,000","-322,000,000","62,000,000","-356,000,000","108,000,000","115,000,000","57,000,000","129,000,000","101,000,000","109,000,000","25,000,000","125,000,000","94,000,000","128,000,000","82,000,000","122,000,000","120,000,000","-340,000,000","65,000,000","129,000,000","104,000,000","114,000,000","85,000,000","132,000,000","77,000,000","124,000,000","85,000,000","-450,000,000","110,000,000"
		NetIncomeIncludingNoncontrollingInterests,"3,781,000,000","934,000,000","968,000,000","1,173,000,000","706,000,000","760,000,000","736,000,000","499,000,000","770,000,000","771,000,000","856,000,000","870,000,000","834,000,000","843,000,000","894,000,000","877,000,000","695,000,000","4,140,000,000","459,000,000","510,000,000","362,000,000","458,000,000","455,000,000","445,000,000","356,000,000","466,000,000","507,000,000","553,000,000","442,000,000","491,000,000","509,000,000","529,000,000","398,000,000","407,000,000","463,000,000","535,000,000","459,000,000","443,000,000","455,000,000","512,000,000","449,000,000","457,000,000","464,000,000","506,000,000","395,000,000","430,000,000","414,000,000","414,000,000","306,000,000","305,000,000","293,000,000","308,000,000","246,000,000","247,000,000","382,000,000","385,000,000","351,000,000","365,000,000","407,000,000","319,000,000","240,000,000","342,000,000","323,000,000","384,000,000","240,000,000","232,000,000","160,000,000","158,000,000","576,000,000","51,000,000","123,000,000","119,000,000","21,000,000","123,000,000","-103,000,000","118,000,000","93,000,000","126,000,000","114,000,000","125,000,000","18,000,000","53,000,000","91,000,000","98,000,000","12,000,000","43,000,000","416,000,000","43,000,000","21,000,000","4,000,000","-123,000,000","104,000,000","17,000,000","98,000,000","176,000,000","144,000,000","84,000,000","205,000,000","195,000,000","217,000,000","141,000,000","240,000,000","211,000,000","224,000,000","138,000,000","263,000,000","194,000,000","13,000,000","116,000,000","231,000,000","172,000,000","158,000,000","70,000,000","151,000,000","63,000,000","154,000,000","-9,000,000","152,000,000","128,000,000","-322,000,000","62,000,000","-356,000,000","108,000,000","115,000,000","57,000,000","129,000,000","101,000,000","109,000,000","25,000,000","125,000,000","94,000,000","128,000,000","82,000,000","122,000,000","120,000,000","-340,000,000","65,000,000","129,000,000","104,000,000","114,000,000","85,000,000","132,000,000","77,000,000","124,000,000","85,000,000","-450,000,000","110,000,000"
			NetIncomeContinuousOperations,"3,781,000,000","934,000,000","968,000,000","1,173,000,000","706,000,000","760,000,000","736,000,000","499,000,000","770,000,000","771,000,000","856,000,000","870,000,000","834,000,000","843,000,000","894,000,000","877,000,000","695,000,000","4,140,000,000","459,000,000","510,000,000","362,000,000","458,000,000","455,000,000","445,000,000","356,000,000","466,000,000","507,000,000","553,000,000","442,000,000","491,000,000","509,000,000","529,000,000","398,000,000","407,000,000","463,000,000","535,000,000","459,000,000","443,000,000","455,000,000","512,000,000","449,000,000","457,000,000","464,000,000","506,000,000","395,000,000","430,000,000","414,000,000","414,000,000","306,000,000","305,000,000","293,000,000","285,000,000","246,000,000","247,000,000","382,000,000","385,000,000","351,000,000","365,000,000","297,000,000","324,000,000","240,000,000","347,000,000","328,000,000","390,000,000","245,000,000","237,000,000","164,000,000","165,000,000","154,000,000","146,000,000","123,000,000","119,000,000","30,000,000","123,000,000","-103,000,000","127,000,000","42,000,000","137,000,000","127,000,000","135,000,000","68,000,000","65,000,000","100,000,000","108,000,000","20,000,000","54,000,000","59,000,000","55,000,000","29,000,000","-25,000,000","-113,000,000","114,000,000","75,000,000","108,000,000","187,000,000","151,000,000","91,000,000","215,000,000","206,000,000","227,000,000","151,000,000","253,000,000","222,000,000","234,000,000","146,000,000","276,000,000","202,000,000","19,000,000","121,000,000","239,000,000","177,000,000","162,000,000","74,000,000","151,000,000","63,000,000","154,000,000","-9,000,000","152,000,000","128,000,000","-322,000,000","62,000,000","-356,000,000","108,000,000","115,000,000","57,000,000","129,000,000","101,000,000","109,000,000","26,000,000","126,000,000","94,000,000","130,000,000","77,000,000","126,000,000","114,000,000","-324,000,000","46,000,000","129,000,000","104,000,000","114,000,000","85,000,000","132,000,000","77,000,000","124,000,000","85,000,000","-450,000,000","110,000,000"
			NetIncomeDiscontinuousOperations,,,,,,,,,,,,,,,,,,,,,,,,,,,,,,,,,,,,,,,,,,,,,,"0","0","0","0","0","0","23,000,000",,"0","0",,,"0","110,000,000",,,"0","0","0","0","0","0","0","425,000,000",,,,,,,,,,,,,"0","0","0","0","0","368,000,000",,,,,,,,,,,,,,,,,,,,,,,,,,,,,,,,,,,,,,,"0",,,"-1,000,000","-1,000,000",,"-2,000,000","5,000,000","-4,000,000","6,000,000","-16,000,000","19,000,000",,,,,,,,,,
			NetIncomeExtraordinary,,,,,,,,,,,,,,,,,,,,,,,,,,,,,,,,,,,,,,,,,,,,,,,,,,,,,,,,,,,,,,,,,,,,,,"0","0","0","0","0","0","0","57,000,000","0","0","0","-43,000,000",,,,,"0","0","0","0","0",,,"-49,000,000",,,,,,,,,,,,,,,,,,,,,,,,,,,,,,,,,,,,,,,,,,,,,,,,,,,,,,
			NetIncomeFromTaxLossCarryforward,,,,,,,,,,,,,,,,,,,,,,,,,,,,,,,,,,,,,,,,,,,,,,,,,,,,,,,,,,,,,,,,,,,,,,,,,,,,,,,,,,,,,,"0","365,000,000",,,,,,,,,,,,,,,,,,,,,,,,,,,,,,,,,,,,,,,,,,,,,,,,,,,,,,,,,,,,
		MinorityInterests,,,,,,,,,,,,,,,,,,,,,,,,,,,,,,,,,,,,,,,,,,,,,,,,,,,,,,,,,,,,"5,000,000",,"5,000,000","5,000,000","6,000,000","5,000,000","5,000,000","4,000,000","7,000,000","3,000,000",,,,"9,000,000",,,"9,000,000","6,000,000","11,000,000","13,000,000","10,000,000","7,000,000","12,000,000","9,000,000","10,000,000","8,000,000","11,000,000","11,000,000","12,000,000","8,000,000",,"10,000,000","10,000,000","9,000,000","10,000,000","11,000,000","7,000,000","7,000,000","10,000,000","11,000,000","10,000,000","10,000,000","13,000,000","11,000,000","10,000,000","8,000,000","13,000,000","8,000,000","6,000,000","5,000,000","8,000,000","5,000,000","4,000,000","4,000,000",,,,,,,,,,,,,,,,,,,,,,,,,,,,,,,,,,
	PreferredStockDividends,,,,,,,,,,,,,,,,,,,,,,,,,,,,,,,,,,,,,,,,,,,,,,,,,,,,,,,,,,,,,,,,,,,,,,,,,,,,,,,,,,,,,,,,,,,,,,,,,,,,,,,,,,,,,,,,,,,,,,,,,,,,,,"700,000","1,600,000","3,400,000","3,300,000",,,,,,,,,,,,,,,,,,
	OtherunderPreferredStockDividend,,,,,,,,,,,,,,"1,000,000","0",,,"0","0","0",,"0","0","0",,"0","0",,,"0","0",,,,,,,,,,,,,,,,,,,,,,,,,,,,,,,,,,,,,,,,,,,,,,,,,,,,,,,,,,,,,,,,,,,,,,,,,,,,,,,,,,,,,,,,,,,,,,,,,,,,,,,,,,,,,,,,,,,,
DilutedNIAvailtoComStockholders,"3,781,000,000","934,000,000","968,000,000","1,173,000,000","706,000,000","760,000,000","736,000,000","499,000,000","770,000,000","771,000,000","856,000,000","870,000,000","834,000,000","842,000,000","894,000,000","877,000,000","695,000,000","4,140,000,000","459,000,000","510,000,000","362,000,000","458,000,000","455,000,000","445,000,000","356,000,000","466,000,000","507,000,000","553,000,000","442,000,000","491,000,000","509,000,000","529,000,000","398,000,000","408,000,000","463,000,000","535,000,000","459,000,000","444,000,000","455,000,000","512,000,000","449,000,000","457,000,000","464,000,000","506,000,000","395,000,000","430,000,000","414,000,000","414,000,000","306,000,000","305,000,000","293,000,000","308,000,000","246,000,000","247,000,000","382,000,000","385,000,000","351,000,000","365,000,000","407,000,000","324,000,000","240,000,000","347,000,000","328,000,000","390,000,000","245,000,000","237,000,000","164,000,000","165,000,000","579,000,000","67,000,000","123,000,000","119,000,000","30,000,000","123,000,000","-103,000,000","127,000,000","99,000,000","137,000,000","127,000,000","135,000,000","25,000,000","65,000,000","100,000,000","108,000,000","20,000,000","54,000,000","427,000,000","55,000,000","29,000,000","-25,000,000","-113,000,000","114,000,000","26,000,000","108,000,000","187,000,000","151,000,000","91,000,000","215,000,000","206,000,000","227,000,000","151,000,000","253,000,000","222,000,000","234,000,000","146,000,000","276,000,000","202,000,000","19,000,000","121,000,000","239,000,000","177,000,000","162,000,000","74,000,000","151,000,000","63,000,000","154,000,000","-9,000,000","152,000,000","128,000,000","-322,000,000","62,000,000","-356,000,000","108,000,000","115,000,000","57,000,000","128,300,000","99,400,000","105,600,000","21,700,000","112,000,000","94,000,000","128,000,000","82,000,000","112,000,000","120,000,000","-340,000,000","65,000,000","127,000,000","104,000,000","114,000,000","85,000,000","132,000,000","77,000,000","124,000,000","85,000,000","-450,000,000","110,000,000"
BasicEPS,,"0.424","0.436","0.52","0.311","0.332","0.321","0.217","0.335","0.332","0.365","0.363","0.344","0.344","0.353","0.34","0.265","1.551","0.171","0.186","0.131","0.165","0.162","0.157","0.124","0.161","0.173","0.187","0.149","0.165","0.17","0.177","0.132","0.141","0.152","0.175","0.15","0.145","0.147","0.164","0.144",,"0.147","0.153","0.119",,"0.123","0.119","0.087",,"0.083","0.087","0.07",,"0.106","0.106","0.097",,"0.104","0.082","0.061",,"0.083","0.098","0.062",,"0.042","0.042","0.149",,"0.032","0.031","0.008",,"-0.027","0.033","0.026",,"0.033","0.035","0.007",,"0.026","0.028","0.006",,"0.112","0.014","0.008",,"-0.03","0.03","0.007",,"0.049","0.038","0.023",,"0.053","0.058","0.039",,"0.058","0.062","0.038",,"0.053","0.005","0.032",,"0.047","0.043","0.02",,"0.017","0.041","-0.003",,"0.035","-0.087","0.017",,"0.03","0.032","0.016",,"0.028","0.03","0.006",,"0.026","0.034","0.021",,"0.021","-0.062","0.011",,"0.019","0.021","0.016",,"0.014","0.023","0.016",,"0.021"
DilutedEPS,,"0.42","0.43","0.52","0.31","0.33","0.32","0.217","0.333","0.33","0.36","0.36","0.34","0.337","0.35","0.337","0.26","1.54","0.17","0.183","0.13","0.163","0.16","0.157","0.123","0.16","0.173","0.187","0.149","0.163","0.17","0.177","0.132","0.14","0.152","0.173","0.15","0.143","0.147","0.163","0.143",,"0.143","0.153","0.118",,"0.12","0.119","0.087",,"0.082","0.087","0.069",,"0.104","0.103","0.094",,"0.101","0.079","0.058",,"0.079","0.092","0.059",,"0.04","0.041","0.142",,"0.032","0.031","0.008",,"-0.027","0.033","0.026",,"0.033","0.035","0.007",,"0.026","0.028","0.006",,"0.112","0.014","0.008",,"-0.03","0.029","0.007",,"0.049","0.038","0.023",,"0.052","0.057","0.038",,"0.057","0.061","0.038",,"0.053","0.005","0.032",,"0.047","0.043","0.02",,"0.017","0.041","-0.003",,"0.035","-0.087","0.017",,"0.03","0.032","0.016",,"0.028","0.03","0.006",,"0.026","0.034","0.021",,"0.021","-0.062","0.011",,"0.019","0.021","0.016",,"0.014","0.023","0.016",,"0.021"
BasicAverageShares,,"2,202,000,000","2,217,983,411","2,254,495,910","2,272,200,648","2,289,000,000","2,294,324,874","2,295,157,647","2,296,397,682","2,319,000,000","2,347,009,638","2,394,527,424","2,427,490,998","2,454,000,000","2,533,261,083","2,576,431,671","2,626,060,638","2,670,000,000","2,681,169,249","2,739,939,030","2,768,061,432","2,784,000,000","2,809,983,336","2,837,972,835","2,867,601,246","2,898,000,000","2,924,834,373","2,951,211,738","2,963,944,224","2,976,000,000","2,986,191,909","3,009,000,000","3,013,087,767","3,027,000,000","3,041,023,083","3,056,511,939","3,065,881,890","3,060,000,000","3,114,000,000","3,119,966,010","3,117,474,186",,"3,149,859,060","3,285,844,518","3,308,294,079",,"3,367,661,589","3,477,519,000","3,503,033,685",,"3,524,346,000","3,520,440,000","3,520,440,000",,"3,619,521,000","3,655,260,000","3,638,520,000",,"3,892,761,000","3,947,652,000","3,938,733,000",,"3,960,792,000","3,994,344,000","3,954,258,000",,"3,900,690,000","3,895,524,000","3,876,408,000",,"3,866,778,000","3,865,212,000","3,864,060,000",,"3,851,190,000","3,849,282,000","3,849,588,000",,"3,834,738,000","3,825,990,000","3,816,954,000",,"3,813,678,000","3,810,366,000","3,803,382,000",,"3,796,812,000","3,798,288,000","3,801,456,000",,"3,794,220,000","3,789,306,000","3,782,232,000",,"3,794,580,000","3,943,296,000","3,935,898,000",,"3,924,270,000","3,918,312,000","3,910,086,000",,"3,871,080,000","3,810,204,000","3,797,352,000",,"3,787,272,000","3,785,904,000","3,777,948,000",,"3,770,316,000","3,769,344,000","3,760,272,000",,"3,658,064,516","3,745,945,946","3,240,000,000",,"3,657,142,857","3,691,719,745","3,720,000,000",,"3,600,000,000","3,568,965,517","3,537,931,034",,"3,508,235,294","3,520,000,000","3,550,909,091",,"3,678,260,870","3,777,049,180","3,989,189,189",,"5,684,210,526","5,513,513,514","5,850,000,000",,"5,505,882,353","5,545,945,946","5,464,285,714",,"5,544,000,000","5,443,902,439","5,464,285,714",,"5,351,351,351"
DilutedAverageShares,,"2,217,000,000","2,242,000,000","2,275,000,000","2,286,000,000","2,298,000,000","2,301,000,000","2,301,000,000","2,319,000,000","2,334,000,000","2,376,000,000","2,421,000,000","2,451,000,000","2,499,000,000","2,562,000,000","2,604,000,000","2,664,000,000","2,688,000,000","2,718,000,000","2,772,000,000","2,787,000,000","2,805,000,000","2,829,000,000","2,856,000,000","2,889,000,000","2,919,000,000","2,946,000,000","2,967,000,000","2,976,000,000","2,985,000,000","2,997,000,000","3,009,000,000","3,024,000,000","3,039,000,000","3,054,000,000","3,069,000,000","3,069,000,000","3,084,000,000","3,120,000,000","3,129,000,000","3,147,000,000",,"3,231,000,000","3,327,000,000","3,344,274,000",,"3,436,515,000","3,477,519,000","3,548,907,000",,"3,566,997,000","3,558,330,000","3,546,909,000",,"3,676,212,000","3,735,810,000","3,736,665,000",,"4,009,932,000","4,130,307,000","4,168,584,000",,"4,190,769,000","4,231,854,000","4,179,276,000",,"4,111,614,000","4,094,154,000","4,072,428,000",,"3,874,536,000","3,872,682,000","3,872,736,000",,"3,851,190,000","3,857,346,000","3,854,952,000",,"3,845,394,000","3,843,738,000","3,837,420,000",,"3,826,422,000","3,824,352,000","3,814,146,000",,"3,802,572,000","3,801,798,000","3,816,270,000",,"3,794,220,000","3,836,826,000","3,809,844,000",,"3,833,262,000","3,988,440,000","3,989,016,000",,"3,924,270,000","3,918,312,000","3,910,086,000",,"3,871,080,000","3,810,204,000","3,797,352,000",,"3,787,272,000","3,785,904,000","3,777,948,000",,"3,770,316,000","3,769,344,000","3,760,272,000",,"3,658,064,516","3,745,945,946","3,240,000,000",,"3,657,142,857","3,691,719,745","3,720,000,000",,"3,600,000,000","3,568,965,517","3,537,931,034",,"3,508,235,294","3,520,000,000","3,550,909,091",,"3,678,260,870","3,777,049,180","3,989,189,189",,"5,684,210,526","5,513,513,514","5,850,000,000",,"5,505,882,353","5,545,945,946","5,464,285,714",,"5,544,000,000","5,443,902,439","5,464,285,714",,"5,351,351,351"
TotalOperatingIncomeAsReported,"5,594,000,000","1,366,000,000","1,436,000,000","1,691,000,000","1,101,000,000","1,215,000,000","1,141,000,000","828,000,000","1,178,000,000","1,154,000,000","1,287,000,000","1,305,000,000","1,219,000,000","1,249,000,000","1,293,000,000","1,283,000,000","1,044,000,000","1,121,000,000","876,000,000","958,000,000","712,000,000","1,004,000,000","841,000,000","840,000,000","704,000,000","791,000,000","933,000,000","1,017,000,000","843,000,000","901,000,000","976,000,000","997,000,000","739,000,000","781,000,000","854,000,000","963,000,000","875,000,000","804,000,000","854,000,000","943,000,000","856,000,000","841,000,000","878,000,000","926,000,000","773,000,000","846,000,000","825,000,000","768,000,000","634,000,000","583,000,000","598,000,000","582,000,000","522,000,000","692,000,000","733,000,000","717,000,000","626,000,000","609,000,000","555,000,000","604,000,000","488,000,000","507,000,000","489,000,000","646,000,000","496,000,000","412,000,000","353,000,000","431,000,000","354,000,000","284,000,000","264,000,000","291,000,000","161,000,000","262,000,000","-98,000,000","285,000,000","177,000,000","318,000,000","276,000,000","321,000,000","212,000,000","221,000,000","282,000,000","265,000,000","189,000,000","218,000,000","224,000,000","201,000,000","180,000,000",,,,,,,,,,,,,,,,,,,,,,,,,,,,,,,,,,,,,,,,,,,,,,,,,,,,,,,,,,
RentExpenseSupplemental,"364,000,000","95,000,000","94,000,000","87,000,000","88,000,000","91,000,000","88,000,000","78,000,000","81,000,000","101,000,000","104,000,000","103,000,000","100,000,000","93,000,000","89,000,000","112,000,000","101,000,000","147,000,000","97,000,000","95,000,000","90,000,000","123,000,000","105,000,000","105,000,000","105,000,000","108,000,000","114,000,000","101,000,000","113,000,000","107,000,000","106,000,000","114,000,000","101,000,000","95,000,000","94,000,000","96,000,000","95,000,000","97,000,000","96,000,000","102,000,000","97,000,000","92,000,000","95,000,000","95,000,000","97,000,000","95,000,000","90,000,000","89,000,000","100,000,000","88,000,000","92,000,000","98,000,000","113,000,000","96,000,000","106,000,000",,"111,000,000",,,"-167,000,000",,"-136,000,000","-153,000,000","-152,000,000","-198,000,000","-144,000,000","-133,000,000","-146,000,000","-152,000,000","-577,000,000","-63,000,000","-224,000,000","-135,000,000","339,000,000","-232,000,000","-130,000,000","-146,000,000","-138,000,000","-161,000,000","-154,000,000","-152,000,000","-149,000,000","-155,000,000","-159,000,000","-155,000,000","-165,000,000","-169,000,000","-195,000,000","-200,000,000",,"-312,000,000","-279,000,000","-307,000,000","-295,000,000","-274,000,000","-280,000,000","-271,000,000","-277,000,000","-275,000,000","-275,000,000","-284,000,000","-285,000,000","-282,000,000","-287,000,000","-294,000,000","-309,000,000","-288,000,000","-284,000,000","-287,000,000","-273,000,000","-292,000,000","-291,000,000","-280,000,000",,,,,,,,,,,,,,,,,,,,,,,,,,,,,,,,,,
TotalExpenses,"7,382,000,000","2,085,000,000","1,916,000,000","1,666,000,000","1,712,000,000","1,610,000,000","1,507,000,000","1,427,000,000","1,677,000,000","1,755,000,000","1,718,000,000","1,777,000,000","1,813,000,000","1,911,000,000","1,860,000,000","1,849,000,000","1,857,000,000","1,932,000,000","1,866,000,000","1,853,000,000","1,984,000,000","2,033,000,000","1,869,000,000","1,864,000,000","1,914,000,000","1,990,000,000","2,006,000,000","2,047,000,000","2,184,000,000","2,291,000,000","2,245,000,000","2,247,000,000","2,273,000,000","2,219,000,000","2,145,000,000","2,106,000,000","2,083,000,000","2,080,000,000","2,040,000,000","2,069,000,000","2,110,000,000","2,110,000,000","2,085,000,000","2,093,000,000","2,037,000,000","1,222,000,000","1,841,000,000","1,717,000,000","1,657,000,000","1,561,000,000","1,507,000,000","1,407,000,000","1,499,000,000","1,790,000,000","2,016,000,000","2,190,000,000","2,089,000,000","1,066,000,000","1,946,000,000","3,221,000,000","1,934,000,000","3,556,000,000","3,198,000,000","2,794,000,000","3,135,000,000","3,035,000,000","2,876,000,000","2,658,000,000","2,903,000,000","3,797,000,000","2,687,000,000","3,054,000,000","2,892,000,000","965,000,000","3,832,000,000","2,737,000,000","3,074,000,000","2,860,000,000","2,997,000,000","2,939,000,000","2,923,000,000","2,871,000,000","2,919,000,000","3,006,000,000","3,098,000,000","3,143,000,000","3,122,000,000","3,463,000,000","3,415,000,000","2,354,000,000","4,042,000,000","3,758,000,000","3,757,000,000","5,388,000,000","3,631,000,000","3,793,000,000","3,721,000,000","5,415,000,000","3,703,000,000","3,672,000,000","3,662,000,000","5,450,000,000","3,727,000,000","3,722,000,000","3,682,000,000","5,548,000,000","3,766,000,000","3,707,000,000","3,601,000,000","4,927,000,000","3,494,000,000","3,412,000,000","3,335,000,000","1,995,000,000","1,986,000,000","1,986,000,000","2,060,000,000","1,953,000,000","1,952,000,000","2,634,000,000","1,929,000,000","2,769,000,000","1,964,000,000","1,919,000,000","1,885,000,000","1,944,000,000","1,827,000,000","1,826,000,000","1,793,000,000","1,759,000,000","1,717,000,000","1,744,000,000",,,,,,,,,,,,,,,
NetIncomeFromContinuingAndDiscontinuedOperation,"3,781,000,000","934,000,000","968,000,000","1,173,000,000","706,000,000","760,000,000","736,000,000","499,000,000","770,000,000","771,000,000","856,000,000","870,000,000","834,000,000","843,000,000","894,000,000","877,000,000","695,000,000","4,140,000,000","459,000,000","510,000,000","362,000,000","458,000,000","455,000,000","445,000,000","356,000,000","466,000,000","507,000,000","553,000,000","442,000,000","491,000,000","509,000,000","529,000,000","398,000,000","407,000,000","463,000,000","535,000,000","459,000,000","443,000,000","455,000,000","512,000,000","449,000,000","457,000,000","464,000,000","506,000,000","395,000,000","430,000,000","414,000,000","414,000,000","306,000,000","305,000,000","293,000,000","308,000,000","246,000,000","247,000,000","382,000,000","385,000,000","351,000,000","365,000,000","407,000,000","324,000,000","240,000,000","347,000,000","328,000,000","390,000,000","245,000,000","237,000,000","164,000,000","165,000,000","579,000,000","67,000,000","123,000,000","119,000,000","30,000,000","123,000,000","-103,000,000","127,000,000","42,000,000","137,000,000","127,000,000","135,000,000","68,000,000","65,000,000","100,000,000","108,000,000","20,000,000","54,000,000","62,000,000","55,000,000","29,000,000","-25,000,000","-113,000,000","114,000,000","75,000,000","108,000,000","187,000,000","151,000,000","91,000,000","215,000,000","206,000,000","227,000,000","151,000,000","253,000,000","222,000,000","234,000,000","146,000,000","276,000,000","202,000,000","19,000,000","121,000,000","239,000,000","177,000,000","162,000,000","74,000,000","151,000,000","63,000,000","154,000,000","-9,000,000","152,000,000","128,000,000","-322,000,000","62,000,000","-356,000,000","108,000,000","115,000,000","57,000,000","129,000,000","101,000,000","109,000,000","25,000,000","125,000,000","94,000,000","128,000,000","82,000,000","122,000,000","120,000,000","-340,000,000","65,000,000","129,000,000","104,000,000","114,000,000","85,000,000","132,000,000","77,000,000","124,000,000","85,000,000","-450,000,000","110,000,000"
NormalizedIncome,"3,434,144,000","915,397,510.373","922,589,523.065","891,633,333.333","706,000,000","760,000,000","736,000,000","499,000,000","770,000,000","771,000,000","856,000,000","870,000,000","834,000,000","843,000,000","894,000,000","877,000,000","695,000,000","4,157,400,000","459,612,000","585,235,792.019","469,604,810.997","458,000,000","455,000,000","445,000,000","356,000,000","466,000,000","507,000,000","553,000,000","442,000,000","491,000,000","509,000,000","529,000,000","398,000,000","407,000,000","463,000,000","535,000,000","459,000,000","399,193,593.315","452,475,728.155","509,468,479.604","447,745,810.056","451,223,314.607","460,890,080.429","506,638,888.889","392,523,510.972","428,773,181.17","409,450,000","409,485,981.308","299,308,151.093","302,347,826.087","289,211,206.897","278,708,609.272","251,951,612.903","381,434,895.833","376,990,163.934","381,084,745.763","315,400,355.872","316,333,333.333","286,257,446.809","317,066,147.86","246,984,126.984","177,191,489.362","308,335,731.415","382,325,581.395","246,860,759.494","173,800,000","157,166,666.667","377,400,000","5,176,470.588","-463,083,700.441","108,213,114.754","127,407,608.696","78,139,534.884","119,620,879.121","-115,600,000","114,874,371.859","48,562,500","137,000,000","108,857,142.857","132,416,267.943","62,280,373.832","101,855,670.103","99,363,057.325","86,011,976.048","-2,962,962.963","58,666,666.667","-308,034,482.759","40,459,770.115","32,536,585.366","-71,341,463.415","137,200,000","129,423,529.412","102,777,777.778","-18,000,000","76,618,055.556","159,427,906.977","117,806,201.55","208,064,516.129","178,533,333.333","220,323,529.412","156,832,618.026","234,789,203.085","215,527,696.793","220,350,000","149,910,714.286","210,041,763.341","204,517,133.956","222,680,000","130,827,411.168","200,707,182.32","185,367,272.727","158,127,490.04","79,644,067.797","158,776,824.034","62,400,000","134,171,673.82","-8,250,000","155,518,518.519","127,333,333.333","-323,901,574.803","59,333,333.333","-371,734,806.63","112,050,000","79,375,000","44,406,976.744","113,576,086.957","103,006,622.517","97,345,911.95","22,976,744.186","128,680,851.064","55,600,000","86,800,000","77,000,000","126,000,000","114,000,000","-324,000,000","46,000,000","129,000,000","104,000,000","114,000,000","85,000,000","132,000,000","77,000,000","124,000,000","85,000,000","-450,000,000","110,000,000"
InterestIncome,"7,000,000",,,,,,,,,,,,,,,,,,,,,,,,,,,,,,,,,"2,000,000",,,,"1,000,000","1,000,000","1,000,000","2,000,000","2,000,000","1,000,000","1,000,000","1,000,000","2,000,000","1,000,000","2,000,000",,,,,,,,,,,,,,,,,,,,,,,,,,,,,,,,,,,,,,,,,,,,,,,,,,,,,,,,,,,,,,,,,,,,,,,,,,,,,,,,,,,,,,,,,,,,,,,,,,,
InterestExpense,"722,000,000","180,000,000","177,000,000","181,000,000","184,000,000","189,000,000","187,000,000","191,000,000","187,000,000","189,000,000","186,000,000","184,000,000","178,000,000","171,000,000","162,000,000","157,000,000","149,000,000","140,000,000","132,000,000","137,000,000","137,000,000","156,000,000","139,000,000","141,000,000","143,000,000","140,000,000","136,000,000","134,000,000","134,000,000","133,000,000","137,000,000","135,000,000","140,000,000","139,000,000","136,000,000","140,000,000","147,000,000","145,000,000","138,000,000","139,000,000","144,000,000","140,000,000","138,000,000","134,000,000","140,000,000","149,000,000","131,000,000","135,000,000","142,000,000","138,000,000","140,000,000","139,000,000","141,000,000","136,000,000","131,000,000","133,000,000","119,000,000",,,,,,,,,,,,,,,,,,,,,,,,,,,,,,,,,,,,,,,,,,,,,,,,,,,,,,,,,,,,,,,,,,,,,,,,,,,,,,,,,,,,,,,,,,
NetInterestIncome,"-715,000,000","-173,000,000","-177,000,000","-181,000,000","-184,000,000","-172,000,000","-187,000,000","-191,000,000","-187,000,000","-141,000,000","-186,000,000","-184,000,000","-178,000,000","-139,000,000","-162,000,000","-157,000,000","-149,000,000","-127,000,000","-132,000,000","-137,000,000","-137,000,000","-146,000,000","-139,000,000","-141,000,000","-143,000,000","-134,000,000","-136,000,000","-134,000,000","-134,000,000","-128,000,000","-137,000,000","-135,000,000","-140,000,000","-131,000,000","-136,000,000","-140,000,000","-147,000,000","-144,000,000","-137,000,000","-138,000,000","-142,000,000","-138,000,000","-137,000,000","-133,000,000","-139,000,000","-147,000,000","-130,000,000","-133,000,000","-142,000,000","-127,000,000","-140,000,000","-139,000,000","-141,000,000","-99,000,000","-131,000,000","-133,000,000","-119,000,000",,,,,,,,,,,,,,,,,,,,,,,,,,,,,,,,,,,,,,,,,,,,,,,,,,,,,,,,,,,,,,,,,,,,,,,,,,,,,,,,,,,,,,,,,,
EBIT,"5,673,000,000","1,385,000,000","1,456,000,000","1,711,000,000","1,121,000,000","1,183,000,000","1,155,000,000","843,000,000","1,200,000,000","1,170,000,000","1,311,000,000","1,330,000,000","1,242,000,000","1,269,000,000","1,312,000,000","1,301,000,000","1,061,000,000","1,123,000,000","882,000,000","964,000,000","719,000,000","907,000,000","854,000,000","848,000,000","711,000,000","881,000,000","935,000,000","1,021,000,000","845,000,000","908,000,000","950,000,000","985,000,000","746,000,000","781,000,000","859,000,000","972,000,000","872,000,000","863,000,000","859,000,000","948,000,000","860,000,000","852,000,000","884,000,000","926,000,000","778,000,000","850,000,000","833,000,000","777,000,000","645,000,000","598,000,000","604,000,000","592,000,000","513,000,000","520,000,000","741,000,000","723,000,000","681,000,000","702,000,000","555,000,000","-691,000,000","488,000,000","-1,160,000,000","-780,000,000","-373,000,000","-804,000,000","-816,000,000","-751,000,000","-492,000,000","-795,000,000","-1,753,000,000","-707,000,000","-1,021,000,000","-929,000,000","988,000,000","-1,950,000,000","-795,000,000","-1,058,000,000","-800,000,000","-942,000,000","-866,000,000","-959,000,000","-862,000,000","-900,000,000","-949,000,000","-1,073,000,000","-1,096,000,000","-1,083,000,000","-1,273,000,000","-1,268,000,000","394,000,000","-1,136,000,000","-1,142,000,000","-1,216,000,000","-2,877,000,000","-1,199,000,000","-1,151,000,000","-1,141,000,000","-2,688,000,000","-1,054,000,000","-994,000,000","-1,095,000,000","-2,747,000,000","-1,080,000,000","-1,050,000,000","-1,146,000,000","-2,777,000,000","-1,101,000,000","-1,107,000,000","-1,133,000,000","-2,387,000,000","-1,024,000,000","-1,041,000,000","-1,108,000,000","320,000,000","252,000,000","278,000,000","63,000,000","292,000,000","262,000,000","-445,000,000","157,000,000","-493,000,000","241,000,000","206,000,000","145,000,000","243,000,000","236,000,000","221,000,000","115,000,000","275,000,000","176,000,000","230,000,000","1,844,000,000","-4,635,000,000","1,894,000,000","1,907,000,000","1,743,000,000","-5,017,000,000","2,009,000,000","2,010,000,000","1,893,000,000","-3,728,000,000","1,461,000,000","1,607,000,000","1,697,000,000","-4,657,000,000","1,718,000,000"
EBITDA,"7,093,000,000"
ReconciledCostOfRevenue,"7,382,000,000","2,085,000,000","1,916,000,000","1,666,000,000","1,712,000,000","1,610,000,000","1,507,000,000","1,427,000,000","1,677,000,000","1,755,000,000","1,718,000,000","1,777,000,000","1,813,000,000","1,911,000,000","1,860,000,000","1,849,000,000","1,857,000,000","1,932,000,000","1,866,000,000","1,853,000,000","1,984,000,000","2,033,000,000","1,869,000,000","1,864,000,000","1,914,000,000","1,990,000,000","2,006,000,000","2,047,000,000","2,184,000,000","2,291,000,000","2,245,000,000","2,247,000,000","2,273,000,000","2,219,000,000","2,145,000,000","2,106,000,000","2,083,000,000","5,136,000,000","1,018,000,000","1,062,000,000","1,083,000,000","1,095,000,000","1,069,000,000","1,083,000,000","1,029,000,000","189,000,000","878,000,000","767,000,000","699,000,000","672,000,000","629,000,000","523,000,000","613,000,000","835,000,000","1,032,000,000","509,000,000","1,119,000,000",,,"1,127,000,000",,"1,219,000,000","1,127,000,000","991,000,000","1,101,000,000","1,042,000,000","976,000,000","965,000,000","997,000,000","1,438,000,000","909,000,000","1,100,000,000","1,014,000,000","-133,000,000","1,386,000,000","948,000,000","1,089,000,000","980,000,000","1,055,000,000","1,031,000,000","1,019,000,000","994,000,000","1,024,000,000","1,053,000,000","1,107,000,000","1,149,000,000","1,123,000,000","1,271,000,000","1,248,000,000","-693,000,000","1,998,000,000","1,881,000,000","1,912,000,000","680,000,000","1,814,000,000","1,938,000,000","1,877,000,000","659,000,000","1,881,000,000","1,875,000,000","1,888,000,000","713,000,000","1,898,000,000","1,905,000,000","1,879,000,000","785,000,000","1,898,000,000","1,876,000,000","1,820,000,000","484,000,000","1,770,000,000","1,734,000,000","1,681,000,000","2,138,000,000","2,129,000,000","2,129,000,000","2,203,000,000","2,080,000,000","2,088,000,000","2,767,000,000","2,060,000,000","2,902,000,000","2,090,000,000","2,035,000,000","2,011,000,000","2,070,000,000","1,940,000,000","1,943,000,000","1,910,000,000","1,859,000,000","1,830,000,000","1,627,000,000",,,,,,,,,,,,,,,
ReconciledDepreciation,"1,420,000,000","360,000,000","367,000,000","348,000,000","345,000,000","347,000,000","348,000,000","344,000,000","344,000,000","344,000,000","338,000,000","337,000,000","330,000,000","345,000,000","334,000,000","329,000,000","323,000,000","337,000,000","331,000,000","327,000,000","320,000,000","348,000,000","321,000,000","319,000,000","313,000,000","312,000,000","302,000,000","299,000,000","295,000,000","290,000,000","291,000,000","287,000,000","283,000,000","281,000,000","277,000,000","276,000,000","270,000,000","271,000,000","268,000,000","263,000,000","257,000,000","236,000,000","251,000,000","246,000,000","243,000,000","257,000,000","232,000,000","229,000,000","229,000,000","229,000,000","225,000,000","230,000,000","224,000,000","232,000,000","230,000,000","231,000,000","225,000,000","224,000,000","218,000,000","223,000,000","225,000,000","219,000,000","218,000,000","218,000,000","212,000,000","213,000,000","202,000,000","209,000,000","209,000,000","219,000,000","179,000,000","165,000,000","167,000,000","161,000,000","160,000,000","162,000,000","160,000,000","172,000,000","165,000,000","157,000,000","155,000,000","153,000,000","157,000,000","155,000,000","157,000,000","155,000,000","152,000,000","146,000,000","147,000,000","1,088,000,000","-141,000,000","-159,000,000","-167,000,000","1,087,000,000","-132,000,000","-162,000,000","-163,000,000","1,158,000,000","-157,000,000","-157,000,000","-156,000,000","1,076,000,000","-149,000,000","-151,000,000","-156,000,000","1,048,000,000","-150,000,000","-149,000,000","-149,000,000","1,009,000,000","-144,000,000","-145,000,000","-143,000,000","-143,000,000","-143,000,000","-143,000,000","-143,000,000","-127,000,000","-136,000,000","-133,000,000","-131,000,000","-133,000,000","-126,000,000","-116,000,000","-126,000,000","-126,000,000","-113,000,000","-117,000,000","-117,000,000","-100,000,000","-113,000,000","117,000,000",,,,,,,,,,,,,,,
NetIncomeFromContinuingOperationNetMinorityInterest,"3,781,000,000","934,000,000","968,000,000","1,173,000,000","706,000,000","760,000,000","736,000,000","499,000,000","770,000,000","771,000,000","856,000,000","870,000,000","834,000,000","843,000,000","894,000,000","877,000,000","695,000,000","4,140,000,000","459,000,000","510,000,000","362,000,000","458,000,000","455,000,000","445,000,000","356,000,000","466,000,000","507,000,000","553,000,000","442,000,000","491,000,000","509,000,000","529,000,000","398,000,000","407,000,000","463,000,000","535,000,000","459,000,000","443,000,000","455,000,000","512,000,000","449,000,000","457,000,000","464,000,000","506,000,000","395,000,000","430,000,000","414,000,000","414,000,000","306,000,000","305,000,000","293,000,000","285,000,000","246,000,000","247,000,000","382,000,000","385,000,000","351,000,000","365,000,000","297,000,000","324,000,000","240,000,000","347,000,000","328,000,000","390,000,000","245,000,000","237,000,000","164,000,000","165,000,000","154,000,000","146,000,000","123,000,000","119,000,000","30,000,000","123,000,000","-103,000,000","127,000,000","42,000,000","137,000,000","127,000,000","135,000,000","68,000,000","65,000,000","100,000,000","108,000,000","20,000,000","54,000,000","-306,000,000","55,000,000","29,000,000","-25,000,000","-113,000,000","114,000,000","75,000,000","108,000,000","187,000,000","151,000,000","91,000,000","215,000,000","206,000,000","227,000,000","151,000,000","253,000,000","222,000,000","234,000,000","146,000,000","276,000,000","202,000,000","19,000,000","121,000,000","239,000,000","177,000,000","162,000,000","74,000,000","151,000,000","63,000,000","154,000,000","-9,000,000","152,000,000","128,000,000","-322,000,000","62,000,000","-356,000,000","108,000,000","115,000,000","57,000,000","129,000,000","101,000,000","109,000,000","26,000,000","126,000,000","94,000,000","130,000,000","77,000,000","126,000,000","114,000,000","-324,000,000","46,000,000","129,000,000","104,000,000","114,000,000","85,000,000","132,000,000","77,000,000","124,000,000","85,000,000","-450,000,000","110,000,000"
TotalUnusualItemsExcludingGoodwill,"454,000,000","24,000,000","60,000,000","367,000,000",,,,,,,,,,"0","0","0","0","-29,000,000","-1,000,000","-122,000,000","-173,000,000","-115,000,000",,,,,,,,,,,,"7,000,000",,,,"71,000,000","4,000,000","4,000,000","2,000,000","9,000,000","5,000,000","-1,000,000","4,000,000","2,000,000","7,000,000","7,000,000","11,000,000","4,000,000","6,000,000","10,000,000","-9,000,000","-209,000,000","8,000,000","6,000,000","57,000,000","76,000,000","17,000,000","11,000,000","-11,000,000","230,000,000","25,000,000","11,000,000","-3,000,000","100,000,000","11,000,000","-354,000,000","230,000,000","947,000,000","22,000,000","-13,000,000","-69,000,000","5,000,000","21,000,000","19,000,000","-10,000,000","0","28,000,000","4,000,000","9,000,000","-55,000,000","1,000,000","34,000,000","31,000,000","-7,000,000","3,000,000","23,000,000","-5,000,000","76,000,000","-417,000,000","-23,000,000","-40,000,000","168,000,000","170,000,000","-12,000,000","-38,000,000","10,000,000","40,000,000","10,000,000","-9,000,000","28,000,000","10,000,000","21,000,000","-6,000,000","103,000,000","-4,000,000","-268,000,000","-16,000,000","58,000,000","-13,000,000","6,000,000","-9,000,000","-12,000,000","1,000,000","30,000,000","-1,000,000","-5,000,000","1,000,000","3,000,000","4,000,000","24,000,000","-6,000,000","57,000,000","19,000,000","22,000,000","-3,000,000","17,000,000","5,000,000","-4,000,000","64,000,000","72,000,000",,,,,,,,,,,,,,,
TotalUnusualItems,"454,000,000","24,000,000","60,000,000","367,000,000",,,,,,,,,,"0","0","0","0","-29,000,000","-1,000,000","-122,000,000","-173,000,000","-115,000,000",,,,,,,,,,,,"7,000,000",,,,"71,000,000","4,000,000","4,000,000","2,000,000","9,000,000","5,000,000","-1,000,000","4,000,000","2,000,000","7,000,000","7,000,000","11,000,000","4,000,000","6,000,000","10,000,000","-9,000,000","-209,000,000","8,000,000","6,000,000","57,000,000","76,000,000","17,000,000","11,000,000","-11,000,000","230,000,000","25,000,000","11,000,000","-3,000,000","100,000,000","11,000,000","-354,000,000","230,000,000","947,000,000","22,000,000","-13,000,000","-69,000,000","5,000,000","21,000,000","19,000,000","-10,000,000","0","28,000,000","4,000,000","9,000,000","-55,000,000","1,000,000","34,000,000","31,000,000","-7,000,000","3,000,000","23,000,000","-5,000,000","76,000,000","-417,000,000","-23,000,000","-40,000,000","168,000,000","170,000,000","-12,000,000","-38,000,000","10,000,000","40,000,000","10,000,000","-9,000,000","28,000,000","10,000,000","21,000,000","-6,000,000","103,000,000","-4,000,000","-268,000,000","-16,000,000","58,000,000","-13,000,000","6,000,000","-9,000,000","-12,000,000","1,000,000","30,000,000","-1,000,000","-5,000,000","1,000,000","3,000,000","4,000,000","24,000,000","-6,000,000","57,000,000","19,000,000","22,000,000","-3,000,000","17,000,000","5,000,000","-4,000,000","64,000,000","72,000,000",,,,,,,,,,,,,,,
NormalizedEBITDA,"6,639,000,000","1,721,000,000","1,763,000,000","1,692,000,000","1,466,000,000","1,530,000,000","1,503,000,000","1,187,000,000","1,544,000,000","1,514,000,000","1,649,000,000","1,667,000,000","1,572,000,000","1,614,000,000","1,646,000,000","1,630,000,000","1,384,000,000","1,489,000,000","1,214,000,000","1,413,000,000","1,212,000,000","1,255,000,000","1,175,000,000","1,167,000,000","1,024,000,000","1,193,000,000","1,237,000,000","1,320,000,000","1,140,000,000","1,198,000,000","1,241,000,000","1,272,000,000","1,029,000,000","1,062,000,000","1,136,000,000","1,248,000,000","1,142,000,000","1,063,000,000","1,123,000,000","1,207,000,000","1,115,000,000","1,079,000,000","1,130,000,000","1,173,000,000","1,017,000,000","1,105,000,000","1,058,000,000","1,000,000,000","863,000,000","823,000,000","826,000,000","812,000,000","746,000,000","961,000,000","963,000,000","948,000,000","849,000,000","850,000,000","758,000,000","-479,000,000","724,000,000","-1,171,000,000","-587,000,000","-166,000,000","-589,000,000","-703,000,000","-555,000,000","71,000,000","-816,000,000","-2,481,000,000","-550,000,000","-843,000,000","-693,000,000","1,144,000,000","-1,811,000,000","-652,000,000","-888,000,000","-628,000,000","-805,000,000","-713,000,000","-813,000,000","-654,000,000","-744,000,000","-828,000,000","-947,000,000","-934,000,000","-934,000,000","-1,150,000,000","-1,116,000,000","1,406,000,000","-578,000,000","-960,000,000","-1,009,000,000","-1,958,000,000","-1,217,000,000","-977,000,000","-940,000,000","-1,540,000,000","-937,000,000","-847,000,000","-930,000,000","-1,699,000,000","-941,000,000","-917,000,000","-984,000,000","-1,832,000,000","-947,000,000","-690,000,000","-968,000,000","-1,436,000,000","-867,000,000","-902,000,000","-956,000,000","475,000,000","537,000,000","391,000,000","207,000,000","424,000,000","397,000,000","-315,000,000","284,000,000","-384,000,000","373,000,000","265,000,000","252,000,000","347,000,000","352,000,000","321,000,000","227,000,000","379,000,000","228,000,000","275,000,000","1,844,000,000","-4,635,000,000","1,894,000,000","1,907,000,000","1,743,000,000","-5,017,000,000","2,009,000,000","2,010,000,000","1,893,000,000","-3,728,000,000","1,461,000,000","1,607,000,000","1,697,000,000","-4,657,000,000","1,718,000,000"
TaxRateForCalcs,"0.236","0.225","0.243","0.233","0.247","0.235","0.24","0.235","0.24","0.214","0.239","0.241","0.216","0.232","0.223","0.233","0.238","0.4","0.388","0.383","0.378","0.39","0.364","0.371","0.373","0.371","0.365","0.377","0.378","0.366","0.374","0.378","0.343","0.366","0.36","0.357","0.367","0.383","0.369","0.367","0.373","0.358","0.378","0.361","0.381","0.387","0.35","0.355","0.392","0.337","0.369","0.371","0.339","0.357","0.374","0.347","0.375","0.36","0.368","0.37","0.365","0.262","0.213","0.302","0.38","0.368","0.379","0.4","0.353","0.357","0.328","0.353","0.302","0.324","0.4","0.362","0.344","0.351","0.352","0.354","0.364","0.33","0.363","0.353","0.259","0.333","0.322","0.368","0.293","0.39","0.4","0.329","0.306","0.25","0.351","0.298","0.295","0.306","0.313","0.332","0.352","0.35","0.353","0.35","0.348","0.36","0.371","0.24","0.386","0.34","0.356","0.355","0.373","0.352","0.4","0.339","0.25","0.296","0.333","0.366","0.333","0.344","0.325","0.375","0.337","0.299","0.331","0.314","0.395","0.33","0.4","0.4","0.4","0.4","0.4","0.4","0.4","0.4","0.4","0.4","0.4","0.4","0.4","0.4","0.4","0.4","0.4"
TaxEffectOfUnusualItems,"107,144,000","5,397,510.373","14,589,523.065","85,633,333.333","0","0","0","0","0","0","0","0","0","0","0","0","0","-11,600,000","-388,000","-46,764,207.981","-65,395,189.003","0","0","0","0","0","0","0","0","0","0","0","0","0","0","0","0","27,193,593.315","1,475,728.155","1,468,479.604","745,810.056","3,223,314.607","1,890,080.429","-361,111.111","1,523,510.972","773,181.17","2,450,000","2,485,981.308","4,308,151.093","1,347,826.087","2,211,206.897","3,708,609.272","-3,048,387.097","-74,565,104.167","2,990,163.934","2,084,745.763","21,400,355.872","27,333,333.333","6,257,446.809","4,066,147.86","-4,015,873.016","60,191,489.362","5,335,731.415","3,325,581.395","-1,139,240.506","36,800,000","4,166,666.667","-141,600,000","81,176,470.588","337,916,299.559","7,213,114.754","-4,592,391.304","-20,860,465.116","1,620,879.121","8,400,000","6,874,371.859","-3,437,500","0","9,857,142.857","1,416,267.943","3,280,373.832","-18,144,329.897","363,057.325","12,011,976.048","8,037,037.037","-2,333,333.333","965,517.241","8,459,770.115","-1,463,414.634","29,658,536.585","-166,800,000","-7,576,470.588","-12,222,222.222","42,000,000","59,618,055.556","-3,572,093.023","-11,193,798.45","3,064,516.129","12,533,333.333","3,323,529.412","-3,167,381.974","9,789,203.085","3,527,696.793","7,350,000","-2,089,285.714","37,041,763.341","-1,482,866.044","-64,320,000","-6,172,588.832","19,707,182.32","-4,632,727.273","2,127,490.04","-3,355,932.203","-4,223,175.966","400,000","10,171,673.82","-250,000","-1,481,481.481","333,333.333","1,098,425.197","1,333,333.333","8,265,193.37","-1,950,000","21,375,000","6,406,976.744","6,576,086.957","-993,377.483","5,345,911.95","1,976,744.186","-1,319,148.936","25,600,000","28,800,000","0","0","0","0","0","0","0","0","0","0","0","0","0","0","0"