name,ttm,02/28/2022,11/30/2021,08/31/2021,05/31/2021,02/28/2021,11/30/2020,08/31/2020,05/31/2020,02/29/2020,11/30/2019,08/31/2019,05/31/2019,02/28/2019,11/30/2018,08/31/2018,05/31/2018,02/28/2018,11/30/2017,08/31/2017,05/31/2017,02/28/2017,11/30/2016,08/31/2016,05/31/2016,02/29/2016,11/30/2015,08/31/2015,05/31/2015,02/28/2015,11/30/2014,08/31/2014,05/31/2014,02/28/2014,11/30/2013,08/31/2013,05/31/2013,02/28/2013,11/30/2012,08/31/2012,05/31/2012,02/29/2012,11/30/2011,08/31/2011,05/31/2011,02/28/2011,11/30/2010,08/31/2010,05/31/2010,02/28/2010,11/30/2009,08/31/2009,05/31/2009,02/28/2009,11/30/2008,08/31/2008,05/31/2008,02/29/2008,11/30/2007,08/31/2007,05/31/2007,02/28/2007,11/30/2006,08/31/2006,05/31/2006,02/28/2006,11/30/2005,08/31/2005,05/31/2005,02/28/2005,11/30/2004,08/31/2004,05/31/2004,02/29/2004,11/30/2003,08/31/2003,05/31/2003,02/28/2003,11/30/2002,08/31/2002,05/31/2002,02/28/2002,11/30/2001,08/31/2001,05/31/2001,02/28/2001,11/30/2000,08/31/2000,05/31/2000,02/29/2000,11/30/1999,08/31/1999,05/31/1999,02/28/1999,11/30/1998,08/31/1998,05/31/1998,02/28/1998,11/30/1997,08/31/1997,05/31/1997,02/28/1997,11/30/1996,08/31/1996,05/31/1996,02/29/1996,11/30/1995,08/31/1995,05/31/1995,02/28/1995,11/30/1994,08/31/1994,05/31/1994,02/28/1994,11/30/1993,08/31/1993,05/31/1993,02/28/1993,11/30/1992,08/31/1992,05/31/1992,02/29/1992,11/30/1991,08/31/1991,05/31/1991,02/28/1991,11/30/1990,08/31/1990,05/31/1990,02/28/1990,11/30/1989,08/31/1989,05/31/1989,02/28/1989,11/30/1988,08/31/1988,05/31/1988,02/29/1988,11/30/1987,08/31/1987,05/31/1987,02/28/1987,11/30/1986,08/31/1986,05/31/1986,02/28/1986,11/30/1985,08/31/1985
TotalRevenue,"7,615,435,000","1,960,542,000","1,922,281,000","1,896,950,000","1,835,662,000","1,777,056,000","1,757,048,000","1,746,575,000","1,619,584,000","1,810,648,000","1,843,749,000","1,811,139,000","1,793,730,000","1,682,330,000","1,718,268,000","1,697,975,000","1,669,550,000","1,589,138,000","1,606,441,000","1,611,503,000","1,451,193,000","1,281,135,000","1,296,923,000","1,294,130,000","1,271,405,000","1,216,083,000","1,219,080,000","1,198,890,000","1,142,583,000","1,108,847,000","1,123,379,000","1,102,077,000","1,157,479,000","1,130,237,000","1,143,753,000","1,120,343,000","1,129,086,000","1,075,674,000","1,060,386,000","1,051,325,000","1,053,582,000","1,012,112,000","1,019,126,000","1,017,180,000","1,012,087,000","937,827,000","936,566,000","923,904,000","909,449,000","861,812,000","884,509,000","891,569,000","878,683,000","908,639,000","985,184,000","1,002,179,000","1,008,955,000","975,952,000","983,865,000","969,128,000","964,075,000","905,398,000","923,266,000","914,161,000","907,927,000","836,421,000","835,785,000","823,475,000","809,246,000","755,241,000","756,840,000","745,956,000","738,154,000","696,940,000","701,309,000","677,656,000","676,144,000","663,757,000","680,958,000","665,726,000","603,813,000","545,491,000","557,148,000","564,600,000","562,966,000","536,723,000","539,052,000","521,959,000","504,838,000","473,929,000","465,800,000","457,400,000","669,400,000","360,500,000","367,300,000","354,300,000","448,000,000","262,800,000","252,000,000","235,500,000","228,600,000","210,000,000","208,600,000","192,800,000","194,400,000","183,000,000","182,400,000","170,300,000","170,300,000","151,200,000","151,600,000","142,000,000","141,800,000","129,400,000","129,800,000","122,200,000","124,300,000","112,800,000","111,000,000","104,700,000","104,100,000","99,400,000","103,900,000","86,300,000","85,100,000","80,500,000","80,600,000","76,400,000","78,100,000","70,200,000","70,300,000","65,900,000","65,200,000","61,200,000","60,700,000","56,600,000","55,800,000","52,200,000","51,000,000","45,500,000","44,900,000","41,800,000","41,700,000","35,000,000","32,100,000","31,500,000","31,200,000","28,900,000"
	OperatingRevenue,"6,063,635,000","1,553,320,000","1,535,271,000","1,508,176,000","1,466,868,000","1,417,865,000","1,410,488,000","1,394,411,000","1,270,970,000","1,448,021,000","1,469,976,000","1,454,527,000","1,428,392,000","1,358,322,000","1,390,778,000","1,374,938,000","1,342,786,000","1,284,516,000","1,308,038,000","1,311,784,000","1,203,931,000","993,398,000","1,005,565,000","999,596,000","965,124,000","936,565,000","937,704,000","938,408,000","873,136,000","859,520,000","865,428,000","856,872,000","825,046,000","801,702,000","804,316,000","792,866,000","785,018,000","748,887,000","1,060,386,000","1,051,325,000","1,053,582,000","1,012,112,000","1,019,126,000","1,017,180,000","1,012,087,000","937,827,000","936,566,000","923,904,000","909,449,000","861,812,000","884,509,000","891,569,000","878,683,000","908,639,000","985,184,000","1,002,179,000","1,008,955,000","975,952,000","983,865,000","969,128,000","964,075,000","905,398,000","923,266,000","914,161,000","907,927,000","836,421,000","835,785,000","823,475,000","809,246,000","755,241,000","756,840,000","745,956,000","738,154,000","696,940,000","701,309,000","677,656,000","676,144,000","663,757,000","680,958,000","665,726,000","603,813,000","545,491,000","557,148,000","564,600,000","562,966,000","536,723,000","539,052,000","521,959,000","504,838,000","473,929,000","465,800,000","457,400,000","669,400,000","360,500,000","367,300,000","354,300,000","448,000,000","262,800,000","252,000,000","235,500,000","228,600,000","210,000,000","208,600,000","192,800,000","194,400,000","183,000,000","182,400,000","170,300,000","170,300,000","151,200,000","151,600,000","142,000,000","141,800,000","129,400,000","129,800,000","122,200,000","124,300,000","112,800,000","111,000,000","104,700,000","104,100,000","99,400,000","103,900,000","86,300,000","85,100,000","80,500,000","80,600,000","76,400,000","78,100,000","70,200,000","70,300,000","65,900,000","65,200,000","61,200,000","60,700,000","56,600,000","55,800,000","52,200,000","51,000,000","45,500,000","44,900,000","41,800,000","41,700,000","35,000,000","32,100,000","31,500,000","31,200,000","28,900,000"
CostOfRevenue,"4,070,334,000","1,062,388,000","1,037,140,000","994,194,000","976,612,000","967,540,000","937,164,000","920,374,000","911,764,000","986,253,000","991,358,000","961,997,000","970,165,000","927,177,000","943,110,000","923,263,000","917,212,000","888,675,000","890,072,000","872,150,000","792,523,000","714,711,000","725,496,000","710,356,000","717,687,000","691,475,000","691,680,000","674,746,000","655,923,000","633,540,000","641,955,000","624,131,000","665,117,000","651,112,000","666,834,000","654,363,000","661,871,000","633,733,000","628,350,000","605,450,000","609,714,000","586,209,000","589,329,000","578,140,000","579,040,000","545,906,000","545,918,000","530,233,000","523,881,000","502,205,000","514,662,000","508,774,000","544,332,000","532,202,000","570,184,000","577,096,000","576,520,000","564,727,000","563,297,000","551,756,000","550,101,000","519,571,000","532,193,000","523,680,000","512,054,000","483,451,000","485,324,000","467,987,000","460,734,000","433,787,000","440,885,000","427,118,000","428,258,000","401,229,000","407,872,000","390,208,000","397,188,000","389,341,000","397,135,000","383,713,000","348,258,000","316,151,000","321,950,000","327,323,000","410,203,000","288,197,000","288,954,000","277,078,000","268,507,000","255,250,000","249,500,000","249,600,000","386,000,000","193,100,000","203,800,000","193,600,000","250,400,000","140,100,000","136,900,000","125,600,000","123,100,000","112,600,000","114,000,000","103,200,000","104,000,000","99,500,000","99,200,000","91,000,000","93,000,000","82,600,000","82,900,000","75,500,000","78,000,000","68,900,000","68,000,000","63,400,000","68,300,000","61,200,000","60,400,000","56,700,000","57,000,000","54,800,000","58,400,000","48,300,000","46,600,000","43,600,000","44,900,000","42,000,000","43,400,000","39,600,000",,,,,,,,,,,,,,,,,,
GrossProfit,"3,545,101,000","898,154,000","885,141,000","902,756,000","859,050,000","809,516,000","819,884,000","826,201,000","707,820,000","824,395,000","852,391,000","849,142,000","823,565,000","755,153,000","775,158,000","774,712,000","752,338,000","700,463,000","716,369,000","739,353,000","658,670,000","566,424,000","571,427,000","583,774,000","553,718,000","524,608,000","527,400,000","524,144,000","486,660,000","475,307,000","481,424,000","477,946,000","492,362,000","479,125,000","476,919,000","465,980,000","467,215,000","441,941,000","432,036,000","445,875,000","443,868,000","425,903,000","429,797,000","439,040,000","433,047,000","391,921,000","390,648,000","393,671,000","385,568,000","359,607,000","369,847,000","382,795,000","334,351,000","376,437,000","415,000,000","425,083,000","432,435,000","411,225,000","420,568,000","417,372,000","413,974,000","385,827,000","391,073,000","390,481,000","395,873,000","352,970,000","350,461,000","355,488,000","348,512,000","321,454,000","315,955,000","318,838,000","309,896,000","295,711,000","293,437,000","287,448,000","278,956,000","274,416,000","283,823,000","282,013,000","255,555,000","229,340,000","235,198,000","237,277,000","152,763,000","248,526,000","250,098,000","244,881,000","236,331,000","218,679,000","216,300,000","207,800,000","283,400,000","167,400,000","163,500,000","160,700,000","197,600,000","122,700,000","115,100,000","109,900,000","105,500,000","97,400,000","94,600,000","89,600,000","90,400,000","83,500,000","83,200,000","79,300,000","77,300,000","68,600,000","68,700,000","66,500,000","63,800,000","60,500,000","61,800,000","58,800,000","56,000,000","51,600,000","50,600,000","48,000,000","47,100,000","44,600,000","45,500,000","38,000,000","38,500,000","36,900,000","35,700,000","34,400,000","34,700,000","30,600,000",,,,,,,,,,,,,,,,,,
OperatingExpense,"2,005,721,000","490,549,000","503,913,000","508,655,000","502,604,000","483,048,000","467,012,000","476,495,000","500,386,000","509,743,000","517,927,000","542,996,000","508,240,000","476,099,000","491,671,000","504,634,000","471,807,000","490,618,000","468,084,000","486,283,000","425,747,000","362,385,000","365,222,000","374,026,000","350,778,000","331,656,000","327,051,000","338,637,000","308,941,000","301,690,000","300,249,000","314,458,000","323,932,000","328,963,000","323,947,000","325,910,000","313,344,000","308,918,000","293,013,000","306,581,000","303,036,000","288,367,000","297,112,000","310,466,000","304,170,000","283,045,000","288,304,000","293,425,000","286,930,000","275,596,000","263,458,000","283,904,000","253,677,000","257,129,000","284,608,000","287,295,000","279,116,000","273,194,000","275,125,000","276,710,000","258,074,000","253,128,000","248,628,000","244,128,000","241,336,000","223,269,000","219,912,000","223,437,000","213,080,000","203,912,000","194,431,000","198,809,000","189,515,000","185,019,000","176,954,000","176,130,000","168,567,000","174,192,000","175,846,000","176,832,000","152,801,000","140,263,000","141,661,000","145,743,000","53,204,000","157,958,000","156,642,000","160,552,000","148,181,000","136,805,000","135,400,000","134,900,000","186,600,000","105,500,000","97,600,000","104,100,000","126,600,000","77,600,000","69,700,000","70,500,000","62,600,000","60,200,000","57,200,000","56,500,000","54,600,000","51,700,000","50,500,000","50,800,000","46,800,000","42,900,000","41,900,000","43,400,000","38,400,000","38,400,000","38,600,000","39,000,000","34,800,000","32,600,000","30,500,000","31,400,000","29,100,000","28,600,000","28,500,000","26,700,000","24,000,000","24,900,000","23,400,000","23,000,000","22,200,000","20,600,000",,,,,,,,,,,,,,,,,,
	SellingGeneralAndAdministration,"2,005,721,000","490,549,000","503,913,000","508,655,000","502,604,000","483,048,000","467,012,000","476,495,000","500,386,000","509,743,000","517,927,000","542,996,000","508,240,000","476,099,000","491,671,000","504,634,000","471,807,000","490,618,000","468,084,000","486,283,000","425,747,000","362,385,000","365,222,000","374,026,000","350,778,000","331,656,000","327,051,000","338,637,000","308,941,000","301,690,000","300,249,000","314,458,000","323,932,000","328,963,000","323,947,000","325,910,000","313,344,000","308,918,000","293,013,000","306,581,000","303,036,000","288,367,000","297,112,000","310,466,000","304,170,000","283,045,000","288,304,000","293,425,000","286,930,000","275,596,000","263,458,000","283,904,000","253,677,000","257,129,000","284,608,000","287,295,000","279,116,000","273,194,000","275,125,000","276,710,000","258,074,000","253,128,000","248,628,000","244,128,000","241,336,000","223,269,000","219,912,000","223,437,000","213,080,000","203,912,000","194,431,000","198,809,000","189,515,000","185,019,000","176,954,000","176,130,000","168,567,000","174,192,000","175,846,000","176,832,000","152,801,000","140,263,000","141,661,000","145,743,000","136,151,000","129,348,000","129,921,000","132,936,000","122,372,000","112,701,000","109,300,000","111,400,000","146,200,000","87,700,000","83,300,000","86,400,000","110,300,000","62,700,000","56,700,000","57,500,000","49,700,000","47,400,000","46,500,000","45,200,000","42,200,000","41,300,000","40,300,000","40,700,000","37,000,000","33,600,000","32,700,000","34,300,000","29,400,000","29,700,000","29,900,000","30,400,000","27,700,000","27,200,000","25,100,000","26,200,000","23,700,000","23,800,000","23,300,000","22,700,000","18,900,000","20,300,000","20,000,000","19,600,000","18,800,000","17,600,000",,,,,,,,,,,,,,,,,,
	DepreciationAmortizationDepletionIncomeStatement,,,,,,,,,,,,,,,,,,,,,,,,,,,,,,,,,,,,,,,,,,,,,,,,,,,,,,,,,,,,,,,,,,,,,,,,,,,,,,,,,,,,,,"28,610,000","26,721,000","27,616,000","25,809,000","24,104,000","26,100,000","23,500,000","40,400,000","17,800,000","14,300,000","17,700,000","16,300,000","14,900,000","13,000,000","13,000,000","12,900,000","12,800,000","10,700,000","11,300,000","12,400,000","10,400,000","10,200,000","10,100,000","9,800,000","9,300,000","9,200,000","9,100,000","9,000,000","8,700,000","8,700,000","8,600,000","7,100,000","5,400,000","5,400,000","5,200,000","5,400,000","4,800,000","5,200,000","4,000,000","5,100,000","4,600,000","3,400,000","3,400,000","3,400,000","3,000,000",,,,,,,,,,,,,,,,,,
		DepreciationAndAmortizationInIncomeStatement,,,,,,,,,,,,,,,,,,,,,,,,,,,,,,,,,,,,,,,,,,,,,,,,,,,,,,,,,,,,,,,,,,,,,,,,,,,,,,,,,,,,,,"28,610,000","26,721,000","27,616,000","25,809,000","24,104,000","26,100,000","23,500,000","40,400,000","17,800,000","14,300,000","17,700,000","16,300,000","14,900,000","13,000,000","13,000,000","12,900,000","12,800,000","10,700,000","11,300,000","12,400,000","10,400,000","10,200,000","10,100,000","9,800,000","9,300,000","9,200,000","9,100,000","9,000,000","8,700,000","8,700,000","8,600,000","7,100,000","5,400,000","5,400,000","5,200,000","5,400,000","4,800,000","5,200,000","4,000,000","5,100,000","4,600,000","3,400,000","3,400,000","3,400,000","3,000,000",,,,,,,,,,,,,,,,,,
OperatingIncome,"1,539,380,000","407,605,000","381,228,000","394,101,000","356,446,000","326,468,000","352,872,000","349,706,000","207,434,000","314,652,000","334,464,000","306,146,000","315,325,000","279,054,000","283,487,000","270,078,000","280,531,000","209,845,000","248,285,000","253,070,000","232,923,000","204,039,000","206,205,000","209,748,000","202,940,000","192,952,000","200,349,000","185,507,000","177,719,000","173,617,000","181,175,000","163,488,000","168,430,000","150,162,000","152,972,000","140,070,000","153,871,000","133,023,000","139,023,000","139,294,000","140,832,000","137,536,000","132,685,000","128,574,000","128,877,000","108,876,000","102,344,000","100,246,000","98,638,000","84,011,000","106,389,000","98,891,000","80,674,000","119,308,000","130,392,000","137,788,000","153,319,000","138,031,000","145,443,000","140,662,000","155,900,000","132,699,000","142,445,000","146,353,000","154,537,000","129,701,000","130,549,000","132,051,000","135,432,000","117,542,000","121,524,000","120,029,000","120,381,000","110,692,000","116,483,000","111,318,000","110,389,000","100,224,000","107,977,000","105,181,000","102,754,000","89,077,000","93,537,000","91,534,000","99,559,000","90,568,000","93,456,000","84,329,000","88,150,000","81,874,000","80,900,000","72,900,000","96,800,000","61,900,000","65,900,000","56,600,000","71,000,000","45,100,000","45,400,000","39,400,000","42,900,000","37,200,000","37,400,000","33,100,000","35,800,000","31,800,000","32,700,000","28,500,000","30,500,000","25,700,000","26,800,000","23,100,000","25,400,000","22,100,000","23,200,000","19,800,000","21,200,000","19,000,000","20,100,000","16,600,000","18,000,000","16,000,000","17,000,000","11,300,000","14,500,000","12,000,000","12,300,000","11,400,000","12,500,000","10,000,000","70,300,000","65,900,000","-141,700,000","61,200,000","60,700,000","56,600,000","-118,400,000","52,200,000","51,000,000","45,500,000","-91,400,000","41,800,000","41,700,000","35,000,000","-70,700,000","31,500,000","31,200,000","28,900,000"
NetNonOperatingInterestIncomeExpense,"-90,071,000","-21,974,000","-21,846,000","-21,798,000","-24,453,000","-24,465,000","-24,339,000","-24,486,000","-25,756,000","-25,596,000","-25,894,000","-27,159,000","-25,511,000","-26,700,000","-24,489,000","-23,808,000","-24,458,000","-25,517,000","-28,838,000","-30,020,000","-45,259,000","-13,685,000","-13,236,000","-14,107,000","-15,445,000","-15,828,000","-16,060,000","-16,293,000","-16,224,000","-16,158,000","-15,910,000","-16,530,000","-16,363,000","-16,374,000","-16,401,000","-16,455,000","-16,467,000","-16,170,000","-16,145,000","-16,521,000","-17,543,000","-16,846,000","-17,325,000","-16,969,000","-11,971,000","-12,240,000","-11,767,000","-11,696,000","-11,820,000","-11,153,000","-12,265,000","-11,679,000",,,,,,,,,,,,,,,,,,,,,,,,,,,,,,,,,,,,,,,,,,,,,,,,,,,,,,,,,,,,,,,,,,,,,,,,,,,,,,,,,,,,,,,,,,,,,,,,
	InterestIncomeNonOperating,"266,000","56,000","56,000","56,000","98,000","87,000","218,000","64,000","196,000","347,000","283,000","162,000","271,000","70,000","391,000","496,000","370,000","384,000","291,000","297,000","130,000","11,000","31,000","65,000","331,000","335,000","111,000","119,000","171,000","96,000","19,000","53,000","33,000","44,000","84,000","68,000","51,000","132,000","149,000","77,000","801,000","373,000","403,000","365,000","778,000","280,000","394,000","578,000","600,000","422,000","314,000","359,000",,,,,,,,,,,,,,,,,,,,,,,,,,,,,,,,,,,,,,,,,,,,,,,,,,,,,,,,,,,,,,,,,,,,,,,,,,,,,,,,,,,,,,,,,,,,,,,,
	InterestExpenseNonOperating,"90,337,000","22,030,000","21,902,000","21,854,000","24,551,000","24,552,000","24,557,000","24,550,000","25,952,000","25,943,000","26,177,000","27,321,000","25,782,000","26,770,000","24,880,000","24,304,000","24,828,000","25,901,000","29,129,000","30,317,000","45,389,000","13,696,000","13,267,000","14,172,000","15,776,000","16,163,000","16,171,000","16,412,000","16,395,000","16,254,000","15,929,000","16,583,000","16,396,000","16,418,000","16,485,000","16,523,000","16,518,000","16,302,000","16,294,000","16,598,000","18,344,000","17,219,000","17,728,000","17,334,000","12,749,000","12,520,000","12,161,000","12,274,000","12,420,000","11,575,000","12,579,000","12,038,000",,,,,,,,,,,,,,,,,,,,,,,,,,,,,,,,,,,,,,,,,,,,,,,,,,,,,,,,,,,,,,,,,,,,,,,,,,,,,,,,,,,,,,,,,,,,,,,,
OtherIncomeExpense,,,,,,,,,,,,,"-914,000","-799,000","61,526,000","-4,850,000","-15,031,000","-9,821,000","-13,074,000","-3,971,000","-63,746,000","-9,344,000","-3,347,000","-2,787,000",,,,,"-1,667,000",,,"28,358,000","63,975,000",,,,,,,,,,,,,,,,,,,,,,,,,,,,,,,,,,,,,,,,"0",,,"-4,343,000",,,,,,,,,,,,,,,"1,100,000",,"-49,000,000","1,100,000","1,200,000","1,200,000","-15,900,000","1,200,000","1,200,000","1,100,000","1,100,000","1,200,000","1,100,000","900,000","800,000","800,000","400,000","400,000","500,000","700,000","400,000","500,000","500,000","500,000","500,000","300,000","500,000","400,000","300,000","200,000","200,000","100,000","100,000","200,000","200,000","300,000","500,000","500,000","500,000","600,000",,,,,,,,,,,,,,,,,,
	SpecialIncomeCharges,,,,,,,,,"0","0","0","0","-70,287,000","-799,000","61,526,000","-4,850,000","-15,031,000","-9,821,000","-13,074,000","-3,971,000","-63,746,000","-9,344,000","-3,347,000","-2,787,000","0","0","0","0","-1,667,000","0","0","28,358,000","63,975,000",,,,,,,,,,,,,,,,,,,,,,,,,,,,,,,,,,,,,,,,"0",,,"-4,343,000",,,,,,,,,,,,,,,"1,100,000",,"-49,000,000","1,100,000","1,200,000","1,200,000","-15,900,000","1,200,000","1,200,000","1,100,000","1,100,000","1,200,000","1,100,000","900,000","800,000","800,000","400,000","400,000","500,000","700,000","400,000","500,000","500,000","500,000","500,000","300,000","500,000","400,000","300,000","200,000","200,000","100,000","100,000","200,000","200,000","300,000","500,000","500,000","500,000","600,000",,,,,,,,,,,,,,,,,,
		RestructuringAndMergernAcquisition,,,,,,,,,"0","0","0","0","914,000","799,000","7,847,000","4,850,000","15,031,000","9,821,000","13,074,000","3,971,000","63,746,000","9,344,000","3,347,000","2,787,000",,,,,,,,,,,,,,,,,,,,,,,,,,,,,,,,,,,,,,,,,,,,,,,,,,,,,,,,,,,,,,,,,,,,,,,,,,,,,,,,,,,,,,,,,,,,,,,,,,,,,,,,,,,,,,,,,,,,,,,,,,,,
		ImpairmentOfCapitalAssets,,,,,,,,,,,,,,,,,,,,,,,,,,,,,"0",,,,"16,143,000",,,,,,,,,,,,,,,,,,,,,,,,,,,,,,,,,,,,,,,,,,,,,,,,,,,,,,,,,,,,,,,,,,,,,,,,,,,,,,,,,,,,,,,,,,,,,,,,,,,,,,,,,,,,,,,,,,,
		GainOnSaleOfBusiness,,,,,,,,,,,,,,"0","69,373,000",,,,,,,,,,"0","0","0","0","-1,667,000","0","0","28,358,000","80,118,000",,,,,,,,,,,,,,,,,,,,,,,,,,,,,,,,,,,,,,,,,,,,,,,,,,,,,,,,,,,,,,,,,,,,,,,,,,,,,,,,,,,,,,,,,,,,,,,,,,,,,,,,,,,,,,,,,,,
PretaxIncome,"1,449,309,000","385,631,000","359,382,000","372,303,000","331,993,000","302,003,000","328,533,000","325,220,000","181,678,000","289,056,000","308,570,000","278,987,000","288,900,000","251,555,000","320,524,000","241,420,000","241,042,000","174,507,000","206,373,000","219,079,000","123,918,000","181,010,000","189,622,000","192,854,000","187,495,000","177,124,000","184,289,000","169,214,000","159,828,000","157,459,000","165,265,000","175,316,000","213,884,000","133,788,000","136,571,000","123,615,000","137,404,000","116,853,000","122,878,000","122,773,000","123,289,000","120,690,000","115,360,000","111,605,000","116,906,000","96,636,000","90,577,000","88,550,000","89,698,000","72,858,000","94,124,000","87,212,000","9,876,000","107,441,000","118,454,000","125,822,000","141,252,000","125,919,000","134,246,000","129,287,000","144,067,000","122,454,000","131,585,000","135,447,000","146,614,000","124,387,000","124,397,000","126,417,000","131,663,000","113,192,000","116,820,000","115,318,000","115,457,000","105,540,000","110,575,000","100,508,000","103,671,000","93,615,000","100,577,000","97,896,000","351,566,000","88,215,000","92,105,000","89,699,000","96,508,000","87,743,000","90,700,000","81,502,000","84,691,000","79,135,000","78,000,000","70,000,000","43,200,000","61,000,000","64,600,000","55,400,000","51,200,000","44,700,000","44,900,000","38,700,000","42,000,000","36,400,000","36,400,000","31,900,000","34,500,000","30,300,000","30,800,000","26,500,000","28,700,000","24,700,000","25,400,000","22,200,000","24,200,000","21,100,000","21,900,000","18,300,000","19,600,000","17,500,000","18,700,000","15,400,000","17,000,000","14,700,000","15,600,000","10,200,000","13,800,000","11,600,000","12,000,000","11,200,000","12,300,000","9,700,000",,,,,,,,,,,,,,,,,,
TaxProvision,"240,291,000","70,183,000","64,713,000","41,124,000","64,271,000","43,619,000","43,676,000","25,215,000","37,093,000","54,536,000","62,127,000","28,175,000","62,729,000","50,632,000","77,530,000","28,873,000","51,744,000","-121,282,000","68,636,000","57,971,000","46,824,000","62,363,000","66,168,000","54,763,000","69,484,000","59,845,000","68,836,000","63,016,000","60,112,000","57,052,000","61,819,000","65,525,000","86,660,000","49,186,000","51,709,000","45,861,000","51,427,000","42,148,000","44,851,000","46,040,000","44,675,000","44,655,000","41,010,000","42,967,000","46,130,000","37,566,000","34,711,000","27,273,000","34,220,000","23,876,000","36,948,000","33,228,000","5,804,000","35,630,000","46,616,000","47,186,000","51,591,000","44,091,000","51,393,000","48,224,000","53,745,000","45,727,000","49,058,000","50,484,000","54,687,000","46,642,000","46,426,000","46,882,000","48,703,000","41,860,000","43,260,000","42,652,000","42,729,000","39,047,000","40,918,000","37,181,000","38,460,000","34,560,000","37,237,000","36,249,000","37,424,000","32,631,000","34,120,000","33,159,000","36,350,000","32,833,000","34,167,000","30,653,000","31,866,000","30,073,000","29,700,000","26,800,000","15,800,000","23,100,000","24,800,000","21,500,000","8,000,000","17,000,000","16,900,000","14,600,000","16,000,000","13,900,000","13,700,000","12,200,000","13,000,000","11,800,000","12,000,000","10,200,000","10,800,000","9,400,000","9,600,000","8,400,000","9,200,000","8,000,000","8,300,000","7,800,000","6,900,000","6,500,000","7,100,000","5,800,000","6,100,000","5,400,000","5,900,000","3,800,000","4,600,000","4,200,000","4,400,000","4,100,000","4,200,000","3,500,000",,,,,,,,,,,,,,,,,,
EarningsFromEquityInterestNetOfTax,,,,,,,,,,,,,,,,,,,,,,,,,,,,,"1,488,000","-6,771,000",,,,,,,,,,,,,,,,,,,,,,,,,,,,,,,,,,,,,,,,,,,,,,,,,,,,,,,,,,,,,,,,,,,,,,,,,,,,,,,,,,,,,,,,,,,,,,,,,,,,,,,,,,,,,,,,,,,,,,
NetIncomeCommonStockholders,"1,209,018,000","315,448,000","293,174,000","329,414,000","267,722,000","258,384,000","282,842,000","297,832,000","151,449,000","232,327,000","244,018,000","248,796,000","225,528,000","200,551,000","243,013,000","212,515,000","186,171,000","302,095,000","137,109,000","217,211,000","84,235,000","118,005,000","140,377,000","138,091,000","123,493,000","117,341,000","345,100,000","100,181,000","105,215,000","94,883,000","120,412,000","110,108,000","127,224,000","84,602,000","84,862,000","77,754,000","85,977,000","74,705,000","78,027,000","76,733,000","78,614,000","76,035,000","74,350,000","68,638,000","70,776,000","59,070,000","55,866,000","61,277,000","55,478,000","48,982,000","57,176,000","53,984,000","4,072,000","71,811,000","71,838,000","78,636,000","89,661,000","81,828,000","82,853,000","81,063,000","90,322,000","76,727,000","82,527,000","84,962,000","91,927,000","77,745,000","77,971,000","79,535,000","82,960,000","71,332,000","73,560,000","72,666,000","72,728,000","66,493,000","69,657,000","63,327,000","65,211,000","59,055,000","63,340,000","61,647,000","64,142,000","55,584,000","57,985,000","56,540,000","60,158,000","54,910,000","56,533,000","50,849,000","52,825,000","49,062,000","48,300,000","43,200,000","27,400,000","37,900,000","39,800,000","33,900,000","43,200,000","27,700,000","28,000,000","24,100,000","26,000,000","22,500,000","22,700,000","19,700,000","21,500,000","18,500,000","18,800,000","16,300,000","17,900,000","15,300,000","15,800,000","13,800,000","15,000,000","13,100,000","13,600,000","10,500,000","12,700,000","11,000,000","11,600,000","9,600,000","10,900,000","9,300,000","9,700,000","6,400,000","9,200,000","7,400,000","7,600,000","7,100,000","8,100,000","6,200,000",,,,,,,,,,,,,,,,,,
	NetIncome,"1,209,018,000","315,448,000","294,669,000","331,179,000","267,722,000","258,384,000","284,857,000","300,005,000","144,585,000","234,520,000","246,120,000","250,812,000","226,119,000","203,334,000","243,013,000","212,515,000","186,171,000","302,095,000","137,109,000","217,211,000","84,235,000","118,005,000","140,377,000","138,091,000","130,898,000","117,341,000","345,100,000","100,181,000","105,215,000","94,883,000","120,412,000","110,108,000","127,224,000","84,602,000","84,862,000","77,754,000","85,977,000","74,705,000","78,027,000","76,733,000","78,614,000","76,035,000","74,350,000","68,638,000","70,776,000","59,070,000","55,866,000","61,277,000","55,478,000","48,982,000","57,176,000","53,984,000","4,072,000","71,811,000","71,838,000","78,636,000","89,661,000","81,828,000","82,853,000","81,063,000","90,322,000","76,727,000","82,527,000","84,962,000","91,927,000","77,745,000","77,971,000","79,535,000","82,960,000","71,332,000","73,560,000","72,666,000","72,728,000","66,493,000","69,657,000","63,327,000","65,211,000","59,055,000","63,340,000","61,647,000","64,142,000","55,584,000","57,985,000","56,540,000","60,158,000","54,910,000","56,533,000","50,849,000","52,825,000","49,062,000","48,300,000","43,200,000","27,400,000","37,900,000","39,800,000","33,900,000","43,200,000","27,700,000","28,000,000","24,100,000","26,000,000","22,500,000","22,700,000","19,700,000","21,500,000","18,500,000","18,800,000","16,300,000","17,900,000","15,300,000","15,800,000","13,800,000","15,000,000","13,100,000","13,600,000","10,500,000","12,700,000","11,000,000","11,600,000","9,600,000","10,900,000","9,300,000","9,700,000","6,400,000","9,200,000","7,400,000","7,600,000","7,100,000","8,100,000","6,200,000",,,,,,,,,,,,,,,,,,
		NetIncomeIncludingNoncontrollingInterests,"1,209,018,000","315,448,000","294,669,000","331,179,000","267,722,000","258,384,000","284,857,000","300,005,000","144,585,000","234,520,000","246,120,000","250,812,000","226,119,000","203,334,000","243,013,000","212,515,000","186,171,000","302,095,000","137,109,000","217,211,000","84,235,000","118,005,000","140,377,000","138,091,000","130,898,000","117,341,000","345,100,000","100,181,000","105,215,000","94,883,000","120,412,000","110,108,000","127,224,000","84,602,000","84,862,000","77,754,000","85,977,000","74,705,000","78,027,000","76,733,000","78,614,000","76,035,000","74,350,000","68,638,000","70,776,000","59,070,000","55,866,000","61,277,000","55,478,000","48,982,000","57,176,000","53,984,000","4,072,000","71,811,000","71,838,000","78,636,000","89,661,000","81,828,000","82,853,000","81,063,000","90,322,000","76,727,000","82,527,000","84,962,000","91,927,000","77,745,000","77,971,000","79,535,000","82,960,000","71,332,000","73,560,000","72,666,000","72,728,000","66,493,000","69,657,000","63,327,000","65,211,000","59,055,000","63,340,000","61,647,000","64,142,000","55,584,000","57,985,000","56,540,000","60,158,000","54,910,000","56,533,000","50,849,000","52,825,000","49,062,000","48,300,000","43,200,000","27,400,000","37,900,000","39,800,000","33,900,000","43,200,000","27,700,000","28,000,000","24,100,000","26,000,000","22,500,000","22,700,000","19,700,000","21,500,000","18,500,000","18,800,000","16,300,000","17,900,000","15,300,000","15,800,000","13,800,000","15,000,000","13,100,000","13,600,000","10,500,000","12,700,000","11,000,000","11,600,000","9,600,000","10,900,000","9,300,000","9,700,000","6,400,000","9,200,000","7,400,000","7,600,000","7,100,000","8,100,000","6,200,000","6,300,000","5,900,000","7,000,000","5,200,000","5,200,000","4,700,000","5,500,000","3,900,000","4,000,000","3,800,000","4,200,000","3,300,000","3,300,000","3,100,000","3,500,000","2,600,000","2,700,000","2,500,000"
			NetIncomeContinuousOperations,"1,209,018,000","315,448,000","294,669,000","331,179,000","267,722,000","258,384,000","284,857,000","300,005,000","144,585,000","234,520,000","246,443,000","250,812,000","226,171,000","200,923,000","242,994,000","212,547,000","189,298,000","295,789,000","137,737,000","161,108,000","77,094,000","118,647,000","123,454,000","138,091,000","118,011,000","117,279,000","115,453,000","106,198,000","101,204,000","93,636,000","103,446,000","109,791,000","127,224,000","84,602,000","84,862,000","77,754,000","85,977,000","74,705,000","78,027,000","76,733,000","78,614,000","76,035,000","74,350,000","68,638,000","70,776,000","59,070,000","55,866,000","61,277,000","55,478,000","48,982,000","57,176,000","53,984,000","4,072,000","71,811,000","71,838,000","78,636,000","89,661,000","81,828,000","82,853,000","81,063,000","90,322,000","76,727,000","82,527,000","84,962,000","91,927,000","77,745,000","77,971,000","79,535,000","82,960,000","71,332,000","73,560,000","72,666,000","72,728,000","66,493,000","69,657,000","63,327,000","65,211,000","59,055,000","63,340,000","61,647,000","64,142,000","55,584,000","57,985,000","56,540,000","60,158,000","54,910,000","56,533,000","50,849,000","52,825,000","49,062,000","48,300,000","43,200,000","27,400,000","37,900,000","39,800,000","33,900,000","43,200,000","27,700,000","28,000,000","24,100,000","26,000,000","22,500,000","22,700,000","19,700,000","21,500,000","18,500,000","18,800,000","16,300,000","17,900,000","15,300,000","15,800,000","13,800,000","15,000,000","13,100,000","13,600,000","10,500,000","12,700,000","11,000,000","11,600,000","9,600,000","10,900,000","9,300,000","9,700,000","6,400,000","9,200,000","7,400,000","7,600,000","7,100,000","8,100,000","6,200,000","6,300,000","5,900,000","7,000,000","5,200,000","5,200,000","4,700,000","5,500,000","3,900,000","4,000,000","3,800,000","4,200,000","3,300,000","3,300,000","3,100,000","3,500,000","2,600,000","2,700,000","2,500,000"
			NetIncomeDiscontinuousOperations,,,,,"0","0","0",,"0","0","-323,000","0","-52,000","2,411,000","19,000","-32,000","-3,127,000","6,306,000","-628,000","56,103,000","7,141,000","-642,000","16,923,000","0","12,887,000","62,000","229,647,000","-6,017,000","4,011,000","1,247,000","16,966,000","317,000",,,,,,,,,,,,,,,,,,,,,,,,,,,,,,,,,,,,,,,,,,,,,,,,,,,,,,,,,,,,,,,,,,,,,,,,,,,,,,,,,,,,,,,,,,,,,,,,,,,,,,,,,,,,,,,,,,,,
			NetIncomeExtraordinary,,,,,,,,,,,,,,,,,,,,,,,,,,,,,,,,,,,,,,,,,,,,,,,,,,,,,,,,,,,,,,,,,,,,,,,,,,,,,,,,,,,,,,,,,,,,,,,,,,,,,,,,,,,,,,,,,,,,,,,,,"0",,,,,,,,,,,,,,,,,,,,,,,,,,,
	OtherunderPreferredStockDividend,,,"1,495,000","1,765,000",,,"2,015,000","2,173,000",,"2,193,000","2,102,000","2,016,000","591,000","2,783,000",,,,,,,,,,,,,,,,,,,,,,,,,,,,,,,,,,,,,,,,,,,,,,,,,,,,,,,,,,,,,,,,,,,,,,,,,,,,,,,,,,,,,,,,,,,,,,,,,,,,,,,,,,,,,,,,,,,,,,,,,,,,,,,,,,,,,,
DilutedNIAvailtoComStockholders,"1,209,018,000","315,448,000","293,174,000","329,414,000","267,722,000","258,384,000","282,842,000","297,832,000","151,449,000","232,327,000","244,018,000","248,796,000","225,528,000","200,551,000","243,013,000","212,515,000","186,171,000","302,095,000","137,109,000","217,211,000","84,235,000","118,005,000","140,377,000","138,091,000","123,493,000","117,341,000","345,100,000","100,181,000","105,215,000","94,883,000","120,412,000","110,108,000","127,224,000","84,602,000","84,862,000","77,754,000","85,977,000","74,705,000","78,027,000","76,733,000","78,614,000","76,035,000","74,350,000","68,638,000","70,776,000","59,070,000","55,866,000","61,277,000","55,478,000","48,982,000","57,176,000","53,984,000","4,072,000","71,811,000","71,838,000","78,636,000","89,661,000","81,828,000","82,853,000","81,063,000","90,322,000","76,727,000","82,527,000","84,962,000","91,927,000","77,745,000","77,971,000","79,535,000","82,960,000","71,332,000","73,560,000","72,666,000","72,728,000","66,493,000","69,657,000","63,327,000","65,211,000","59,055,000","63,340,000","61,647,000","64,142,000","55,584,000","57,985,000","56,540,000","60,158,000","54,910,000","56,533,000","50,849,000","52,825,000","49,062,000","48,300,000","43,200,000","27,400,000","37,900,000","39,800,000","33,900,000","43,200,000","27,700,000","28,000,000","24,100,000","26,000,000","22,500,000","22,700,000","19,700,000","21,500,000","18,500,000","18,800,000","16,300,000","17,900,000","15,300,000","15,800,000","13,800,000","15,000,000","13,100,000","13,600,000","10,500,000","12,700,000","11,000,000","11,600,000","9,600,000","10,900,000","9,300,000","9,700,000","6,400,000","9,200,000","7,400,000","7,600,000","7,100,000","8,100,000","6,200,000",,,,,,,,,,,,,,,,,,
BasicEPS,,"3.04","2.83","3.19","2.53","2.44","2.69","2.86","1.38","2.23","2.35","2.4","2.13","1.91","2.25","1.96","1.71","2.79","1.26","2.02","0.78","1.1","1.32","1.29","1.21","1.07","3.11","0.89","0.91","0.81","1.02","0.94","1.04","0.7","0.71","0.63","0.69","0.6","0.63","0.61",,"0.58","0.57","0.52",,"0.41","0.38","0.4",,"0.32","0.37","0.35",,"0.47","0.47","0.51",,"0.53","0.53","0.51",,"0.48","0.51","0.53",,"0.47","0.46","0.47",,"0.42","0.43","0.42",,"0.39","0.41","0.37",,"0.35","0.37","0.36",,"0.33","0.34","0.33",,"0.32","0.34","0.3",,"0.29","0.29","0.26",,"0.24","0.25","0.21",,"0.2","0.21","0.19",,"0.17","0.19","0.16",,"0.13","0.13","0.12",,"0.11","0.11","0.1",,"0.09","0.1","0.08",,"0.08","0.09","0.07",,"0.07","0.07","0.05",,"0.06","0.06","0.06",,"0.05","0.05","0.05",,"0.05","0.05","0.04",,"0.03","0.03","0.03",,"0.03","0.03","0.03",,"0.03","0.03","0.03"
DilutedEPS,,"2.97","2.76","3.11","2.47","2.37","2.62","2.78","1.35","2.16","2.27","2.32","2.06","1.85","2.18","1.89","1.66","2.71","1.23","1.96","0.76","1.07","1.29","1.26","1.2","1.05","3.06","0.88","0.9","0.8","1","0.93","1.03","0.69","0.7","0.63","0.69","0.6","0.63","0.6",,"0.58","0.57","0.52",,"0.41","0.38","0.4",,"0.32","0.37","0.35",,"0.47","0.47","0.51",,"0.53","0.53","0.51",,"0.48","0.51","0.53",,"0.46","0.46","0.47",,"0.41","0.43","0.42",,"0.39","0.4","0.37",,"0.34","0.37","0.36",,"0.32","0.34","0.33",,"0.32","0.33","0.3",,"0.29","0.29","0.25",,"0.23","0.25","0.21",,"0.19","0.21","0.19",,"0.17","0.18","0.16",,"0.13","0.13","0.12",,"0.11","0.11","0.1",,"0.09","0.1","0.08",,"0.08","0.09","0.07",,"0.07","0.07","0.05",,"0.06","0.06","0.06",,"0.05","0.05","0.05",,"0.05","0.05","0.04",,"0.03","0.03","0.03",,"0.03","0.03","0.03",,"0.03","0.03","0.03"
BasicAverageShares,,"103,388,000","103,646,000","103,295,000","105,143,000","105,264,000","104,999,000","104,110,000","103,758,000","104,245,000","103,959,000","103,543,000","105,018,000","105,080,000","106,475,000","106,835,000","106,879,000","106,558,000","106,340,000","105,740,000","105,325,000","105,093,000","104,957,000","104,483,000","106,136,000","107,843,000","108,301,000","110,597,000","113,666,000","116,178,000","117,115,000","116,659,000","119,541,000","119,913,000","119,907,000","122,130,000","122,392,000","123,220,000","124,185,000","126,110,000",,"129,735,000","129,727,000","131,309,000",,"145,303,000","145,511,000","152,164,000",,"152,869,000","152,866,000","152,828,000",,"152,993,000","152,788,000","153,394,000",,"153,882,000","156,326,415","158,947,059",,"159,847,917","161,817,647","160,305,660",,"165,414,894","169,502,174","169,223,404",,"169,838,095","171,069,767","173,014,286",,"170,494,872","169,895,122","171,154,054",,"168,728,571","171,189,189","171,241,667",,"168,436,364","170,544,118","171,333,333",,"171,593,750","166,273,529","169,496,667",,"169,179,310","166,551,724","166,153,846",,"157,916,667","159,200,000","161,428,571",,"138,500,000","133,333,333","126,842,105",,"132,352,941","119,473,684","123,125,000",,"142,307,692","144,615,385","135,833,333",,"139,090,909","143,636,364","138,000,000",,"145,555,556","136,000,000","131,250,000",,"137,500,000","128,888,889","137,142,857",,"132,857,143","138,571,429","128,000,000",,"123,333,333","126,666,667","118,333,333",,"124,000,000","127,268,000","127,148,000",,"127,148,000","127,124,000","119,358,000",,"119,322,000","119,322,000","117,259,000",,"117,259,000","117,259,000","117,259,000",,"117,259,000","117,259,000","117,259,000"
DilutedAverageShares,,"105,641,000","106,122,000","105,944,000","107,726,000","107,996,000","107,981,000","107,129,000","106,231,000","107,588,000","107,335,000","107,083,000","108,339,000","108,162,000","109,874,000","110,648,000","110,574,000","110,175,000","109,818,000","108,537,000","109,023,000","107,892,000","107,647,000","107,114,000","107,797,000","109,463,000","110,113,000","112,229,000","115,383,000","117,867,000","118,655,000","118,030,000","120,886,000","121,280,000","121,050,000","122,892,000","123,103,000","123,857,000","124,609,000","126,458,000",,"129,945,000","129,740,000","131,338,000",,"145,303,000","145,511,000","152,164,000",,"152,869,000","152,867,000","152,828,000",,"153,281,000","153,045,000","153,621,000",,"153,882,000","156,326,415","158,947,059",,"159,847,917","161,817,647","160,305,660",,"169,010,870","169,502,174","169,223,404",,"173,980,488","171,069,767","173,014,286",,"170,494,872","174,142,500","171,154,054",,"173,691,176","171,189,189","171,241,667",,"173,700,000","170,544,118","171,333,333",,"171,593,750","171,312,121","169,496,667",,"169,179,310","166,551,724","172,800,000",,"164,782,609","159,200,000","161,428,571",,"145,789,474","133,333,333","126,842,105",,"132,352,941","126,111,111","123,125,000",,"142,307,692","144,615,385","135,833,333",,"139,090,909","143,636,364","138,000,000",,"145,555,556","136,000,000","131,250,000",,"137,500,000","128,888,889","137,142,857",,"132,857,143","138,571,429","128,000,000",,"123,333,333","126,666,667","118,333,333",,"124,000,000","127,268,000","127,148,000",,"127,148,000","127,124,000","119,358,000",,"119,322,000","119,322,000","117,259,000",,"117,259,000","117,259,000","117,259,000",,"117,259,000","117,259,000","117,259,000"
TotalOperatingIncomeAsReported,"1,539,380,000","407,605,000","381,228,000","394,101,000","356,446,000","326,468,000","352,872,000","349,706,000","207,434,000","314,652,000","334,464,000","306,146,000","314,411,000","278,255,000","275,640,000","265,228,000","265,500,000","200,024,000","235,211,000","249,099,000","169,177,000","194,695,000","202,858,000","206,961,000","202,940,000","192,952,000","200,349,000","185,507,000","177,719,000","173,617,000","181,175,000","163,488,000","123,806,000","150,162,000","152,972,000","140,070,000","153,871,000","133,023,000","139,023,000","139,294,000","140,832,000","137,536,000","132,685,000","128,574,000","128,877,000","108,876,000","102,344,000","100,246,000","101,518,000","84,011,000","106,389,000","98,891,000","21,577,000","119,308,000","130,392,000","137,788,000","153,319,000","138,031,000","145,443,000","140,662,000","155,900,000","132,699,000","142,445,000","146,353,000","154,537,000","129,701,000","130,549,000","132,051,000","135,432,000","117,542,000","121,524,000","120,029,000","120,381,000","110,692,000","116,483,000","111,318,000","110,389,000","100,224,000","107,977,000","105,181,000","102,754,000","89,077,000","93,537,000","91,534,000","98,850,000","90,568,000","93,456,000","84,329,000","88,150,000","81,874,000","80,900,000","72,900,000","96,800,000","61,900,000","65,900,000","56,600,000","71,000,000","45,100,000","45,400,000","39,400,000","42,900,000","37,200,000","37,400,000","33,100,000","35,800,000","31,800,000","32,700,000","28,500,000","30,500,000","25,700,000","26,800,000","23,100,000","25,400,000","22,100,000","23,200,000","19,800,000","21,200,000","19,000,000","20,100,000","16,600,000","18,000,000","16,000,000","17,000,000","11,300,000","14,500,000","12,000,000","12,300,000","11,400,000","12,500,000","10,000,000",,,,,,,,,,,,,,,,,,
RentExpenseSupplemental,,,"817,261,000","779,301,000","766,441,000","761,850,000","739,811,000","715,412,000","716,602,000","784,930,000","784,937,000","768,676,000","771,056,000","748,971,000","761,119,000","746,453,000","737,998,000","718,138,000","723,960,000","706,863,000","664,552,000","546,538,000","555,752,000","540,932,000","537,543,000","524,656,000","526,091,000","518,503,000","488,805,000","476,092,000","477,960,000","470,609,000","465,498,000","450,086,000","459,112,000","454,731,000","454,438,000","434,809,000",,,,,,,,,,,,,,,,,,,,,,,,,,,,,,,,,,,,,,,,,,,,,,,,,,,,,,,,,,,,,,,,,,,,,,,,,,,,,,,,,,,,,,,,,,,,,,,,,,,,,,,,,,,,,,
TotalExpenses,"6,076,055,000","1,552,937,000","1,541,053,000","1,502,849,000","1,479,216,000","1,450,588,000","1,404,176,000","1,396,869,000","1,412,150,000","1,495,996,000","1,509,285,000","1,504,993,000","1,478,405,000","1,403,276,000","1,434,781,000","1,427,897,000","1,389,019,000","1,379,293,000","1,358,156,000","1,358,433,000","1,218,270,000","1,077,096,000","1,090,718,000","1,084,382,000","1,068,465,000","1,023,131,000","1,018,731,000","1,013,383,000","964,864,000","935,230,000","942,204,000","938,589,000","989,049,000","980,075,000","990,781,000","980,273,000","975,215,000","942,651,000","921,363,000","912,031,000","912,750,000","874,576,000","886,441,000","888,606,000","883,210,000","828,951,000","834,222,000","823,658,000","810,811,000","777,801,000","778,120,000","792,678,000","798,009,000","789,331,000","854,792,000","864,391,000","855,636,000","837,921,000","838,422,000","828,466,000","808,175,000","772,699,000","780,821,000","767,808,000","753,390,000","706,720,000","705,236,000","691,424,000","673,814,000","637,699,000","635,316,000","625,927,000","617,773,000","586,248,000","584,826,000","566,338,000","565,755,000","563,533,000","572,981,000","560,545,000","501,059,000","456,414,000","463,611,000","473,066,000","463,407,000","446,155,000","445,596,000","437,630,000","416,688,000","392,055,000","384,900,000","384,500,000","572,600,000","298,600,000","301,400,000","297,700,000","377,000,000","217,700,000","206,600,000","196,100,000","185,700,000","172,800,000","171,200,000","159,700,000","158,600,000","151,200,000","149,700,000","141,800,000","139,800,000","125,500,000","124,800,000","118,900,000","116,400,000","107,300,000","106,600,000","102,400,000","103,100,000","93,800,000","90,900,000","88,100,000","86,100,000","83,400,000","86,900,000","75,000,000","70,600,000","68,500,000","68,300,000","65,000,000","65,600,000","60,200,000",,,,,,,,,,,,,,,,,,
NetIncomeFromContinuingAndDiscontinuedOperation,"1,209,018,000","315,448,000","294,669,000","331,179,000","267,722,000","258,384,000","284,857,000","300,005,000","144,585,000","234,520,000","246,120,000","250,812,000","226,119,000","203,334,000","243,013,000","212,515,000","186,171,000","302,095,000","137,109,000","217,211,000","84,235,000","118,005,000","140,377,000","138,091,000","130,898,000","117,341,000","345,100,000","100,181,000","105,215,000","94,883,000","120,412,000","110,108,000","127,224,000","84,602,000","84,862,000","77,754,000","85,977,000","74,705,000","78,027,000","76,733,000","78,614,000","76,035,000","74,350,000","68,638,000","70,776,000","59,070,000","55,866,000","61,277,000","55,478,000","48,982,000","57,176,000","53,984,000","4,072,000","71,811,000","71,838,000","78,636,000","89,661,000","81,828,000","82,853,000","81,063,000","90,322,000","76,727,000","82,527,000","84,962,000","91,927,000","77,745,000","77,971,000","79,535,000","82,960,000","71,332,000","73,560,000","72,666,000","72,728,000","66,493,000","69,657,000","63,327,000","65,211,000","59,055,000","63,340,000","61,647,000","64,142,000","55,584,000","57,985,000","56,540,000","60,158,000","54,910,000","56,533,000","50,849,000","52,825,000","49,062,000","48,300,000","43,200,000","27,400,000","37,900,000","39,800,000","33,900,000","43,200,000","27,700,000","28,000,000","24,100,000","26,000,000","22,500,000","22,700,000","19,700,000","21,500,000","18,500,000","18,800,000","16,300,000","17,900,000","15,300,000","15,800,000","13,800,000","15,000,000","13,100,000","13,600,000","10,500,000","12,700,000","11,000,000","11,600,000","9,600,000","10,900,000","9,300,000","9,700,000","6,400,000","9,200,000","7,400,000","7,600,000","7,100,000","8,100,000","6,200,000",,,,,,,,,,,,,,,,,,
NormalizedIncome,"1,209,018,000","315,448,000","294,669,000","331,179,000","267,722,000","258,384,000","284,857,000","300,005,000","144,585,000","234,520,000","246,443,000","250,812,000","226,886,542.728","201,561,401","196,357,292","216,815,000","201,102,325.545","302,958,330","146,457,358","164,026,685","116,752,759.212","124,767,320","125,632,897","140,086,492","118,011,000","117,279,000","115,453,000","106,198,000","102,244,034.112","93,636,000","103,446,000","92,038,892","127,224,000","84,602,000","84,862,000","77,754,000","85,977,000","74,705,000","78,027,000","76,733,000","78,614,000","76,035,000","74,350,000","68,638,000","70,776,000","59,070,000","55,866,000","61,277,000","55,478,000","48,982,000","57,176,000","53,984,000","4,072,000","71,811,000","71,838,000","78,636,000","89,661,000","81,828,000","82,853,000","81,063,000","90,322,000","76,727,000","82,527,000","84,962,000","91,927,000","77,745,000","77,971,000","79,535,000","82,960,000","71,332,000","73,560,000","72,666,000","72,728,000","66,493,000","69,657,000","66,063,390.745","65,211,000","59,055,000","63,340,000","61,647,000","64,142,000","55,584,000","57,985,000","56,540,000","60,158,000","54,910,000","56,533,000","50,849,000","52,825,000","49,062,000","47,618,846.154","43,200,000","58,478,703.704","37,216,557.377","39,060,681.115","33,165,703.971","56,615,625","26,956,375.839","27,251,670.379","23,414,987.08","25,319,047.619","21,758,241.758","22,014,010.989","19,144,200.627","21,001,449.275","18,011,551.155","18,555,844.156","16,053,962.264","17,588,153.31","14,866,396.761","15,551,181.102","13,489,189.189","14,690,082.645","12,789,573.46","13,289,497.717","10,320,000","12,376,020.408","10,748,571.429","11,413,903.743","9,475,324.675","10,771,764.706","9,236,734.694","9,637,820.513","6,274,509.804","9,066,666.667","7,208,620.69","7,283,333.333","6,783,035.714","7,770,731.707","5,816,494.845",,,,,,,,,,,,,,,,,,
InterestIncome,"266,000","56,000","56,000","56,000","98,000","87,000","218,000","64,000","196,000","347,000","283,000","162,000","271,000","70,000","391,000","496,000","370,000","384,000","291,000","297,000","130,000","11,000","31,000","65,000","331,000","335,000","111,000","119,000","171,000","96,000","19,000","53,000","33,000","44,000","84,000","68,000","51,000","132,000","149,000","77,000","801,000","373,000","403,000","365,000","778,000","280,000","394,000","578,000","600,000","422,000","314,000","359,000",,,,,,,,,,,,,,,,,,,,,,,,,,,,,,,,,,,,,,,,,,,,,,,,,,,,,,,,,,,,,,,,,,,,,,,,,,,,,,,,,,,,,,,,,,,,,,,,
InterestExpense,"90,337,000","22,030,000","21,902,000","21,854,000","24,551,000","24,552,000","24,557,000","24,550,000","25,952,000","25,943,000","26,177,000","27,321,000","25,782,000","26,770,000","24,880,000","24,304,000","24,828,000","25,901,000","29,129,000","30,317,000","45,389,000","13,696,000","13,267,000","14,172,000","15,776,000","16,163,000","16,171,000","16,412,000","16,395,000","16,254,000","15,929,000","16,583,000","16,396,000","16,418,000","16,485,000","16,523,000","16,518,000","16,302,000","16,294,000","16,598,000","18,344,000","17,219,000","17,728,000","17,334,000","12,749,000","12,520,000","12,161,000","12,274,000","12,420,000","11,575,000","12,579,000","12,038,000",,,,,,,,,,,,,,,,,,,,,,,,,,,,,,,,,,,,,,,,,,,,,,,,,,,,,,,,,,,,,,,,,,,,,,,,,,,,,,,,,,,,,,,,,,,,,,,,
NetInterestIncome,"-90,071,000","-21,974,000","-21,846,000","-21,798,000","-24,453,000","-24,465,000","-24,339,000","-24,486,000","-25,756,000","-25,596,000","-25,894,000","-27,159,000","-25,511,000","-26,700,000","-24,489,000","-23,808,000","-24,458,000","-25,517,000","-28,838,000","-30,020,000","-45,259,000","-13,685,000","-13,236,000","-14,107,000","-15,445,000","-15,828,000","-16,060,000","-16,293,000","-16,224,000","-16,158,000","-15,910,000","-16,530,000","-16,363,000","-16,374,000","-16,401,000","-16,455,000","-16,467,000","-16,170,000","-16,145,000","-16,521,000","-17,543,000","-16,846,000","-17,325,000","-16,969,000","-11,971,000","-12,240,000","-11,767,000","-11,696,000","-11,820,000","-11,153,000","-12,265,000","-11,679,000",,,,,,,,,,,,,,,,,,,,,,,,,,,,,,,,,,,,,,,,,,,,,,,,,,,,,,,,,,,,,,,,,,,,,,,,,,,,,,,,,,,,,,,,,,,,,,,,
EBIT,"1,539,646,000","407,661,000","381,284,000","394,157,000","356,544,000","326,555,000","353,090,000","349,770,000","207,630,000","314,999,000","334,747,000","306,308,000","314,682,000","278,325,000","345,404,000","265,724,000","265,870,000","200,408,000","235,502,000","249,396,000","169,307,000","194,706,000","202,889,000","207,026,000","203,271,000","193,287,000","200,460,000","185,626,000","176,223,000","173,713,000","181,194,000","191,899,000","230,280,000","150,206,000","153,056,000","140,138,000","153,922,000","133,155,000","139,172,000","139,371,000","141,633,000","137,909,000","133,088,000","128,939,000","129,655,000","109,156,000","102,738,000","100,824,000","102,118,000","84,433,000","106,703,000","99,250,000","24,341,000","119,308,000","130,392,000","137,788,000","153,319,000","138,031,000","145,443,000","140,662,000","155,900,000","132,699,000","142,445,000","146,353,000","154,537,000","129,701,000","130,549,000","132,051,000","135,432,000","117,542,000","121,524,000","120,029,000","120,381,000","110,692,000","116,483,000","111,318,000","110,389,000","100,224,000","107,977,000","105,181,000","102,754,000","89,077,000","93,537,000","91,534,000","99,559,000","90,568,000","93,456,000","84,329,000","88,150,000","81,874,000","80,900,000","72,900,000","96,800,000","61,900,000","65,900,000","56,600,000","71,000,000","45,100,000","45,400,000","39,400,000","42,900,000","37,200,000","37,400,000","33,100,000","35,800,000","31,800,000","32,700,000","28,500,000","30,500,000","25,700,000","26,800,000","23,100,000","25,400,000","22,100,000","23,200,000","19,800,000","21,200,000","19,000,000","20,100,000","16,600,000","18,000,000","16,000,000","17,000,000","11,300,000","14,500,000","12,000,000","12,300,000","11,400,000","12,500,000","10,000,000","70,300,000","65,900,000","-141,700,000","61,200,000","60,700,000","56,600,000","-118,400,000","52,200,000","51,000,000","45,500,000","-91,400,000","41,800,000","41,700,000","35,000,000","-70,700,000","31,500,000","31,200,000","28,900,000"
EBITDA,"1,935,099,000"
ReconciledCostOfRevenue,"4,070,334,000","1,062,388,000","1,037,140,000","994,194,000","976,612,000","967,540,000","937,164,000","920,374,000","911,764,000","986,253,000","991,358,000","961,997,000","970,165,000","927,177,000","943,110,000","923,263,000","917,212,000","888,675,000","890,072,000","872,150,000","792,523,000","714,711,000","725,496,000","710,356,000","717,687,000","691,475,000","691,680,000","674,746,000","655,923,000","633,540,000","641,955,000","624,131,000","665,117,000","651,112,000","666,834,000","654,363,000","661,871,000","633,733,000","628,350,000","605,450,000","609,714,000","586,209,000","589,329,000","578,140,000","579,040,000","545,906,000","545,918,000","530,233,000","523,881,000","502,205,000","514,662,000","508,774,000","544,332,000","532,202,000","570,184,000","577,096,000","576,520,000","564,727,000","563,297,000","551,756,000","550,101,000","519,571,000","532,193,000","523,680,000","512,054,000","483,451,000","485,324,000","467,987,000","460,734,000","433,787,000","440,885,000","427,118,000","428,258,000","401,229,000","407,872,000","390,208,000","397,188,000","389,341,000","397,135,000","383,713,000","348,258,000","316,151,000","321,950,000","327,323,000","410,203,000","288,197,000","288,954,000","277,078,000","268,507,000","255,250,000","249,500,000","249,600,000","386,000,000","193,100,000","203,800,000","193,600,000","250,400,000","140,100,000","136,900,000","125,600,000","123,100,000","112,600,000","114,000,000","103,200,000","104,000,000","99,500,000","99,200,000","91,000,000","93,000,000","82,500,000","82,700,000","75,500,000","78,000,000","68,800,000","68,000,000","63,400,000","68,300,000","61,200,000","60,400,000","56,700,000","57,000,000","54,800,000","58,400,000","48,300,000","46,600,000","43,700,000","44,900,000","42,000,000","43,400,000","39,600,000",,,,,,,,,,,,,,,,,,
ReconciledDepreciation,"395,453,000","100,684,000","98,690,000","97,949,000","98,130,000","97,167,000","96,475,000","96,179,000","96,560,000","96,163,000","94,336,000","91,994,000","93,764,000","91,658,000","88,376,000","86,295,000","74,514,000","66,063,000","70,330,000","68,509,000","64,881,000","44,664,000","43,882,000","43,168,000","42,608,000","41,777,000","41,126,000","39,768,000","39,042,000","37,887,000","38,499,000","39,654,000","45,577,000","48,364,000","48,527,000","48,394,000","48,251,000","59,805,000","40,979,000","40,342,000","40,265,000","38,644,000","38,645,000","38,277,000","38,760,000","37,563,000","37,201,000","37,362,000","38,225,000","37,935,000","37,350,000","38,549,000","81,987,000","39,747,000","28,487,000","49,885,000","49,456,000","48,835,000","47,390,000","46,222,000","45,875,000","44,298,000","42,985,000","42,768,000","42,509,000","40,484,000","39,307,000","38,353,000","37,990,000","37,121,000","36,636,000","36,428,000","36,064,000","35,861,000","35,899,000","35,435,000","34,067,000","35,682,000","35,246,000","38,066,000","30,669,000","30,328,000","29,623,000","29,405,000","29,142,000","28,610,000","26,721,000","27,616,000","25,809,000","24,104,000","26,100,000","23,500,000","40,400,000","17,800,000","14,300,000","17,700,000","16,300,000","14,900,000","13,000,000","13,000,000","12,900,000","12,800,000","10,700,000","11,300,000","12,400,000","10,400,000","10,200,000","10,100,000","9,800,000","9,400,000","9,400,000","9,100,000","9,000,000","8,800,000","8,700,000","8,600,000","7,100,000","5,400,000","5,400,000","5,200,000","5,400,000","4,800,000","5,200,000","4,000,000","5,100,000","4,500,000","3,400,000","3,400,000","3,400,000","3,000,000",,,,,,,,,,,,,,,,,,
NetIncomeFromContinuingOperationNetMinorityInterest,"1,209,018,000","315,448,000","294,669,000","331,179,000","267,722,000","258,384,000","284,857,000","300,005,000","144,585,000","234,520,000","246,443,000","250,812,000","226,171,000","200,923,000","242,994,000","212,547,000","189,298,000","295,789,000","137,737,000","161,108,000","77,094,000","118,647,000","123,454,000","138,091,000","118,011,000","117,279,000","115,453,000","106,198,000","101,204,000","93,636,000","103,446,000","109,791,000","127,224,000","84,602,000","84,862,000","77,754,000","85,977,000","74,705,000","78,027,000","76,733,000","78,614,000","76,035,000","74,350,000","68,638,000","70,776,000","59,070,000","55,866,000","61,277,000","55,478,000","48,982,000","57,176,000","53,984,000","4,072,000","71,811,000","71,838,000","78,636,000","89,661,000","81,828,000","82,853,000","81,063,000","90,322,000","76,727,000","82,527,000","84,962,000","91,927,000","77,745,000","77,971,000","79,535,000","82,960,000","71,332,000","73,560,000","72,666,000","72,728,000","66,493,000","69,657,000","63,327,000","65,211,000","59,055,000","63,340,000","61,647,000","64,142,000","55,584,000","57,985,000","56,540,000","60,158,000","54,910,000","56,533,000","50,849,000","52,825,000","49,062,000","48,300,000","43,200,000","27,400,000","37,900,000","39,800,000","33,900,000","43,200,000","27,700,000","28,000,000","24,100,000","26,000,000","22,500,000","22,700,000","19,700,000","21,500,000","18,500,000","18,800,000","16,300,000","17,900,000","15,300,000","15,800,000","13,800,000","15,000,000","13,100,000","13,600,000","10,500,000","12,700,000","11,000,000","11,600,000","9,600,000","10,900,000","9,300,000","9,700,000","6,400,000","9,200,000","7,400,000","7,600,000","7,100,000","8,100,000","6,200,000",,,,,,,,,,,,,,,,,,
TotalUnusualItemsExcludingGoodwill,"0",,,,,,,,"0","0","0","0","-914,000","-799,000","61,526,000","-4,850,000","-15,031,000","-9,821,000","-13,074,000","-3,971,000","-63,746,000","-9,344,000","-3,347,000","-2,787,000","0","0","0","0","-1,667,000","0","0","28,358,000","63,975,000",,,,,,,,,,,,,,,,,,,,,,,,,,,,,,,,,,,,,,,,"0",,,"-4,343,000",,,,,,,,,,,,,,,"1,100,000",,"-49,000,000","1,100,000","1,200,000","1,200,000","-15,900,000","1,200,000","1,200,000","1,100,000","1,100,000","1,200,000","1,100,000","900,000","800,000","800,000","400,000","400,000","500,000","700,000","400,000","500,000","500,000","500,000","500,000","300,000","500,000","400,000","300,000","200,000","200,000","100,000","100,000","200,000","200,000","300,000","500,000","500,000","500,000","600,000",,,,,,,,,,,,,,,,,,
TotalUnusualItems,"0",,,,,,,,"0","0","0","0","-914,000","-799,000","61,526,000","-4,850,000","-15,031,000","-9,821,000","-13,074,000","-3,971,000","-63,746,000","-9,344,000","-3,347,000","-2,787,000","0","0","0","0","-1,667,000","0","0","28,358,000","63,975,000",,,,,,,,,,,,,,,,,,,,,,,,,,,,,,,,,,,,,,,,"0",,,"-4,343,000",,,,,,,,,,,,,,,"1,100,000",,"-49,000,000","1,100,000","1,200,000","1,200,000","-15,900,000","1,200,000","1,200,000","1,100,000","1,100,000","1,200,000","1,100,000","900,000","800,000","800,000","400,000","400,000","500,000","700,000","400,000","500,000","500,000","500,000","500,000","300,000","500,000","400,000","300,000","200,000","200,000","100,000","100,000","200,000","200,000","300,000","500,000","500,000","500,000","600,000",,,,,,,,,,,,,,,,,,
NormalizedEBITDA,"1,935,099,000","508,345,000","479,974,000","492,106,000","454,674,000","423,722,000","449,565,000","445,949,000","304,190,000","411,162,000","429,083,000","398,302,000","409,360,000","370,782,000","372,254,000","356,869,000","355,415,000","276,292,000","318,906,000","321,876,000","297,934,000","248,714,000","250,118,000","252,981,000","245,879,000","235,064,000","241,586,000","225,394,000","216,932,000","211,600,000","219,693,000","203,195,000","275,857,000","198,570,000","201,583,000","188,532,000","202,173,000","192,960,000","180,151,000","179,713,000","181,898,000","176,553,000","171,733,000","167,216,000","168,415,000","146,719,000","139,939,000","138,186,000","140,343,000","122,368,000","144,053,000","137,799,000","106,328,000","159,055,000","158,879,000","187,673,000","202,775,000","186,866,000","192,833,000","186,884,000","201,775,000","176,997,000","185,430,000","189,121,000","197,046,000","170,185,000","169,856,000","170,404,000","173,422,000","154,663,000","158,160,000","156,457,000","156,445,000","146,553,000","152,382,000","151,096,000","144,456,000","135,906,000","143,223,000","143,247,000","133,423,000","119,405,000","123,160,000","120,939,000","128,701,000","119,178,000","120,177,000","111,945,000","113,959,000","105,978,000","105,900,000","96,400,000","186,200,000","78,600,000","79,000,000","73,100,000","103,200,000","58,800,000","57,200,000","51,300,000","54,700,000","48,800,000","47,000,000","43,500,000","47,400,000","41,400,000","42,500,000","38,200,000","39,800,000","34,400,000","35,800,000","31,700,000","33,900,000","30,400,000","31,400,000","28,100,000","27,800,000","24,000,000","25,200,000","21,600,000","23,200,000","20,700,000","22,100,000","15,100,000","19,400,000","16,300,000","15,200,000","14,300,000","15,400,000","12,400,000","70,300,000","65,900,000","-141,700,000","61,200,000","60,700,000","56,600,000","-118,400,000","52,200,000","51,000,000","45,500,000","-91,400,000","41,800,000","41,700,000","35,000,000","-70,700,000","31,500,000","31,200,000","28,900,000"
TaxRateForCalcs,"0.166","0.182","0.18","0.11","0.194","0.144","0.133","0.078","0.204","0.189","0.201","0.101","0.217","0.201","0.242","0.12","0.215","0.27","0.333","0.265","0.378","0.345","0.349","0.284","0.371","0.338","0.374","0.372","0.376","0.362","0.374","0.374","0.35","0.368","0.379","0.371","0.374","0.361","0.365","0.375","0.362","0.37","0.355","0.385","0.395","0.389","0.383","0.308","0.382","0.328","0.393","0.381","0.35","0.332","0.394","0.375","0.365","0.35","0.383","0.373","0.373","0.373","0.373","0.373","0.373","0.375","0.373","0.371","0.37","0.37","0.37","0.37","0.37","0.37","0.37","0.37","0.371","0.369","0.37","0.37","0.106","0.37","0.37","0.37","0.377","0.374","0.377","0.376","0.376","0.38","0.381","0.383","0.366","0.379","0.384","0.388","0.156","0.38","0.376","0.377","0.381","0.382","0.376","0.382","0.377","0.389","0.39","0.385","0.376","0.381","0.378","0.378","0.38","0.379","0.379","0.4","0.352","0.371","0.38","0.377","0.359","0.367","0.378","0.373","0.333","0.362","0.367","0.366","0.341","0.361",,,,,,,,,,,,,,,,,,
TaxEffectOfUnusualItems,"0","0","0","0","0","0","0","0","0","0","0","0","-198,457.272","-160,599","14,889,292","-582,000","-3,226,674.455","-2,651,670","-4,353,642","-1,052,315","-24,087,240.788","-3,223,680","-1,168,103","-791,508","0","0","0","0","-626,965.888","0","0","10,605,892","0","0","0","0","0","0","0","0","0","0","0","0","0","0","0","0","0","0","0","0","0","0","0","0","0","0","0","0","0","0","0","0","0","0","0","0","0","0","0","0","0","0","0","-1,606,609.255","0","0","0","0","0","0","0","0","0","0","0","0","0","0","418,846.154","0","-17,921,296.296","416,557.377","460,681.115","465,703.971","-2,484,375","456,375.839","451,670.379","414,987.08","419,047.619","458,241.758","414,010.989","344,200.627","301,449.275","311,551.155","155,844.156","153,962.264","188,153.31","266,396.761","151,181.102","189,189.189","190,082.645","189,573.46","189,497.717","120,000","176,020.408","148,571.429","113,903.743","75,324.675","71,764.706","36,734.694","37,820.513","74,509.804","66,666.667","108,620.69","183,333.333","183,035.714","170,731.707","216,494.845",,,,,,,,,,,,,,,,,,