name,ttm,12/31/2021,09/30/2021,06/30/2021,03/31/2021,12/31/2020,09/30/2020,06/30/2020,03/31/2020,12/31/2019,09/30/2019,06/30/2019,03/31/2019,12/31/2018,09/30/2018,06/30/2018,03/31/2018,12/31/2017,09/30/2017,06/30/2017,03/31/2017,12/31/2016,09/30/2016,06/30/2016,03/31/2016,12/31/2015,09/30/2015,06/30/2015,03/31/2015,12/31/2014,09/30/2014,06/30/2014,03/31/2014,12/31/2013,09/30/2013,06/30/2013,03/31/2013,12/31/2012,09/30/2012,06/30/2012,03/31/2012,12/31/2011,09/30/2011,06/30/2011,03/31/2011,12/31/2010,09/30/2010,06/30/2010,03/31/2010,12/31/2009,09/30/2009,06/30/2009,03/31/2009,12/31/2008,09/30/2008,06/30/2008,03/31/2008,12/31/2007,09/30/2007,06/30/2007,03/31/2007,12/31/2006,09/30/2006,06/30/2006,03/31/2006,12/31/2005,09/30/2005,06/30/2005,03/31/2005,12/31/2004,09/30/2004,06/30/2004,03/31/2004,12/31/2003,09/30/2003,06/30/2003,03/31/2003,12/31/2002,09/30/2002,06/30/2002,03/31/2002,12/31/2001,09/30/2001,06/30/2001,03/31/2001,12/31/2000,09/30/2000,06/30/2000,03/31/2000,12/31/1999,09/30/1999,06/30/1999,03/31/1999,12/31/1998,09/30/1998,06/30/1998,03/31/1998,12/31/1997,09/30/1997,06/30/1997,03/31/1997,12/31/1996,09/30/1996,06/30/1996,03/31/1996,12/31/1995,09/30/1995,06/30/1995,03/31/1995,12/31/1994,09/30/1994,06/30/1994,03/31/1994,12/31/1993,09/30/1993,06/30/1993,03/31/1993,12/31/1992,09/30/1992,06/30/1992,03/31/1992,12/31/1991,09/30/1991,06/30/1991,03/31/1991,12/31/1990,09/30/1990,06/30/1990,03/31/1990,12/31/1989,09/30/1989,06/30/1989,03/31/1989,12/31/1988
TotalRevenue,"3,449,000,000","2,224,257,000","440,396,000","324,667,000","459,680,000","456,778,000","291,041,000","332,348,000","386,457,000","461,368,000","429,111,000","534,117,000","641,681,000","716,301,000","545,173,000","453,447,000","473,227,000","400,503,000","385,416,000","460,457,000","517,843,000","316,491,000","310,429,000","246,816,000","281,941,000","280,791,000","305,296,000","306,297,000","464,765,000","618,004,000","512,017,000","533,187,000","509,803,000","487,463,000","435,850,000","449,680,000","373,285,000","369,879,000","296,874,000","265,657,000","272,136,000","268,025,000","262,117,000","240,696,000","209,026,000","216,875,000","224,062,000","195,474,000","212,556,000","233,492,000","207,021,000","204,824,000","233,939,000","232,466,000","244,820,000","248,854,000","219,651,000","193,917,000","170,848,000","175,832,000","191,573,000","171,682,000","184,744,000","190,794,000","214,768,000","225,082,000","161,757,000","151,884,000","144,074,000","154,639,000","119,423,000","119,742,000","136,604,000","121,248,000","125,471,000","126,756,000","135,916,000","103,549,000","85,549,000","89,584,000","75,073,000","80,318,000","104,226,000","107,606,000","154,891,000","217,797,000","54,695,000","44,653,000","44,862,000","46,100,000","45,200,000","40,200,000","34,200,000","39,800,000","37,400,000","41,700,000","38,900,000","52,100,000","40,800,000","39,400,000","52,800,000","49,100,000","35,500,000","37,300,000","41,200,000","56,400,000","48,000,000","51,400,000","58,100,000","59,000,000","55,800,000","56,500,000","65,800,000","48,900,000","33,500,000","37,400,000","43,500,000","48,400,000","32,100,000","29,400,000","36,700,000","42,800,000","25,000,000","28,200,000","44,400,000","48,500,000","21,700,000","28,300,000","41,800,000","36,200,000","37,400,000","37,400,000","37,300,000","37,300,000"
	OperatingRevenue,"3,657,000,000","2,130,798,000","641,625,000","411,718,000","472,859,000","413,107,000","333,256,000","288,286,000","370,340,000","463,451,000","418,133,000","470,482,000","633,174,000","669,702,000","546,684,000","457,236,000","465,780,000","426,756,000","383,760,000","443,990,000","481,127,000","352,228,000","301,618,000","271,984,000","261,434,000","266,224,000","285,987,000","309,852,000","427,576,000","464,549,000","437,034,000","532,242,000","505,106,000","482,653,000","433,275,000","446,861,000","370,341,000","360,911,000","296,874,000","265,657,000","272,136,000","268,025,000","262,117,000","240,696,000","209,026,000","216,875,000","224,062,000","195,474,000","212,556,000","233,492,000","207,021,000","204,824,000","233,939,000","232,466,000","244,820,000","248,854,000","219,651,000","193,917,000","170,848,000","175,832,000","191,573,000","177,385,000","183,771,000","188,666,000","214,768,000","225,082,000","161,757,000","151,884,000","144,074,000","158,646,000","117,849,000","119,208,000","136,604,000","121,248,000","125,471,000","124,496,000","135,916,000","103,549,000","85,549,000","89,584,000","75,073,000","80,318,000","104,226,000","107,606,000","154,891,000","217,797,000","54,695,000","44,653,000","44,862,000","46,100,000","45,200,000","40,200,000","34,200,000","39,800,000","37,400,000","41,700,000","38,900,000","52,100,000","40,800,000","39,400,000","52,800,000","49,100,000","35,500,000","37,300,000","41,200,000","56,400,000","48,000,000","51,400,000","58,100,000","59,000,000","55,800,000","56,500,000","65,800,000","48,900,000","33,500,000","37,400,000","43,500,000","48,400,000","32,100,000","29,400,000","36,700,000","42,800,000","25,000,000","28,200,000","44,400,000","48,500,000","21,700,000","28,300,000","41,800,000","36,200,000","37,400,000","37,400,000","37,300,000","37,300,000"
CostOfRevenue,"1,512,000,000","755,646,000","267,437,000","241,191,000","247,726,000","260,575,000","266,828,000","247,294,000","260,711,000","277,763,000","275,751,000","255,929,000","247,925,000","292,802,000","361,141,000","294,838,000","219,273,000","291,773,000","293,237,000","295,547,000","287,261,000","281,693,000","272,726,000","283,591,000","300,140,000","292,628,000","284,285,000","289,805,000","336,488,000","317,127,000","283,461,000","284,175,000","272,877,000","300,235,000","268,619,000","247,719,000","234,760,000","538,357,000","66,957,000","66,695,000","73,451,000","65,615,000","55,264,000","48,449,000","61,545,000","10,646,000","41,679,000","46,373,000","52,677,000","9,974,000","45,193,000","44,154,000","61,694,000","64,301,000","52,278,000","54,066,000","52,842,000","62,414,000","42,985,000","41,880,000","51,482,000","52,188,000","48,736,000","48,149,000","58,489,000","66,657,000","47,461,000","39,370,000","57,285,000","51,804,000","31,903,000","36,278,000","56,943,000","49,203,000","41,872,000","51,027,000","52,578,000","43,111,000","31,226,000","39,663,000","34,958,000","51,847,000","44,658,000","51,995,000","54,630,000","152,907,000","13,409,000","13,224,000","11,744,000","13,300,000","11,400,000","9,700,000","10,200,000","18,600,000","14,700,000","10,500,000","10,400,000","12,500,000","10,800,000","10,600,000","10,700,000","12,100,000","10,600,000","10,300,000","9,200,000","-79,100,000","142,100,000","30,800,000","35,400,000","34,900,000","32,400,000","32,200,000","37,600,000","24,500,000","7,700,000","18,800,000","21,700,000","22,100,000","15,600,000","13,400,000","17,200,000","26,000,000","11,200,000","13,900,000","10,500,000","16,600,000","18,000,000","12,800,000","17,200,000",,,,,
GrossProfit,"1,937,000,000","1,468,611,000","172,959,000","83,476,000","211,954,000","196,203,000","24,213,000","85,054,000","125,746,000","183,605,000","153,360,000","278,188,000","393,756,000","423,499,000","184,032,000","158,609,000","253,954,000","108,730,000","92,179,000","164,910,000","230,582,000","34,798,000","37,703,000","-36,775,000","-18,199,000","-11,837,000","21,011,000","16,492,000","128,277,000","300,877,000","228,556,000","249,012,000","236,926,000","187,228,000","167,231,000","201,961,000","138,525,000","-168,478,000","229,917,000","198,962,000","198,685,000","202,410,000","206,853,000","192,247,000","147,481,000","206,229,000","182,383,000","149,101,000","159,879,000","223,518,000","161,828,000","160,670,000","172,245,000","168,165,000","192,542,000","194,788,000","166,809,000","131,503,000","127,863,000","133,952,000","140,091,000","119,494,000","136,008,000","142,645,000","156,279,000","158,425,000","114,296,000","112,514,000","86,789,000","102,835,000","87,520,000","83,464,000","79,661,000","72,045,000","83,599,000","75,729,000","83,338,000","60,438,000","54,323,000","49,921,000","40,115,000","28,471,000","59,568,000","55,611,000","100,261,000","64,890,000","41,286,000","31,429,000","33,118,000","32,800,000","33,800,000","30,500,000","24,000,000","21,200,000","22,700,000","31,200,000","28,500,000","39,600,000","30,000,000","28,800,000","42,100,000","37,000,000","24,900,000","27,000,000","32,000,000","135,500,000","-94,100,000","20,600,000","22,700,000","24,100,000","23,400,000","24,300,000","28,200,000","24,400,000","25,800,000","18,600,000","21,800,000","26,300,000","16,500,000","16,000,000","19,500,000","16,800,000","13,800,000","14,300,000","33,900,000","31,900,000","3,700,000","15,500,000","24,600,000",,,,,
OperatingExpense,"265,000,000","121,522,000","77,303,000","29,588,000","36,587,000","32,959,000","31,777,000","31,097,000","39,357,000","30,700,000","27,479,000","31,033,000","42,981,000","83,490,000","33,625,000","81,120,000","34,867,000","38,712,000","38,904,000","36,226,000","38,956,000","38,882,000","31,535,000","32,958,000","40,753,000","32,844,000","27,439,000","36,887,000","42,541,000","40,249,000","39,324,000","37,619,000","41,154,000","36,780,000","40,120,000","37,501,000","51,415,000","-290,502,000","154,016,000","188,586,000","151,489,000","130,775,000","145,474,000","119,700,000","109,574,000","170,490,000","124,586,000","92,381,000","84,826,000","135,664,000","80,526,000","83,139,000","85,748,000","22,998,000","69,313,000","94,783,000","85,986,000","58,869,000","61,887,000","57,384,000","56,920,000","61,088,000","-172,564,000","60,881,000","61,072,000","56,663,000","51,181,000","50,792,000","48,745,000","35,386,000","53,242,000","47,025,000","43,571,000","34,910,000","31,762,000","40,879,000","130,029,000","37,314,000","36,875,000","40,071,000","35,119,000","33,308,000","37,967,000","28,635,000","31,739,000","24,582,000","25,513,000","23,712,000","23,096,000","23,900,000","24,200,000","24,100,000","22,200,000","16,400,000","21,100,000","21,200,000","19,100,000","19,000,000","19,100,000","18,300,000","18,800,000","20,400,000","17,300,000","17,700,000","16,900,000","15,500,000","17,700,000","21,200,000","20,900,000","21,800,000","23,800,000","22,800,000","16,700,000","20,100,000","23,200,000","15,400,000","14,100,000","18,100,000","14,900,000","14,200,000","14,800,000","10,500,000","14,600,000","15,900,000","24,500,000","18,900,000","5,800,000","13,900,000","14,800,000",,,,,
	SellingGeneralAndAdministration,"164,000,000","46,710,000","65,098,000","23,037,000","29,155,000","24,534,000","24,262,000","23,166,000","33,429,000","22,500,000","18,391,000","22,889,000","31,090,000","30,628,000","20,724,000","21,228,000","24,060,000","26,884,000","23,244,000","23,957,000","23,700,000","18,843,000","19,776,000","20,247,000","28,376,000","15,833,000","11,102,000","19,978,000","22,529,000","21,248,000","19,579,000","20,127,000","21,636,000","22,597,000","24,697,000","21,608,000","35,704,000","27,990,000","23,829,000","46,872,000","22,549,000","26,413,000","27,949,000","26,006,000","24,299,000","29,502,000","21,077,000","12,853,000","15,746,000","19,271,000","14,921,000","17,117,000","17,065,000","13,344,000",,"33,477,000","27,573,000","9,815,000","9,715,000","12,965,000","18,280,000","20,089,000","10,715,000","13,515,000","13,849,000","10,311,000","9,679,000","12,343,000","12,371,000","-2,387,000","15,513,000","12,310,000","9,299,000","6,543,000","5,802,000","6,172,000","96,858,000","7,100,000","5,966,000","9,572,000","5,739,000","575,000","10,473,000","5,691,000","5,946,000","1,999,000","6,281,000","6,294,000","5,847,000","7,700,000","5,600,000","5,100,000","5,600,000","2,700,000","6,200,000","6,900,000","5,500,000","5,800,000","5,000,000","4,700,000","4,200,000","4,800,000","4,000,000","4,300,000","3,700,000","4,100,000","3,300,000","5,200,000","4,300,000","1,900,000","5,400,000","5,200,000","4,200,000","7,700,000","4,500,000","4,700,000","4,200,000","8,300,000","5,400,000","4,900,000","4,800,000","2,300,000","7,600,000","8,200,000","7,300,000","9,500,000","600,000","6,500,000","7,100,000",,,,,
		GeneralAndAdministrativeExpense,"164,000,000","46,710,000","65,098,000","23,037,000","29,155,000","24,534,000","24,262,000","23,166,000","33,429,000","22,500,000","18,391,000","22,889,000","31,090,000","30,628,000","20,724,000","21,228,000","24,060,000","26,884,000","23,244,000","23,957,000","23,700,000","18,843,000","19,776,000","20,247,000","28,376,000","15,833,000","11,102,000","19,978,000","22,529,000","21,248,000","19,579,000","20,127,000","21,636,000","22,597,000","24,697,000","21,608,000","35,704,000","27,989,000",,"46,872,000","22,549,000","26,413,000","27,949,000","26,006,000","24,299,000",,"21,077,000","12,853,000","15,746,000",,"14,921,000","17,117,000",,,,,,,,,,,,,,,,,,,,,,,,,,,,,,,,,,,,,,,,,,,,,,,,,,,,,,,,,,,,,,,,,,,,,,,,,,,,,,,,,,
			SalariesAndWages,"57,000,000","31,000,000",,,,"7,221,000","11,372,000",,,"6,808,000",,"6,721,000","15,132,000","15,516,000",,,"5,447,000","7,863,000","7,849,000",,,"2,952,000",,,"10,606,000","2,058,000",,,,"6,333,000",,"6,274,000","3,171,000","10,862,000",,"10,043,000","18,669,000","10,070,000",,"11,397,000","1,655,000","10,181,000","10,032,000","11,178,000","8,138,000",,"3,823,000","2,384,000","3,224,000",,"5,292,000","6,171,000",,,,,,,,,,,,,,,,,,,,,,,,,,,,,,,,,,,,,,,,,,,,,,,,,,,,,,,,,,,,,,,,,,,,,,,,,,,,,,,,,,
			OtherGandA,"107,000,000","-10,290,000","65,098,000","23,037,000","29,155,000","24,534,000","24,262,000","23,166,000","33,429,000","22,500,000","18,391,000","22,889,000","31,090,000","30,628,000","20,724,000","21,228,000","24,060,000","26,884,000","23,244,000","23,957,000","23,700,000","18,843,000","19,776,000","20,247,000","28,376,000","15,833,000","11,102,000","19,978,000","22,529,000","21,248,000","19,579,000","20,127,000","21,636,000","22,597,000","24,697,000","21,608,000","35,704,000","17,919,000",,"35,475,000","20,894,000","16,232,000","17,917,000","14,828,000","16,161,000",,"17,254,000","10,469,000","12,522,000",,"9,629,000","10,946,000",,,,,,,,,,,,,,,,,,,,,,,,,,,,,,,,,,,,,,,,,,,,,,,,,,,,,,,,,,,,,,,,,,,,,,,,,,,,,,,,,,
	DepreciationAmortizationDepletionIncomeStatement,,,,,,,,,,,,,,,,,,,,,,,,,,,,,,,,,,,,,,,"110,448,000","114,616,000","110,357,000","92,499,000","90,293,000","83,225,000","77,124,000","91,504,000","85,355,000","67,687,000","58,275,000","55,491,000","54,886,000","55,108,000","55,785,000","52,510,000","48,895,000","42,482,000","41,516,000","38,550,000","37,744,000","34,262,000","33,395,000","32,160,000","32,088,000","32,792,000","31,935,000","29,112,000","26,578,000","26,112,000","26,656,000","26,758,000","27,734,000","24,622,000","24,229,000","23,985,000","23,647,000","23,764,000","23,507,000","24,429,000","25,420,000","23,453,000","23,210,000","25,814,000","22,716,000","16,198,000","15,891,000","15,112,000","13,216,000","12,464,000","12,648,000","11,800,000","13,800,000","14,800,000","13,000,000","10,000,000","11,100,000","10,300,000","9,800,000","9,300,000","10,600,000","10,100,000","10,500,000","12,200,000","10,400,000","10,300,000","9,800,000","9,000,000","11,400,000","13,100,000","13,700,000","16,700,000","15,100,000","14,600,000","9,900,000","9,700,000","16,400,000","8,400,000","7,700,000","7,800,000","7,700,000","7,700,000","8,300,000","5,800,000","5,900,000","6,200,000","15,200,000","7,600,000","4,200,000","6,000,000","6,200,000",,,,,
		DepreciationAndAmortizationInIncomeStatement,,,,,,,,,,,,,,,,,,,,,,,,,,,,,,,,,,,,,,,,,,,,,,,,,,,,,,"52,510,000","48,895,000","42,482,000","41,516,000","38,550,000","37,744,000","34,262,000","33,395,000","32,160,000","32,088,000","32,792,000","31,935,000","29,112,000","26,578,000","26,112,000","26,656,000","26,758,000","27,734,000","24,622,000","24,229,000","23,985,000","23,647,000","23,764,000","23,507,000","24,429,000","25,420,000","23,453,000","23,210,000","25,814,000","22,716,000","16,198,000","15,891,000","15,112,000","13,216,000","12,464,000","12,648,000","11,800,000","13,800,000","14,800,000","13,000,000","10,000,000","11,100,000","10,300,000","9,800,000","9,300,000","10,600,000","10,100,000","10,500,000","12,200,000","10,400,000","10,300,000","9,800,000","9,000,000","11,400,000","13,100,000","13,700,000","16,700,000","15,100,000","14,600,000","9,900,000","9,700,000","16,400,000","8,400,000","7,700,000","7,800,000","7,700,000","7,700,000","8,300,000","5,800,000","5,900,000","6,200,000","15,200,000","7,600,000","4,200,000","6,000,000","6,200,000",,,,,
	OtherTaxes,"83,000,000","65,805,000","8,207,000","4,183,000","4,805,000","3,675,000","3,615,000","3,352,000","3,738,000","2,959,000","4,607,000","3,640,000","5,847,000","7,208,000","2,852,000","5,392,000","7,190,000","6,925,000","9,194,000","8,310,000","9,058,000","5,486,000","8,771,000","8,973,000","5,994,000","8,511,000","11,407,000","11,611,000","11,280,000","10,218,000","10,933,000","12,816,000","13,044,000","8,462,000","11,532,000","11,364,000","11,687,000","9,001,000","10,436,000","10,854,000","18,583,000","6,506,000","7,042,000","5,877,000","8,151,000","6,759,000","8,489,000","11,841,000","10,805,000","10,118,000","10,719,000","10,914,000","12,898,000","9,791,000","20,627,000","19,225,000","16,897,000","11,659,000","14,379,000","14,579,000","13,165,000","10,912,000","14,366,000","14,578,000","15,495,000","17,240,000","14,939,000","12,396,000","9,718,000","10,884,000","10,115,000","9,921,000","10,102,000","8,962,000","9,301,000","8,651,000","10,224,000","5,834,000","5,273,000","7,475,000","6,152,000","7,177,000","4,547,000","6,715,000","9,902,000","7,471,000","6,016,000","4,954,000","4,601,000","4,400,000","4,800,000","4,200,000","3,600,000","3,700,000","3,800,000","4,000,000","3,800,000","3,900,000","3,500,000","3,500,000","4,100,000","3,400,000","2,900,000","3,100,000","3,400,000","2,400,000","3,000,000","2,900,000","2,900,000","3,200,000","3,300,000","3,000,000","2,600,000","2,700,000","2,300,000","2,300,000","2,200,000","2,000,000","1,800,000","1,600,000","1,700,000","2,400,000","1,100,000","1,500,000","2,000,000","1,800,000","1,000,000","1,400,000","1,500,000",,,,,
	OtherOperatingExpenses,"18,000,000","9,007,000","3,998,000","2,368,000","2,627,000","4,750,000","3,900,000","4,579,000","2,190,000","5,241,000","4,481,000","4,504,000","6,044,000","45,654,000","10,049,000","54,500,000","3,617,000","4,903,000","6,466,000","3,959,000","6,198,000","14,553,000","2,988,000","3,738,000","6,383,000","8,500,000","4,930,000","5,298,000","8,732,000","8,783,000","8,812,000","4,676,000","6,474,000","5,721,000","3,891,000","4,529,000","4,024,000","7,928,000","9,303,000","16,244,000",,"5,357,000","20,190,000","4,592,000",,,"9,665,000","-4,387,000","-759,000",,,,,"-52,647,000","-209,000","-401,000",,"-1,155,000","49,000","-4,422,000","-7,920,000","-2,073,000","-229,733,000","-4,000","-207,000","0","-15,000","-59,000",,"131,000","-120,000","172,000","-59,000","-4,580,000","-6,988,000","2,292,000","-560,000","-49,000","216,000","-429,000","18,000",,"231,000","31,000",,,,,,,,,,,,,,,,,,,,,,,,,,,,,,,,,,,,,,,,,,,,,,,,,,
OperatingIncome,"1,672,000,000","1,347,089,000","95,656,000","53,888,000","175,367,000","163,244,000","-7,564,000","53,957,000","86,389,000","152,905,000","125,881,000","247,155,000","350,775,000","340,009,000","150,407,000","77,489,000","219,087,000","70,018,000","53,275,000","128,684,000","191,626,000","-4,084,000","6,168,000","-69,733,000","-58,952,000","-44,681,000","-6,428,000","-20,395,000","85,736,000","260,628,000","189,232,000","211,393,000","195,772,000","150,448,000","127,111,000","164,460,000","87,110,000","122,024,000","75,901,000","10,376,000","47,196,000","71,635,000","61,379,000","72,547,000","37,907,000","35,739,000","57,797,000","56,720,000","75,053,000","87,854,000","81,302,000","77,531,000","86,497,000","145,167,000","123,229,000","100,005,000","80,823,000","72,634,000","65,976,000","76,568,000","83,171,000","58,406,000","308,572,000","81,764,000","95,207,000","101,762,000","63,115,000","61,722,000","38,044,000","67,449,000","34,278,000","36,439,000","36,090,000","37,135,000","51,837,000","34,850,000","-46,691,000","23,124,000","17,448,000","9,850,000","4,996,000","-4,837,000","21,601,000","26,976,000","68,522,000","40,308,000","15,773,000","7,717,000","10,022,000","8,900,000","9,600,000","6,400,000","1,800,000","4,800,000","1,600,000","10,000,000","9,400,000","20,600,000","10,900,000","10,500,000","23,300,000","16,600,000","7,600,000","9,300,000","15,100,000","120,000,000","-111,800,000","-600,000","1,800,000","2,300,000","-400,000","1,500,000","11,500,000","4,300,000","2,600,000","3,200,000","7,700,000","8,200,000","1,600,000","1,800,000","4,700,000","6,300,000","-800,000","-1,600,000","9,400,000","13,000,000","-2,100,000","1,600,000","9,800,000","36,200,000","-97,900,000","37,400,000","37,300,000","37,300,000"
NetNonOperatingInterestIncomeExpense,"-62,000,000","-24,488,000","-12,577,000","-12,558,000","-12,377,000","-10,981,000","-14,389,000","-14,543,000","-14,211,000","-14,650,000","-13,554,000","-14,567,000","-12,181,000","-15,624,000","-14,191,000","-23,328,000","-20,058,000","-20,410,000","-20,331,000","-20,619,000","-20,771,000","-20,515,000","-21,483,000","-21,963,000","-24,375,000","-24,667,000","-24,510,000","-24,168,000","-23,566,000","-23,473,000","-17,422,000","-16,334,000","-16,557,000","-16,190,000","-15,796,000","-16,701,000","-16,255,000","-16,662,000","-16,219,000","-18,495,000","-16,917,000","-17,735,000","-18,517,000","-18,044,000","-17,367,000","-20,502,000","-16,758,000","-15,769,000","-14,912,000","-14,850,000","-14,857,000","-15,046,000","-14,226,000",,,,,,,,,,,,,,,,,,,,,,,,,,,,,,,,,,,,,,,,,,,,,,,,,,,,,,,,,,,,,,,,,,,,,,,,,,,,,,,,,
	InterestExpenseNonOperating,"62,000,000","24,488,000","12,577,000","12,558,000","12,377,000","10,981,000","14,389,000","14,543,000","14,211,000","14,650,000","13,554,000","14,567,000","12,181,000","15,624,000","14,191,000","23,328,000","20,058,000","20,410,000","20,331,000","20,619,000","20,771,000","20,515,000","21,483,000","21,963,000","24,375,000","24,667,000","24,510,000","24,168,000","23,566,000","23,473,000","17,422,000","16,334,000","16,557,000","16,190,000","15,796,000","16,701,000","16,255,000","16,662,000","16,219,000","18,495,000","16,917,000","17,735,000","18,517,000","18,044,000","17,367,000","20,502,000","16,758,000","15,769,000","14,912,000","14,850,000","14,857,000","15,046,000","14,226,000",,,,,,,,,,,,,,,,,,,,,,,,,,,,,,,,,,,,,,,,,,,,,,,,,,,,,,,,,,,,,,,,,,,,,,,,,,,,,,,,,
	TotalOtherFinanceCost,,,,,,,,,,"14,650,000","13,554,000","14,567,000","12,181,000","15,624,000","14,191,000","23,328,000","20,058,000","20,410,000","20,331,000",,,,,,,,,,,,,,,,,,,,,,,,,"18,044,000",,,,,,,,,,,,,,,,,,,,,,,,,,,,,,,,,,,,,,,,,,,,,,,,,,,,,,,,,,,,,,,,,,,,,,,,,,,,,,,,,,,,,,,,,,
OtherIncomeExpense,"-108,000,000","-108,136,000","137,000","-26,000","25,000","-410,000","-26,000","-289,000","-54,000","69,160,000","3,753,000","3,507,000","2,040,000","553,000","25,529,000","422,000","-42,157,000","-508,842,000","-8,206,000","-70,929,000","-1,930,000","-439,393,000","-2,972,000","-5,660,000","3,363,000","-112,989,000","5,404,000","1,433,000","1,559,000","-749,921,000","1,109,000","-740,000","-1,285,000","16,750,000","4,421,000","276,000","-96,000","-16,407,000","-126,000","67,703,000","-535,000","26,974,000","3,854,000","34,071,000","-1,517,000","95,769,000","-35,524,000","-4,652,000","-15,982,000","-24,444,000","-6,579,000","-6,730,000","3,400,000","-63,412,000","-16,815,000","-11,437,000","-9,502,000","-4,629,000","-20,959,000","-8,224,000","-52,000","-11,058,000","223,054,000","-5,634,000","-6,953,000","-3,640,000","-8,169,000","59,000",,"-31,344,000","1,694,000","362,000","59,000","-94,000","-9,426,000","-32,000","560,000","-7,939,000","-4,890,000","429,000","-18,000","-33,566,000","-231,000","-31,000","4,000","-12,946,000","26,000","-16,440,000","4,751,000","-1,400,000","4,500,000","1,800,000","1,100,000","400,000","100,000",,"1,200,000","-200,000",,"-500,000","-600,000","200,000",,"-700,000","800,000","-111,800,000",,,"-14,400,000",,,,,"600,000",,"1,000,000","700,000","-2,100,000","700,000","1,300,000","1,700,000","-200,000",,,"2,000,000","1,900,000","6,500,000","800,000","2,400,000",,,,,
	EarningsFromEquityInterest,"0","0","0","0","0","0","0","0","-59,000","69,302,000","3,860,000","3,650,000","3,684,000","2,146,000","-11,000","-4,000","-994,000","-96,500,000","-1,417,000","-1,286,000","-1,283,000","-2,685,000","-1,727,000","-73,000","2,009,000","1,834,000","1,648,000","1,512,000","1,421,000","1,261,000","1,063,000","756,000",,,,,,,,,,,,,,,,,,,,,,,,,,,,,,,,,,,,,,,,,,,,,,,,,,,,,,,,,,,,,,,,,,,,,,,,,,,,,,,,,,,,,,,,,,,,,,,,,,,,,,
	SpecialIncomeCharges,"-108,000,000","-108,275,000","184,000","20,000","71,000","-352,000","31,000","-241,000","71,000","2,000","36,000","0","-1,500,000","-1,477,000","25,655,000","544,000","-41,049,000","-412,323,000","-11,872,000","-69,958,000","-223,000","-436,708,000","-1,245,000","-5,587,000","1,354,000","-114,823,000","3,756,000","-79,000","138,000","-751,182,000","46,000","-1,496,000","-1,285,000","16,750,000","4,421,000","276,000","-96,000","-16,407,000","-126,000","67,703,000","-535,000","26,974,000","3,854,000","34,071,000","-1,517,000","95,769,000","-35,524,000","-4,652,000","-15,982,000","-24,444,000","-6,579,000","-6,730,000","3,400,000","-63,412,000","-16,815,000","-11,437,000","-9,502,000","-4,629,000","-20,959,000","-8,224,000","-52,000","-11,058,000","223,054,000","-5,634,000","-6,953,000","-3,640,000","-8,169,000","59,000",,"-31,344,000","1,694,000","362,000","59,000","-94,000","-9,426,000","-32,000","560,000","-7,939,000","-4,890,000","429,000","-18,000","-33,566,000","-231,000","-31,000","4,000","-12,946,000","26,000","-16,440,000","4,751,000","-1,400,000","4,500,000","1,800,000","1,100,000","400,000","100,000",,"1,200,000","-200,000",,"-500,000","-600,000","200,000",,"-700,000","800,000","-111,800,000",,,"-14,400,000",,,,,"600,000",,"1,000,000","700,000","-2,100,000","700,000","1,300,000","1,700,000","-200,000",,,"2,000,000","1,900,000","6,500,000","800,000","2,400,000",,,,,
		RestructuringAndMergernAcquisition,"106,000,000","26,000,000",,,,,,,,,,,,,,,,,,,,,,,,,,,,,,,,,,,,,,,,,,,,,,,,,,,,,,,,,,,,,,,,,,,,,,,,,,,,,,,,,,,,,,,,,,,,,,,,,,,,,,,,,,,,,,,,,,,,,,,,,,,,,,,,,,,,
		ImpairmentOfCapitalAssets,,,,,,,,,,,,,,"0","0",,,"414,256,000","0","68,555,000",,"435,619,000",,,,"114,875,000",,,,"771,037,000",,,,,,,,,,,,"0","0",,,"5,114,000","35,789,000","9,039,000","15,223,000","24,424,000","7,151,000","6,730,000","9,307,000",,,,,,,,,,,,,,,,,,,,,,,,,,,,,,,,,,,,,,,,,,,,,,,,,,,,,,,,,,,,,,,,,,,,,,,,,,,,,,,,,
		OtherSpecialCharges,,,,,,,,,,,,,,,,,,,,,,"0",,"4,709,000",,,,,,,,,,,,,,,,,,,"-3,854,000",,,,"-265,000",,,,,,,,,,,,,,,,,,,,,,,,,,,,,,,,,,,,,,,,,,,,,,,,,,,,,,,,,,,,,,,,,,,,,,,,,,,,,,,,,,,,,,,
		GainOnSaleOfPPE,"-2,000,000","-2,275,000","184,000","20,000","71,000","-352,000","31,000","-241,000","71,000","2,000","36,000","0","-1,500,000","-1,477,000","25,655,000","544,000","-41,049,000","1,933,000","-11,872,000","-1,403,000","-223,000","-1,089,000","-1,245,000","-878,000","1,354,000","52,000","3,756,000","-79,000","138,000","19,855,000","46,000","-1,496,000","-1,285,000","16,750,000","4,421,000","276,000","-96,000","-16,407,000",,,"-535,000",,,"34,071,000","-1,517,000","100,883,000",,"4,387,000","-759,000",,"572,000","-16,562,000","12,707,000",,,,,,,,,,,,,,,,,,,,,,,,,,,,,,,,,,,,,,,,,,,,,,,,,,,,,,,,,,,,,,,,,,,,,,,,,,,,,,,,,
	OtherNonOperatingIncomeExpenses,,,"-47,000","-46,000","-46,000","-58,000","-57,000","-48,000","-66,000","-144,000","-143,000","-143,000","-144,000","-116,000","-115,000","-118,000","-114,000","-19,000","5,083,000","315,000","-424,000",,,,,,,,,,,,,,,,,,,,,,,,,,,,,,,,,,,,,,,,,,,,,,,,,,,,,,,,,,,,,,,,,,,,,,,,,,,,,,,,,,,,,,,,,,,,,,,,,,,,,,,,,,,,,,,,,
PretaxIncome,"1,502,000,000","1,214,465,000","83,216,000","41,304,000","163,015,000","151,853,000","-21,979,000","39,125,000","72,124,000","207,415,000","116,080,000","236,095,000","340,634,000","324,938,000","161,745,000","54,583,000","156,872,000","-459,234,000","24,738,000","37,136,000","168,925,000","-463,992,000","-18,287,000","-97,356,000","-79,964,000","-182,337,000","-25,534,000","-43,130,000","63,729,000","-512,766,000","172,919,000","194,319,000","177,930,000","151,008,000","115,736,000","148,035,000","70,759,000","88,955,000","59,556,000","59,584,000","29,744,000","80,874,000","46,716,000","88,574,000","19,023,000","111,006,000","5,515,000","36,299,000","45,677,000","48,560,000","59,866,000","39,193,000","75,671,000","73,432,000","104,231,000","87,879,000","70,081,000","64,045,000","51,600,000","66,626,000","75,261,000","55,402,000","297,768,000","71,858,000","85,477,000","92,906,000","53,684,000","56,588,000","33,056,000","48,216,000","28,701,000","30,994,000","30,713,000","29,802,000","36,658,000","28,898,000","-52,316,000","12,690,000","8,797,000","3,519,000","-1,230,000","-28,004,000","16,461,000","22,272,000","63,820,000","27,992,000","10,090,000","-4,945,000","8,802,000","8,400,000","7,500,000","1,660,000","-3,800,000","-200,000","-2,700,000","5,300,000","6,400,000","15,900,000","6,200,000","5,600,000","18,200,000","12,100,000",,"3,800,000","11,000,000","-6,700,000","-117,200,000","-6,400,000","-11,200,000","-2,900,000","-5,000,000","-2,300,000","8,700,000","2,200,000","100,000","1,700,000","5,700,000","3,500,000","0","700,000","4,100,000","3,600,000","-2,900,000","-3,700,000","9,200,000","12,700,000","-900,000","2,500,000","12,100,000",,,,,
TaxProvision,"344,000,000","275,997,000","20,502,000","10,840,000","36,661,000","20,647,000","-7,018,000","8,751,000","18,214,000","60,475,000","25,722,000","55,086,000","77,871,000","49,893,000","39,408,000","12,152,000","39,641,000","-414,793,000","7,151,000","15,609,000","63,205,000","-171,232,000","-8,027,000","-34,446,000","-28,770,000","-71,213,000","-10,020,000","-15,622,000","23,474,000","-290,995,000","72,131,000","75,899,000","70,899,000","73,062,000","45,847,000","58,921,000","27,935,000","48,089,000","22,948,000","23,647,000","11,426,000","54,511,000","18,234,000","33,897,000","6,137,000","61,897,000","1,617,000","14,617,000","16,981,000","12,196,000","20,969,000","13,691,000","28,091,000","29,732,000","37,241,000","33,254,000","24,106,000","21,998,000","16,147,000","25,250,000","26,714,000","23,679,000","108,748,000","24,994,000","31,909,000","34,401,000","19,928,000","21,166,000","12,294,000","15,989,000","10,879,000","11,676,000","11,702,000","10,019,000","13,990,000","10,994,000","-19,940,000","4,036,000","2,672,000","1,398,000","-432,000","-12,403,000","6,430,000","8,679,000","24,758,000","10,921,000","3,953,000","-1,863,000","3,457,000","2,900,000","3,000,000","700,000","-1,400,000","-200,000","-1,000,000","2,200,000","2,600,000","5,700,000","2,500,000","2,300,000","7,100,000","4,600,000",,"1,600,000","4,400,000","-2,700,000","-45,300,000","-2,500,000","-4,400,000","-1,100,000","-2,000,000","-900,000","3,500,000","900,000","2,900,000","500,000","1,800,000","1,800,000","-200,000","3,100,000","1,300,000","3,900,000","-1,100,000","-1,800,000","3,900,000","4,300,000","-400,000","900,000","4,300,000",,,,,
NetIncomeCommonStockholders,"1,158,000,000","938,468,000","62,714,000","30,464,000","126,354,000","131,206,000","-14,961,000","30,374,000","53,910,000","146,940,000","90,358,000","181,009,000","262,763,000","275,045,000","122,337,000","42,431,000","117,231,000","-44,441,000","17,587,000","21,527,000","105,720,000","-292,760,000","-10,260,000","-62,910,000","-51,194,000","-111,124,000","-15,514,000","-27,508,000","40,255,000","-221,771,000","100,788,000","118,420,000","107,031,000","77,946,000","69,889,000","89,114,000","42,824,000","40,866,000","36,608,000","35,937,000","18,318,000","26,363,000","28,482,000","54,677,000","12,886,000","49,109,000","3,898,000","21,682,000","28,696,000","36,364,000","38,897,000","25,502,000","47,580,000","43,700,000","66,990,000","54,625,000","45,975,000","42,047,000","35,453,000","41,376,000","48,547,000","32,126,000","189,020,000","46,864,000","53,165,000","58,505,000","33,756,000","35,422,000","20,762,000","32,227,000","17,822,000","19,318,000","19,011,000","19,783,000","22,668,000","17,904,000","-39,223,000","8,654,000","6,125,000","2,121,000","-798,000","-15,601,000","10,031,000","13,593,000","39,062,000","17,071,000","6,137,000","-7,682,000","4,494,000","4,650,000","3,649,000","110,000","-3,251,000","-800,000","-2,600,000","2,200,000","3,000,000","9,300,000","2,300,000","1,900,000","9,700,000","6,100,000","3,000,000","800,000","5,200,000","-5,400,000","-73,300,000","-5,300,000","-8,200,000","-3,100,000","-4,400,000","-2,500,000","4,600,000","800,000","-3,400,000","800,000","3,900,000","1,700,000","200,000","-2,400,000","2,800,000","-300,000","-1,800,000","-1,900,000","5,300,000","8,400,000","-500,000","1,600,000","7,800,000",,,,,
	NetIncome,"1,158,000,000","938,468,000","62,714,000","30,464,000","126,354,000","131,206,000","-14,961,000","30,374,000","53,910,000","146,940,000","90,358,000","181,009,000","262,763,000","275,045,000","122,337,000","42,431,000","117,231,000","-44,441,000","17,587,000","21,527,000","105,720,000","-292,760,000","-10,260,000","-62,910,000","-51,194,000","-111,124,000","-15,514,000","-27,508,000","40,255,000","-221,771,000","100,788,000","118,420,000","107,031,000","77,946,000","69,889,000","89,114,000","42,824,000","40,866,000","36,608,000","35,937,000","18,318,000","26,363,000","28,482,000","54,677,000","12,886,000","49,109,000","3,898,000","21,682,000","28,696,000","36,364,000","38,897,000","25,502,000","47,580,000","43,700,000","66,990,000","54,625,000","45,975,000","42,047,000","35,453,000","41,376,000","48,547,000","32,126,000","189,020,000","46,864,000","53,165,000","58,505,000","33,756,000","35,422,000","20,762,000","32,227,000","17,822,000","19,318,000","19,011,000","19,783,000","22,668,000","17,904,000","-39,223,000","8,654,000","6,125,000","2,121,000","-798,000","-15,601,000","10,031,000","13,593,000","39,062,000","17,071,000","6,137,000","-3,082,000","5,345,000","5,500,000","4,500,000","960,000","-2,400,000","0","-1,700,000","3,100,000","3,800,000","10,200,000","3,700,000","3,300,000","11,100,000","7,500,000","4,400,000","2,200,000","6,600,000","-4,000,000","-71,900,000","-3,900,000","-6,800,000","-1,800,000","-3,000,000","-1,400,000","5,200,000","1,300,000","-2,800,000","1,200,000","3,900,000","1,700,000","200,000","-2,400,000","2,800,000","-300,000","-1,800,000","-1,900,000","5,300,000","8,400,000","-500,000","1,600,000","7,800,000",,,,,
		NetIncomeIncludingNoncontrollingInterests,"1,158,000,000","938,468,000","62,714,000","30,464,000","126,354,000","131,206,000","-14,961,000","30,374,000","53,910,000","146,940,000","90,358,000","181,009,000","262,763,000","275,045,000","122,337,000","42,431,000","117,231,000","-44,441,000","17,587,000","21,527,000","105,720,000","-292,760,000","-10,260,000","-62,910,000","-51,194,000","-111,124,000","-15,514,000","-27,508,000","40,255,000","-221,771,000","100,788,000","118,420,000","107,031,000","77,946,000","69,889,000","89,114,000","42,824,000","40,866,000","36,608,000","35,937,000","18,318,000","26,363,000","28,482,000","54,677,000","12,886,000","49,109,000","3,898,000","21,682,000","28,696,000","36,364,000","38,897,000","25,502,000","47,580,000","43,700,000","66,990,000","54,625,000","45,975,000","42,047,000","35,453,000","41,376,000","48,547,000","32,126,000","189,020,000","46,864,000","53,165,000","58,505,000","33,756,000","35,422,000","20,762,000","32,227,000","17,822,000","19,318,000","19,011,000","19,783,000","22,668,000","17,904,000","-39,223,000","8,654,000","6,125,000","2,121,000","-798,000","-15,615,000","10,045,000","13,593,000","39,062,000","17,071,000","6,137,000","-3,082,000","5,345,000","5,500,000","4,500,000","960,000","-2,400,000","0","-1,700,000","3,100,000","3,800,000","10,200,000","3,700,000","3,300,000","11,100,000","7,500,000","4,400,000","2,200,000","6,600,000","-4,000,000","-71,900,000","-3,900,000","-6,800,000","-1,800,000","-3,000,000","-1,400,000","5,200,000","1,300,000","-2,800,000","1,200,000","3,900,000","1,700,000","200,000","-2,400,000","2,800,000","-300,000","-1,800,000","-1,900,000","5,300,000","8,400,000","-500,000","1,600,000","7,800,000","5,700,000","6,400,000","6,400,000","6,400,000","6,400,000"
			NetIncomeContinuousOperations,"1,158,000,000","938,468,000","62,714,000","30,464,000","126,354,000","131,206,000","-14,961,000","30,374,000","53,910,000","146,940,000","90,358,000","181,009,000","262,763,000","275,045,000","122,337,000","42,431,000","117,231,000","-44,441,000","17,587,000","21,527,000","105,720,000","-292,760,000","-10,260,000","-62,910,000","-51,194,000","-111,124,000","-15,514,000","-27,508,000","40,255,000","-221,771,000","100,788,000","118,420,000","107,031,000","77,946,000","69,889,000","89,114,000","42,824,000","40,866,000","36,608,000","35,937,000","18,318,000","26,363,000","28,482,000","54,677,000","12,886,000","49,109,000","3,898,000","21,682,000","28,696,000","36,364,000","38,897,000","25,502,000","47,580,000","43,700,000","66,990,000","54,625,000","45,975,000","42,047,000","35,453,000","41,376,000","48,547,000","31,723,000","189,020,000","46,864,000","53,568,000","58,505,000","33,756,000","35,422,000","20,762,000","32,227,000","17,822,000","19,318,000","19,011,000","19,783,000","22,668,000","17,904,000","-32,376,000","8,654,000","6,125,000","2,121,000","-798,000","-15,601,000","10,031,000","13,593,000","39,062,000","17,071,000","6,137,000","-3,082,000","5,345,000","5,500,000","4,500,000","960,000","-2,400,000","0","-1,700,000","3,100,000","3,800,000","10,200,000","3,700,000","3,300,000","11,100,000","7,500,000","4,400,000","2,200,000","6,600,000","-4,000,000","-71,900,000","-3,900,000","-6,800,000","-1,800,000","-3,000,000","-1,400,000","5,200,000","1,300,000","-2,800,000","1,200,000","3,900,000","1,700,000","200,000","-2,400,000","2,800,000","-300,000","-1,800,000","-1,900,000","5,300,000","8,400,000","-500,000","1,600,000","7,800,000","5,700,000","6,400,000","6,400,000","6,400,000","6,400,000"
			NetIncomeExtraordinary,,,,,,,,,,,,,,,,,,,,,,,,,,,,,,,,,,,,,,,,,,,,,,,,,,,,,,,,,,,,,,,,,"-403,000",,,,,,,,,"0",,,"-6,847,000",,,,,,,,,,,,,,,,,,,,,,,,,,,,,,,,,,,,,,,,,,,,,,,,,,,,,,,,,
		MinorityInterests,,,,,,,,,,,,,,,,,,,,,,,,,,,,,,,,,,,,,,,,,,,,,,,,,,,,,,,,,,,,,,,,,,,,,,,,,,,,,,,,,,,"-14,000",,,,,,,,,,,,,,,,,,,,,,,,,,,,,,,,,,,,,,,,,,,,,,,,,,,
	PreferredStockDividends,,,,,,,,,,,,,,,,,,,,,,,,,,,,,,,,,,,,,,,,,,,,,,,,,,,,,,,,,,,,,,,,,,,,,,,,,,,,,,,,,,,,,,"0",,"4,600,000","851,000","850,000","851,000","850,000","851,000","800,000","900,000","900,000","800,000","900,000","1,400,000","1,400,000","1,400,000","1,400,000","1,400,000","1,400,000","1,400,000","1,400,000","1,400,000","1,400,000","1,400,000","1,300,000","1,400,000","1,100,000","600,000","500,000","600,000","400,000",,,,,,,,,,,,,,,,,,
DilutedNIAvailtoComStockholders,"1,158,000,000","938,468,000","62,714,000","30,464,000","126,354,000","131,206,000","-14,961,000","30,374,000","53,910,000","146,940,000","90,358,000","181,009,000","262,763,000","275,045,000","122,337,000","42,431,000","117,231,000","-44,441,000","17,587,000","21,527,000","105,720,000","-292,760,000","-10,260,000","-62,910,000","-51,194,000","-111,124,000","-15,514,000","-27,508,000","40,255,000","-221,771,000","100,788,000","118,420,000","107,031,000","77,946,000","69,889,000","89,114,000","42,824,000","40,866,000","36,608,000","35,937,000","18,318,000","26,363,000","28,482,000","54,677,000","12,886,000","49,109,000","3,898,000","21,682,000","28,696,000","36,364,000","38,897,000","25,502,000","47,580,000","43,700,000","66,990,000","54,625,000","45,975,000","42,047,000","35,453,000","41,376,000","48,547,000","32,126,000","189,020,000","46,864,000","53,165,000","58,505,000","33,756,000","35,422,000","20,762,000","32,227,000","17,822,000","19,318,000","19,011,000","19,783,000","22,668,000","17,904,000","-39,223,000","8,654,000","6,125,000","2,121,000","-798,000","-15,601,000","10,031,000","13,593,000","39,062,000","17,071,000","6,137,000","-7,682,000","4,494,000","4,650,000","3,649,000","110,000","-3,251,000","-800,000","-2,600,000","2,200,000","3,000,000","9,300,000","2,300,000","1,900,000","9,700,000","6,100,000","3,000,000","800,000","5,200,000","-5,400,000","-73,300,000","-5,300,000","-8,200,000","-3,100,000","-4,400,000","-2,500,000","4,600,000","800,000","-3,400,000","800,000","3,900,000","1,700,000","200,000","-2,400,000","2,800,000","-300,000","-1,800,000","-1,900,000","5,300,000","8,400,000","-500,000","1,600,000","7,800,000",,,,,
BasicEPS,,"1.16","0.16","0.08","0.32","0.33","-0.04","0.08","0.14","0.36","0.22","0.43","0.62","0.64","0.28","0.09","0.26","-0.1","0.04","0.05","0.23","-0.63","-0.02","-0.14","-0.12","-0.27","-0.04","-0.07","0.1","-0.54","0.24","0.28","0.26","0.19","0.17","0.21","0.1","0.095","0.085","0.085","0.045","0.065","0.068","0.133","0.03",,"0.01","0.053","0.07",,"0.095","0.063","0.115",,"0.163","0.138","0.118",,"0.093","0.108","0.063",,"0.49","0.12","0.136",,"0.086","0.09","0.036",,"0.046","0.049","0.049",,"0.058","0.047","-0.103",,"0.016","0.006","-0.003",,"0.028","0.038","0.111",,"0.018","0.004","0.015",,"0.004","0","-0.004",,"-0.003","0.003","0.003",,"0.003","0.003","0.012",,"0.004","0.001","0.006",,"-0.089","-0.006","-0.01",,"-0.006","-0.003","0.006",,"-0.004","0.001","0.005",,"0","-0.003","0.004",,"-0.003","-0.003","0.006","0.01",,"0.001","0.01","0.008",,"0.009","0.009","0.009"
DilutedEPS,,"1.16","0.16","0.08","0.31","0.33","-0.04","0.08","0.13","0.36","0.22","0.43","0.62","0.64","0.28","0.09","0.26","-0.1","0.04","0.05","0.23","-0.63","-0.02","-0.14","-0.12","-0.27","-0.04","-0.07","0.1","-0.54","0.24","0.28","0.26","0.19","0.17","0.21","0.1","0.095","0.085","0.085","0.045","0.065","0.068","0.133","0.03",,"0.01","0.053","0.07",,"0.095","0.063","0.115",,"0.16","0.138","0.115",,"0.09","0.105","0.063",,"0.48","0.118","0.135",,"0.085","0.089","0.035",,"0.045","0.049","0.048",,"0.058","0.046","-0.103",,"0.016","0.006","-0.003",,"0.027","0.038","0.11",,"0.018","0.004","0.015",,"0.004","0","-0.004",,"-0.003","0.003","0.003",,"0.003","0.003","0.012",,"0.004","0.001","0.006",,"-0.089","-0.006","-0.01",,"-0.006","-0.003","0.006",,"-0.004","0.001","0.005",,"0","-0.003","0.004",,"-0.003","-0.003","0.006","0.01",,"0.001","0.01","0.008",,"0.009","0.009","0.009"
BasicAverageShares,,"810,000,000","399,664,000","399,586,000","399,121,000","398,583,000","398,580,000","398,576,000","398,343,000","404,581,000","412,456,000","422,141,000","423,116,000","430,978,000","440,772,000","451,055,000","459,715,000","462,371,000","462,498,000","464,768,000","465,348,000","465,150,000","465,149,000","465,068,000","431,841,000","413,875,000","413,846,000","413,713,000","413,344,000","413,035,000","416,173,000","417,291,000","416,900,000","418,774,000","420,986,000","420,698,000","420,300,000","419,700,000","419,312,000","419,024,000","418,256,000","417,202,000","417,140,000","417,056,000","416,576,000",,"415,820,000","415,660,000","415,176,000",,"414,588,000","414,560,000","414,084,000",,"413,404,000","393,868,000","390,864,000",,"388,272,000","387,716,000","773,560,000",,"385,840,000","389,928,000","389,440,000",,"391,608,000","391,336,000","584,688,000",,"390,576,000","390,312,000","388,776,000",,"386,148,000","383,760,000","382,044,000",,"381,516,000","380,844,000","379,248,000",,"367,728,000","354,108,000","351,816,000",,"347,712,000","320,328,000","297,576,000",,"890,806,608","888,827,592","887,532,240",,"299,088,000","298,476,000","296,712,000",,"275,484,000","274,524,000","274,380,000",,"273,732,000","273,576,000","273,564,000",,"273,348,000","273,312,000","273,288,000",,"272,683,656","272,527,736","246,896,552",,"246,320,840","245,925,040","245,457,272",,"245,457,272","245,457,272","245,457,272",,"245,457,272","245,457,272","245,457,272","245,457,272",,"245,457,272","245,457,272","245,457,272",,"245,580,000","245,580,000","245,580,000"
DilutedAverageShares,,"810,000,000","402,738,000","402,206,000","401,811,000","398,583,000","398,580,000","401,279,000","399,897,000","404,581,000","414,462,000","422,141,000","423,116,000","430,978,000","443,110,000","453,114,000","459,715,000","462,371,000","462,498,000","466,745,000","466,888,000","465,150,000","465,149,000","465,068,000","431,841,000","413,875,000","413,846,000","413,713,000","414,771,000","413,035,000","418,093,000","417,291,000","416,900,000","418,774,000","423,453,000","420,698,000","420,300,000","419,700,000","422,452,000","419,024,000","418,256,000","417,202,000","417,140,000","417,056,000","416,576,000",,"415,820,000","419,912,000","415,176,000",,"417,248,000","416,444,000","416,444,000",,"417,980,000","397,924,000","395,700,000",,"393,756,000","393,624,000","784,376,000",,"393,296,000","396,800,000","394,984,000",,"397,320,000","396,624,000","591,672,000",,"395,352,000","395,148,000","394,392,000",,"389,220,000","390,632,727","382,044,000",,"381,516,000","380,844,000","379,248,000",,"376,162,500","362,480,000","355,109,091",,"347,712,000","320,328,000","297,576,000",,"890,806,608","888,827,592","887,532,240",,"299,088,000","298,476,000","296,712,000",,"275,484,000","274,524,000","274,380,000",,"273,732,000","273,576,000","273,564,000",,"273,348,000","273,312,000","273,288,000",,"272,683,656","272,527,736","246,896,552",,"246,320,840","245,925,040","245,457,272",,"245,457,272","245,457,272","245,457,272",,"245,457,272","245,457,272","245,457,272","245,457,272",,"245,457,272","245,457,272","245,457,272",,"245,580,000","245,580,000","245,580,000"
TotalOperatingIncomeAsReported,"1,564,000,000","1,238,814,000","95,840,000","53,908,000","175,438,000","162,892,000","-7,533,000","53,716,000","86,401,000","222,209,000","129,777,000","250,805,000","352,959,000","340,678,000","176,051,000","78,029,000","177,044,000","-438,805,000","39,986,000","57,440,000","190,120,000","-443,477,000","3,196,000","-70,684,000","-55,589,000","-157,670,000","-1,024,000","-18,962,000","87,295,000","-489,293,000","190,341,000","210,653,000","194,487,000","167,198,000","131,532,000","164,736,000","87,014,000","105,617,000","75,775,000","78,079,000","46,661,000","98,609,000","65,233,000","106,618,000","37,907,000","25,214,000","22,273,000","52,068,000","60,589,000","66,713,000","74,723,000","54,239,000","89,897,000","87,137,000","114,717,000","94,086,000","76,072,000","69,742,000","55,521,000","70,245,000","79,185,000","54,692,000","304,746,000","77,881,000","91,627,000","99,942,000","59,023,000","61,722,000","38,044,000","53,846,000","34,278,000","36,439,000","36,090,000","34,798,000","43,630,000","34,850,000","-46,691,000","19,130,000","15,111,000","9,850,000","4,996,000","-21,762,000","21,601,000","26,976,000","68,522,000","33,844,000","15,773,000","-1,426,000","10,022,000","1,900,000","9,600,000","6,400,000","1,800,000","4,800,000","1,600,000","10,000,000","9,400,000","20,600,000","10,900,000","10,500,000","23,300,000","16,600,000","7,600,000","9,300,000","15,100,000","127,200,000","-111,800,000","-600,000","-5,400,000","2,300,000","-400,000","1,500,000","11,500,000","4,300,000","2,600,000","3,200,000","7,700,000","8,200,000","1,600,000","1,800,000","4,700,000","6,300,000","-800,000","-1,600,000","9,400,000","13,000,000","-2,100,000","1,600,000","9,800,000",,,,,
TotalExpenses,"1,777,000,000","877,168,000","344,740,000","270,779,000","284,313,000","293,534,000","298,605,000","278,391,000","300,068,000","308,463,000","303,230,000","286,962,000","290,906,000","376,292,000","394,766,000","375,958,000","254,140,000","330,485,000","332,141,000","331,773,000","326,217,000","320,575,000","304,261,000","316,549,000","340,893,000","325,472,000","311,724,000","326,692,000","379,029,000","357,376,000","322,785,000","321,794,000","314,031,000","337,015,000","308,739,000","285,220,000","286,175,000","247,855,000","220,973,000","255,281,000","224,940,000","196,390,000","200,738,000","168,149,000","171,119,000","181,136,000","166,265,000","138,754,000","137,503,000","145,638,000","125,719,000","127,293,000","147,442,000","87,299,000","121,591,000","148,849,000","138,828,000","121,283,000","104,872,000","99,264,000","108,402,000","113,276,000","-123,828,000","109,030,000","119,561,000","123,320,000","98,642,000","90,162,000","106,030,000","87,190,000","85,145,000","83,303,000","100,514,000","84,113,000","73,634,000","91,906,000","182,607,000","80,425,000","68,101,000","79,734,000","70,077,000","85,155,000","82,625,000","80,630,000","86,369,000","177,489,000","38,922,000","36,936,000","34,840,000","37,200,000","35,600,000","33,800,000","32,400,000","35,000,000","35,800,000","31,700,000","29,500,000","31,500,000","29,900,000","28,900,000","29,500,000","32,500,000","27,900,000","28,000,000","26,100,000","-63,600,000","159,800,000","52,000,000","56,300,000","56,700,000","56,200,000","55,000,000","54,300,000","44,600,000","30,900,000","34,200,000","35,800,000","40,200,000","30,500,000","27,600,000","32,000,000","36,500,000","25,800,000","29,800,000","35,000,000","35,500,000","23,800,000","26,700,000","32,000,000",,,,,
NetIncomeFromContinuingAndDiscontinuedOperation,"1,158,000,000","938,468,000","62,714,000","30,464,000","126,354,000","131,206,000","-14,961,000","30,374,000","53,910,000","146,940,000","90,358,000","181,009,000","262,763,000","275,045,000","122,337,000","42,431,000","117,231,000","-44,441,000","17,587,000","21,527,000","105,720,000","-292,760,000","-10,260,000","-62,910,000","-51,194,000","-111,124,000","-15,514,000","-27,508,000","40,255,000","-221,771,000","100,788,000","118,420,000","107,031,000","77,946,000","69,889,000","89,114,000","42,824,000","40,866,000","36,608,000","35,937,000","18,318,000","26,363,000","28,482,000","54,677,000","12,886,000","49,109,000","3,898,000","21,682,000","28,696,000","36,364,000","38,897,000","25,502,000","47,580,000","43,700,000","66,990,000","54,625,000","45,975,000","42,047,000","35,453,000","41,376,000","48,547,000","31,723,000","189,020,000","46,864,000","53,568,000","58,505,000","33,756,000","35,422,000","20,762,000","32,227,000","17,822,000","19,318,000","19,011,000","19,783,000","22,668,000","17,904,000","-32,376,000","8,654,000","6,125,000","2,121,000","-798,000","-15,601,000","10,031,000","13,593,000","39,062,000","17,071,000","6,137,000","-3,082,000","5,345,000","5,500,000","4,500,000","960,000","-2,400,000","0","-1,700,000","3,100,000","3,800,000","10,200,000","3,700,000","3,300,000","11,100,000","7,500,000","4,400,000","2,200,000","6,600,000","-4,000,000","-71,900,000","-3,900,000","-6,800,000","-1,800,000","-3,000,000","-1,400,000","5,200,000","1,300,000","-2,800,000","1,200,000","3,900,000","1,700,000","200,000","-2,400,000","2,800,000","-300,000","-1,800,000","-1,900,000","5,300,000","8,400,000","-500,000","1,600,000","7,800,000",,,,,
NormalizedIncome,"1,241,268,000","1,022,136,629.973","62,575,264","30,449,240","126,298,975","131,510,139.609","-14,982,111","30,561,016","53,856,963","146,938,583.13","90,329,992","181,009,000","263,919,500","276,295,212.24","102,941,820","42,008,312","147,894,603","202,952,800","26,027,992","63,501,800","105,859,598","-17,215,089.571","-9,513,000","-59,300,798","-52,060,560","-41,145,931.632","-17,797,648","-27,457,598","40,167,784","266,497,300","100,758,100","119,331,064","107,804,570","67,058,500","67,218,716","88,947,848","42,882,080","51,530,550","36,685,449.929","-4,896,826.38","18,647,482.585","8,829,900","26,132,277.678","33,644,867.918","13,913,601.43","-13,140,850","29,006,350.317","24,473,200","38,736,490.225","54,668,810.873","43,171,602.663","29,881,059.016","45,442,166.484","81,747,200","77,797,119.283","61,734,162.883","52,208,564.732","45,086,043.844","49,853,376.492","46,483,258.788","48,580,542.525","38,357,800","47,427,662.744","50,538,354.644","57,925,409.642","60,797,189.955","38,892,591.238","35,385,068.177","20,762,000","53,176,956.197","16,770,103.969","19,092,371.943","18,974,479.667","19,845,398.564","28,496,702.275","17,923,825.87","-32,722,558.605","14,068,035.146","9,529,711.834","1,862,429.668","-786,321.951","4,538,600","10,171,766.721","13,611,919.855","39,059,551.739","24,966,154.544","6,121,186.125","7,164,325.581","2,459,963.077","6,416,666.667","1,800,000","-120,000","-3,094,736.842","-240,000","-1,762,962.963","3,100,000","3,080,000","10,328,301.887","3,700,000","3,600,000","11,465,934.066","7,376,033.058","4,400,000","2,620,000","6,120,000","63,080,000","-71,900,000","-3,900,000","1,942,857.143","-1,800,000","-3,000,000","-1,400,000","5,200,000","940,000","-2,800,000","494,117.647","3,421,052.632","2,960,000","-500,000","-3,180,000","1,639,024.39","-180,000","-1,800,000","-1,900,000","4,100,000","7,143,307.087","-4,400,000","1,088,000","6,252,892.562",,,,,
InterestExpense,"62,000,000","24,488,000","12,577,000","12,558,000","12,377,000","10,981,000","14,389,000","14,543,000","14,211,000","14,650,000","13,554,000","14,567,000","12,181,000","15,624,000","14,191,000","23,328,000","20,058,000","20,410,000","20,331,000","20,619,000","20,771,000","20,515,000","21,483,000","21,963,000","24,375,000","24,667,000","24,510,000","24,168,000","23,566,000","23,473,000","17,422,000","16,334,000","16,557,000","16,190,000","15,796,000","16,701,000","16,255,000","16,662,000","16,219,000","18,495,000","16,917,000","17,735,000","18,517,000","18,044,000","17,367,000","20,502,000","16,758,000","15,769,000","14,912,000","14,850,000","14,857,000","15,046,000","14,226,000",,,,,,,,,,,,,,,,,,,,,,,,,,,,,,,,,,,,,,,,,,,,,,,,,,,,,,,,,,,,,,,,,,,,,,,,,,,,,,,,,
NetInterestIncome,"-62,000,000","-24,488,000","-12,577,000","-12,558,000","-12,377,000","-10,981,000","-14,389,000","-14,543,000","-14,211,000","-14,650,000","-13,554,000","-14,567,000","-12,181,000","-15,624,000","-14,191,000","-23,328,000","-20,058,000","-20,410,000","-20,331,000","-20,619,000","-20,771,000","-20,515,000","-21,483,000","-21,963,000","-24,375,000","-24,667,000","-24,510,000","-24,168,000","-23,566,000","-23,473,000","-17,422,000","-16,334,000","-16,557,000","-16,190,000","-15,796,000","-16,701,000","-16,255,000","-16,662,000","-16,219,000","-18,495,000","-16,917,000","-17,735,000","-18,517,000","-18,044,000","-17,367,000","-20,502,000","-16,758,000","-15,769,000","-14,912,000","-14,850,000","-14,857,000","-15,046,000","-14,226,000",,,,,,,,,,,,,,,,,,,,,,,,,,,,,,,,,,,,,,,,,,,,,,,,,,,,,,,,,,,,,,,,,,,,,,,,,,,,,,,,,
EBIT,"1,564,000,000","1,238,953,000","95,793,000","53,862,000","175,392,000","162,834,000","-7,590,000","53,668,000","86,335,000","222,065,000","129,634,000","250,662,000","352,815,000","340,562,000","175,936,000","77,911,000","176,930,000","-438,824,000","45,069,000","57,755,000","189,696,000","-443,477,000","3,196,000","-75,393,000","-55,589,000","-157,670,000","-1,024,000","-18,962,000","87,295,000","-489,293,000","190,341,000","210,653,000","194,487,000","167,198,000","131,532,000","164,736,000","87,014,000","105,617,000","75,775,000","78,079,000","46,661,000","98,609,000","65,233,000","72,547,000","36,390,000","131,508,000","22,273,000","52,068,000","60,589,000","63,410,000","74,723,000","54,239,000","89,897,000","145,167,000","123,229,000","100,005,000","80,823,000","72,634,000","65,976,000","76,568,000","83,171,000","58,406,000","308,572,000","81,764,000","95,207,000","101,762,000","63,115,000","61,722,000","38,044,000","67,449,000","34,278,000","36,439,000","36,090,000","37,135,000","51,837,000","34,850,000","-46,691,000","23,124,000","17,448,000","9,850,000","4,996,000","-4,837,000","21,601,000","26,976,000","68,522,000","40,308,000","15,773,000","7,717,000","10,022,000","8,900,000","9,600,000","6,400,000","1,800,000","4,800,000","1,600,000","10,000,000","9,400,000","20,600,000","10,900,000","10,500,000","23,300,000","16,600,000","7,600,000","9,300,000","15,100,000","120,000,000","-111,800,000","-600,000","1,800,000","2,300,000","-400,000","1,500,000","11,500,000","4,300,000","2,600,000","3,200,000","7,700,000","8,200,000","1,600,000","1,800,000","4,700,000","6,300,000","-800,000","-1,600,000","9,400,000","13,000,000","-2,100,000","1,600,000","9,800,000","36,200,000","-97,900,000","37,400,000","37,300,000","37,300,000"
EBITDA,"2,257,000,000"
ReconciledCostOfRevenue,"1,512,000,000","755,646,000","267,437,000","241,191,000","247,726,000","260,575,000","266,828,000","247,294,000","260,711,000","277,763,000","275,751,000","255,929,000","247,925,000","292,802,000","361,141,000","294,838,000","219,273,000","291,773,000","293,237,000","295,547,000","287,261,000","281,693,000","272,726,000","283,591,000","300,140,000","292,628,000","284,285,000","289,805,000","336,488,000","317,127,000","283,461,000","284,175,000","272,877,000","300,235,000","268,619,000","247,719,000","234,760,000","538,357,000","66,957,000","66,695,000","73,451,000","65,615,000","55,264,000","48,449,000","61,545,000","10,646,000","17,417,000","46,373,000","52,677,000","9,974,000","45,193,000","44,154,000","61,694,000","64,301,000","52,278,000","54,066,000","52,842,000","62,414,000","42,985,000","41,880,000","51,482,000","52,188,000","48,736,000","48,149,000","58,489,000","66,657,000","47,461,000","39,370,000","57,285,000","51,804,000","31,903,000","36,278,000","56,943,000","49,203,000","41,872,000","51,027,000","52,578,000","43,111,000","31,226,000","39,663,000","34,958,000","51,847,000","44,658,000","51,995,000","54,630,000","152,907,000","13,408,000","13,224,000","11,744,000","13,300,000","11,400,000","9,700,000","10,200,000","18,600,000","14,700,000","10,500,000","10,400,000","12,500,000","10,700,000","10,600,000","10,700,000","12,100,000","10,500,000","10,400,000","9,200,000","-79,100,000","142,100,000","30,800,000","35,400,000","34,900,000","34,100,000","32,200,000","37,600,000","24,500,000","15,400,000","18,800,000","21,700,000","22,100,000","15,600,000","13,400,000","17,200,000","26,000,000","10,600,000","20,400,000","10,500,000","16,600,000","18,000,000","12,300,000","17,200,000",,,,,
ReconciledDepreciation,"693,000,000","410,014,000","97,289,000","91,549,000","94,148,000","96,497,000","99,649,000","94,622,000","100,135,000","106,439,000","110,889,000","96,147,000","92,258,000","129,269,000","121,172,000","84,910,000","82,128,000","143,128,000","146,267,000","144,322,000","135,100,000","141,218,000","139,490,000","147,533,000","161,887,000","149,876,000","144,326,000","152,512,000","175,497,000","173,765,000","154,014,000","157,563,000","147,418,000","182,030,000","168,980,000","151,389,000","148,653,000","115,984,000","110,448,000","114,616,000","110,357,000","92,499,000","90,293,000","83,225,000","77,124,000","91,504,000","109,617,000","67,687,000","58,275,000","55,491,000","54,886,000","55,108,000","55,785,000","52,510,000","48,895,000","42,482,000","41,516,000","38,550,000","37,744,000","34,262,000","33,395,000","32,160,000","32,088,000","32,792,000","31,935,000","29,112,000","26,578,000","26,112,000","26,656,000","26,758,000","27,734,000","24,622,000","24,229,000","23,985,000","23,647,000","23,764,000","23,507,000","24,429,000","25,420,000","23,453,000","23,210,000","25,814,000","22,716,000","16,198,000","15,891,000","15,112,000","13,217,000","12,464,000","12,648,000","11,800,000","13,800,000","14,800,000","13,000,000","10,000,000","11,100,000","10,300,000","9,800,000","9,300,000","10,700,000","10,100,000","10,500,000","12,200,000","10,500,000","10,200,000","9,800,000","9,000,000","11,400,000","13,100,000","13,700,000","16,700,000","13,400,000","14,600,000","9,900,000","9,700,000","8,700,000","8,400,000","7,700,000","7,800,000","7,700,000","7,700,000","8,300,000","5,800,000","6,500,000","-300,000","15,200,000","7,600,000","4,200,000","6,500,000","6,200,000",,,,,
NetIncomeFromContinuingOperationNetMinorityInterest,"1,158,000,000","938,468,000","62,714,000","30,464,000","126,354,000","131,206,000","-14,961,000","30,374,000","53,910,000","146,940,000","90,358,000","181,009,000","262,763,000","275,045,000","122,337,000","42,431,000","117,231,000","-44,441,000","17,587,000","21,527,000","105,720,000","-292,760,000","-10,260,000","-62,910,000","-51,194,000","-111,124,000","-15,514,000","-27,508,000","40,255,000","-221,771,000","100,788,000","118,420,000","107,031,000","77,946,000","69,889,000","89,114,000","42,824,000","40,866,000","36,608,000","35,937,000","18,318,000","26,363,000","28,482,000","54,677,000","12,886,000","49,109,000","3,898,000","21,682,000","28,696,000","36,364,000","38,897,000","25,502,000","47,580,000","43,700,000","66,990,000","54,625,000","45,975,000","42,047,000","35,453,000","41,376,000","48,547,000","31,723,000","189,020,000","46,864,000","53,568,000","58,505,000","33,756,000","35,422,000","20,762,000","32,227,000","17,822,000","19,318,000","19,011,000","19,783,000","22,668,000","17,904,000","-32,376,000","8,654,000","6,125,000","2,121,000","-798,000","-15,601,000","10,031,000","13,593,000","39,062,000","17,071,000","6,137,000","-3,082,000","5,345,000","5,500,000","4,500,000","960,000","-2,400,000","0","-1,700,000","3,100,000","3,800,000","10,200,000","3,700,000","3,300,000","11,100,000","7,500,000","4,400,000","2,200,000","6,600,000","-4,000,000","-71,900,000","-3,900,000","-6,800,000","-1,800,000","-3,000,000","-1,400,000","5,200,000","1,300,000","-2,800,000","1,200,000","3,900,000","1,700,000","200,000","-2,400,000","2,800,000","-300,000","-1,800,000","-1,900,000","5,300,000","8,400,000","-500,000","1,600,000","7,800,000",,,,,
TotalUnusualItemsExcludingGoodwill,"-108,000,000","-108,275,000","184,000","20,000","71,000","-352,000","31,000","-241,000","71,000","2,000","36,000","0","-1,500,000","-1,477,000","25,655,000","544,000","-41,049,000","-412,323,000","-11,872,000","-69,958,000","-223,000","-436,708,000","-1,245,000","-5,587,000","1,354,000","-114,823,000","3,756,000","-79,000","138,000","-751,182,000","46,000","-1,496,000","-1,285,000","16,750,000","4,421,000","276,000","-96,000","-16,407,000","-126,000","67,703,000","-535,000","26,974,000","3,854,000","34,071,000","-1,517,000","95,769,000","-35,524,000","-4,652,000","-15,982,000","-24,444,000","-6,579,000","-6,730,000","3,400,000","-63,412,000","-16,815,000","-11,437,000","-9,502,000","-4,629,000","-20,959,000","-8,224,000","-52,000","-11,058,000","223,054,000","-5,634,000","-6,953,000","-3,640,000","-8,169,000","59,000",,"-31,344,000","1,694,000","362,000","59,000","-94,000","-9,426,000","-32,000","560,000","-7,939,000","-4,890,000","429,000","-18,000","-33,566,000","-231,000","-31,000","4,000","-12,946,000","26,000","-16,440,000","4,751,000","-1,400,000","4,500,000","1,800,000","1,100,000","400,000","100,000",,"1,200,000","-200,000",,"-500,000","-600,000","200,000",,"-700,000","800,000","-111,800,000",,,"-14,400,000",,,,,"600,000",,"1,000,000","700,000","-2,100,000","700,000","1,300,000","1,700,000","-200,000",,,"2,000,000","1,900,000","6,500,000","800,000","2,400,000",,,,,
TotalUnusualItems,"-108,000,000","-108,275,000","184,000","20,000","71,000","-352,000","31,000","-241,000","71,000","2,000","36,000","0","-1,500,000","-1,477,000","25,655,000","544,000","-41,049,000","-412,323,000","-11,872,000","-69,958,000","-223,000","-436,708,000","-1,245,000","-5,587,000","1,354,000","-114,823,000","3,756,000","-79,000","138,000","-751,182,000","46,000","-1,496,000","-1,285,000","16,750,000","4,421,000","276,000","-96,000","-16,407,000","-126,000","67,703,000","-535,000","26,974,000","3,854,000","34,071,000","-1,517,000","95,769,000","-35,524,000","-4,652,000","-15,982,000","-24,444,000","-6,579,000","-6,730,000","3,400,000","-63,412,000","-16,815,000","-11,437,000","-9,502,000","-4,629,000","-20,959,000","-8,224,000","-52,000","-11,058,000","223,054,000","-5,634,000","-6,953,000","-3,640,000","-8,169,000","59,000",,"-31,344,000","1,694,000","362,000","59,000","-94,000","-9,426,000","-32,000","560,000","-7,939,000","-4,890,000","429,000","-18,000","-33,566,000","-231,000","-31,000","4,000","-12,946,000","26,000","-16,440,000","4,751,000","-1,400,000","4,500,000","1,800,000","1,100,000","400,000","100,000",,"1,200,000","-200,000",,"-500,000","-600,000","200,000",,"-700,000","800,000","-111,800,000",,,"-14,400,000",,,,,"600,000",,"1,000,000","700,000","-2,100,000","700,000","1,300,000","1,700,000","-200,000",,,"2,000,000","1,900,000","6,500,000","800,000","2,400,000",,,,,
NormalizedEBITDA,"2,365,000,000","1,757,242,000","192,898,000","145,391,000","269,469,000","259,683,000","92,028,000","148,531,000","186,399,000","328,502,000","240,487,000","346,809,000","446,573,000","471,308,000","271,453,000","162,277,000","300,107,000","116,627,000","203,208,000","272,035,000","325,019,000","134,449,000","143,931,000","77,727,000","104,944,000","107,029,000","139,546,000","133,629,000","262,654,000","435,654,000","344,309,000","369,712,000","343,190,000","332,478,000","296,091,000","315,849,000","235,763,000","238,008,000","186,349,000","124,992,000","157,553,000","164,134,000","151,672,000","121,701,000","115,031,000","127,243,000","167,414,000","124,407,000","134,846,000","143,345,000","136,188,000","116,077,000","142,282,000","261,089,000","188,939,000","153,924,000","131,841,000","115,813,000","124,679,000","119,054,000","116,618,000","101,624,000","117,606,000","120,190,000","134,095,000","134,514,000","97,862,000","87,775,000","64,700,000","125,551,000","60,318,000","60,699,000","60,260,000","61,214,000","84,910,000","58,646,000","-23,744,000","55,492,000","47,758,000","32,874,000","28,224,000","54,543,000","44,548,000","43,205,000","84,409,000","68,366,000","28,964,000","36,621,000","17,919,000","22,100,000","18,900,000","19,400,000","13,700,000","14,400,000","12,600,000","20,300,000","18,000,000","30,100,000","21,600,000","21,100,000","34,400,000","28,600,000","18,100,000","20,300,000","24,100,000","240,800,000","-100,400,000","12,500,000","29,900,000","19,000,000","14,700,000","16,100,000","21,400,000","13,400,000","19,000,000","10,600,000","14,700,000","18,100,000","8,600,000","8,200,000","11,300,000","12,300,000","5,700,000","4,600,000","22,600,000","18,700,000","-4,400,000","7,300,000","13,600,000","36,200,000","-97,900,000","37,400,000","37,300,000","37,300,000"
TaxRateForCalcs,"0.229","0.227","0.246","0.262","0.225","0.136","0.319","0.224","0.253","0.292","0.222","0.233","0.229","0.154","0.244","0.223","0.253","0.4","0.289","0.4","0.374","0.369","0.4","0.354","0.36","0.391","0.392","0.362","0.368","0.35","0.35","0.391","0.398","0.35","0.396","0.398","0.395","0.35","0.385","0.397","0.384","0.35","0.39","0.383","0.323","0.35","0.293","0.4","0.372","0.251","0.35","0.349","0.371","0.4","0.357","0.378","0.344","0.343","0.313","0.379","0.355","0.4","0.365","0.348","0.373","0.37","0.371","0.374","0.372","0.332","0.379","0.377","0.381","0.336","0.382","0.38","0.381","0.318","0.304","0.397","0.351","0.4","0.391","0.39","0.388","0.39","0.392","0.377","0.393","0.345","0.4","0.4","0.368","0.4","0.37","0.4","0.4","0.358","0.4","0.4","0.39","0.38","0.4","0.4","0.4","0.4","0.387","0.391","0.393","0.379","0.4","0.391","0.4","0.4","0.4","0.294","0.316","0.4","0","0.4","0.317","0.4","0.379","0.4","0.4","0.339","0.4","0.36","0.355",,,,,
TaxEffectOfUnusualItems,"-24,732,000","-24,606,370.027","45,264","5,240","15,975","-47,860.391","9,889","-53,984","17,963","583.13","7,992","0","-343,500","-226,787.76","6,259,820","121,312","-10,385,397","-164,929,200","-3,431,008","-27,983,200","-83,402","-161,163,089.571","-498,000","-1,977,798","487,440","-44,844,931.632","1,472,352","-28,598","50,784","-262,913,700","16,100","-584,936","-511,430","5,862,500","1,750,716","109,848","-37,920","-5,742,450","-48,550.071","26,869,173.62","-205,517.415","9,440,900","1,504,277.678","13,038,867.918","-489,398.57","33,519,150","-10,415,649.683","-1,860,800","-5,941,509.775","-6,139,189.127","-2,304,397.337","-2,350,940.984","1,262,166.484","-25,364,800","-6,007,880.717","-4,327,837.117","-3,268,435.268","-1,589,956.156","-6,558,623.508","-3,116,741.212","-18,457.475","-4,423,200","81,461,662.744","-1,959,645.356","-2,595,590.358","-1,347,810.045","-3,032,408.762","22,068.177","0","-10,394,043.803","642,103.969","136,371.943","22,479.667","-31,601.436","-3,597,297.725","-12,174.13","213,441.395","-2,524,964.854","-1,485,288.166","170,429.668","-6,321.951","-13,426,400","-90,233.279","-12,080.145","1,551.739","-5,050,845.456","10,186.125","-6,193,674.419","1,865,963.077","-483,333.333","1,800,000","720,000","405,263.158","160,000","37,037.037","0","480,000","-71,698.113","0","-200,000","-234,065.934","76,033.058","0","-280,000","320,000","-44,720,000","0","0","-5,657,142.857","0","0","0","0","240,000","0","294,117.647","221,052.632","-840,000","0","520,000","539,024.39","-80,000","0","0","800,000","643,307.087","2,600,000","288,000","852,892.562",,,,,