name,ttm,12/31/2021,09/30/2021,06/30/2021,03/31/2021,12/31/2020,09/30/2020,06/30/2020,03/31/2020,12/31/2019,09/30/2019,06/30/2019,03/31/2019,12/31/2018,09/30/2018,06/30/2018,03/31/2018,12/31/2017,09/30/2017,06/30/2017,03/31/2017,12/31/2016,09/30/2016,06/30/2016,03/31/2016,12/31/2015,09/30/2015,06/30/2015,03/31/2015,12/31/2014,09/30/2014,06/30/2014,03/31/2014,12/31/2013,09/30/2013,06/30/2013,03/31/2013,12/31/2012,09/30/2012,06/30/2012,03/31/2012,12/31/2011,09/30/2011,06/30/2011,03/31/2011,12/31/2010,09/30/2010,06/30/2010,03/31/2010,12/31/2009,09/30/2009,06/30/2009,03/31/2009,12/31/2008,09/30/2008,06/30/2008,03/31/2008,12/31/2007,09/30/2007,06/30/2007,03/31/2007,12/31/2006,09/30/2006,06/30/2006,03/31/2006,12/31/2005,09/30/2005,06/30/2005,03/31/2005,12/31/2004,09/30/2004,06/30/2004,03/31/2004,12/31/2003,09/30/2003,06/30/2003,03/31/2003,12/31/2002,09/30/2002,06/30/2002,03/31/2002,12/31/2001,09/30/2001,06/30/2001,03/31/2001,12/31/2000,09/30/2000,06/30/2000,03/31/2000,12/31/1999,09/30/1999,06/30/1999,03/31/1999,12/31/1998,09/30/1998,06/30/1998,03/31/1998,12/31/1997,09/30/1997,06/30/1997,03/31/1997,12/31/1996,09/30/1996,06/30/1996,03/31/1996
TotalRevenue,"3,217,170,000","850,848,000","778,445,000","812,111,000","775,766,000","809,656,000","767,170,000","798,929,000","860,945,000","809,823,000","732,901,000","748,697,000","719,143,000","801,870,000","732,476,000","742,365,000","697,192,000","777,857,000","690,925,000","693,227,000","662,677,000","908,356,000","841,251,000","842,980,000","825,678,000","904,763,000","813,270,000","796,759,000","760,802,000","851,483,000","758,994,000","781,560,000","750,819,000","802,420,000","712,731,000","730,384,000","672,899,000","739,996,000","641,422,000","615,210,000","589,495,000","619,366,000","565,348,000","530,790,000","490,888,000","529,724,000","472,233,000","458,433,000","414,272,000","451,160,000","401,042,000","392,828,000","369,058,000","415,697,000","398,893,000","391,730,000","377,034,000","399,559,000","349,931,000","334,364,000","308,088,000","321,002,000","277,851,000","275,468,000","259,998,000","268,656,000","226,947,000","211,229,000","201,890,000","213,967,000","187,578,000","178,302,000","161,310,000","157,744,000","144,341,000","143,049,000","143,491,000","148,784,000","118,898,000","117,456,000","142,310,000","158,048,000","153,495,000","147,274,000","132,812,000","123,354,000","113,491,000","106,086,000","127,515,000","118,100,000","105,800,000","94,400,000","85,000,000","75,500,000","67,600,000","56,200,000","49,300,000","42,900,000","34,900,000","24,500,000","21,600,000","15,500,000","11,700,000","9,500,000","7,800,000"
	OperatingRevenue,"3,217,170,000","850,848,000","778,445,000","812,111,000","775,766,000","809,656,000","767,170,000","798,929,000","860,945,000","809,823,000","732,901,000","748,697,000","719,143,000","801,870,000","732,476,000","742,365,000","697,192,000","777,857,000","690,925,000","693,227,000","662,677,000","908,356,000","841,251,000","842,980,000","825,678,000","904,763,000","813,270,000","796,759,000","760,802,000","851,483,000","758,994,000","781,560,000","750,819,000","802,420,000","712,731,000","730,384,000","672,899,000","739,996,000","641,422,000","615,210,000","589,495,000","619,366,000","565,348,000","530,790,000","490,888,000","529,724,000","472,233,000","458,433,000","414,272,000","451,160,000","401,042,000","392,828,000","369,058,000","415,697,000","398,893,000","391,730,000","377,034,000","399,559,000","349,931,000","334,364,000","308,088,000","321,002,000","277,851,000","275,468,000","259,998,000","268,656,000","226,947,000","211,229,000","201,890,000","213,967,000","187,578,000","178,302,000","161,310,000","157,744,000","144,341,000","143,049,000","143,491,000","148,784,000","118,898,000","117,456,000","142,310,000","118,218,000","153,495,000","147,274,000","132,812,000","123,354,000","113,491,000","106,086,000","127,515,000","118,100,000","105,800,000","94,400,000","85,000,000","75,500,000","67,600,000","56,200,000","49,300,000","42,900,000","34,900,000","24,500,000","21,600,000","15,500,000","11,700,000","9,500,000","7,800,000"
CostOfRevenue,"625,077,000","173,483,000","146,819,000","161,306,000","143,469,000","133,443,000","127,286,000","122,240,000","115,577,000","119,177,000","126,918,000","110,479,000","107,473,000","112,851,000","103,917,000","108,749,000","108,286,000","121,939,000","105,937,000","109,312,000","102,458,000","138,152,000","137,975,000","144,322,000","139,092,000","202,753,000","146,254,000","132,751,000","132,606,000","174,652,000","135,985,000","175,256,000","134,326,000","136,708,000","123,933,000","127,240,000","114,914,000","117,368,000","106,068,000","94,358,000","86,343,000","79,160,000","76,735,000","68,896,000","57,406,000","63,368,000","57,798,000","53,555,000","48,699,000","52,615,000","45,418,000","44,061,000","45,216,000","46,556,000","42,288,000","45,857,000","29,838,000","40,323,000","36,006,000","31,864,000","29,414,000","28,376,000","24,178,000","24,122,000","22,022,000","16,204,000","11,439,000","7,672,000","5,883,000","5,739,000","5,396,000","4,925,000","4,236,000","4,919,000","5,350,000","5,036,000","4,731,000","5,145,000","4,375,000","4,758,000","4,752,000","7,741,000","7,573,000","7,223,000","7,312,000","609,000","3,414,000","4,014,000","1,165,000","500,000","900,000","1,200,000","2,900,000","4,600,000","-100,000","3,400,000","3,800,000","3,700,000","3,000,000","2,000,000","1,900,000","1,400,000","1,200,000","1,100,000","900,000"
GrossProfit,"2,592,093,000","677,365,000","631,626,000","650,805,000","632,297,000","676,213,000","639,884,000","676,689,000","745,368,000","690,646,000","605,983,000","638,218,000","611,670,000","689,019,000","628,559,000","633,616,000","588,906,000","655,918,000","584,988,000","583,915,000","560,219,000","770,204,000","703,276,000","698,658,000","686,586,000","702,010,000","667,016,000","664,008,000","628,196,000","676,831,000","623,009,000","606,304,000","616,493,000","665,712,000","588,798,000","603,144,000","557,985,000","622,628,000","535,354,000","520,852,000","503,152,000","540,206,000","488,613,000","461,894,000","433,482,000","466,356,000","414,435,000","404,878,000","365,573,000","398,545,000","355,624,000","348,767,000","323,842,000","369,141,000","356,605,000","345,873,000","347,196,000","359,236,000","313,925,000","302,500,000","278,674,000","292,626,000","253,673,000","251,346,000","237,976,000","252,452,000","215,508,000","203,557,000","196,007,000","208,228,000","182,182,000","173,377,000","157,074,000","152,825,000","138,991,000","138,013,000","138,760,000","143,639,000","114,523,000","112,698,000","137,558,000","150,307,000","145,922,000","140,051,000","125,500,000","122,745,000","110,077,000","102,072,000","126,350,000","117,600,000","104,900,000","93,200,000","82,100,000","70,900,000","67,700,000","52,800,000","45,500,000","39,200,000","31,900,000","22,500,000","19,700,000","14,100,000","10,500,000","8,400,000","6,900,000"
OperatingExpense,"2,252,150,000","598,897,000","547,161,000","566,128,000","539,964,000","540,928,000","511,579,000","523,490,000","541,368,000","499,060,000","486,273,000","516,825,000","485,994,000","482,961,000","464,266,000","481,032,000","417,156,000","409,984,000","439,723,000","459,834,000","429,291,000","519,500,000","519,808,000","527,632,000","514,880,000","551,444,000","589,452,000","527,325,000","542,513,000","556,284,000","561,288,000","547,374,000","534,956,000","504,858,000","501,431,000","527,256,000","501,377,000","477,207,000","452,939,000","438,660,000","422,402,000","404,392,000","383,934,000","366,304,000","352,575,000","352,961,000","332,871,000","330,725,000","312,998,000","317,051,000","299,463,000","307,005,000","298,109,000","304,880,000","308,906,000","316,983,000","306,312,000","301,178,000","253,941,000","247,766,000","239,243,000","241,084,000","204,776,000","200,170,000","185,247,000","180,181,000","159,238,000","150,801,000","149,047,000","148,949,000","135,859,000","136,285,000","121,677,000","110,578,000","100,275,000","102,515,000","100,832,000","98,365,000","97,155,000","102,422,000","106,616,000","116,128,000","113,538,000","106,279,000","89,904,000","92,863,000","84,166,000","86,170,000","76,739,000","67,500,000","59,500,000","52,100,000","45,000,000","-21,600,000","45,600,000","62,300,000","46,900,000","22,700,000","14,700,000","11,800,000","9,500,000","7,300,000","5,700,000","4,600,000","4,400,000"
	SellingGeneralAndAdministration,"1,604,287,000","433,797,000","381,702,000","400,514,000","388,274,000","407,709,000","380,250,000","382,319,000","406,208,000","366,676,000","354,916,000","379,591,000","352,202,000","361,921,000","348,646,000","364,070,000","314,940,000","307,080,000","328,877,000","349,446,000","322,976,000","398,736,000","385,534,000","395,585,000","383,527,000","400,080,000","373,386,000","376,130,000","388,431,000","401,294,000","413,455,000","396,554,000","388,884,000","368,014,000","363,996,000","384,439,000","360,467,000","345,949,000","328,388,000","323,438,000","308,313,000","311,114,000","290,571,000","279,055,000","266,348,000","267,946,000","242,138,000","247,406,000","231,139,000","244,429,000","225,487,000","226,682,000","222,078,000","228,917,000","230,938,000","237,311,000","229,082,000","234,069,000","200,669,000","196,348,000","188,552,000","192,675,000","160,984,000","157,798,000","147,555,000","146,417,000","128,551,000","122,185,000","121,805,000","127,808,000","108,754,000","108,641,000","98,879,000","90,365,000","81,751,000","83,572,000","82,733,000","79,788,000","77,363,000","82,752,000","84,436,000","84,249,000","81,744,000","75,901,000","67,427,000","65,283,000","58,304,000","61,638,000","53,844,000","47,800,000","42,400,000","37,500,000","31,200,000","28,000,000","25,600,000","22,800,000","18,700,000","15,900,000","12,600,000","9,900,000","7,700,000","6,100,000","4,800,000","3,500,000","3,400,000"
		GeneralAndAdministrativeExpense,"409,630,000","129,584,000","91,462,000","93,594,000","94,990,000","99,611,000","81,591,000","90,808,000","80,099,000","81,678,000","80,042,000","81,162,000","77,547,000","88,192,000","86,084,000","77,340,000","63,727,000","65,532,000","79,378,000","81,146,000","76,211,000","95,967,000","93,686,000","97,136,000","90,779,000","100,968,000","79,799,000","79,872,000","82,026,000","77,316,000","95,203,000","75,015,000","72,388,000","66,528,000","63,580,000","67,343,000","62,785,000","58,852,000","65,252,000","61,299,000","59,856,000","77,883,000","77,586,000","79,696,000","72,105,000","70,047,000","67,404,000","60,805,000","60,619,000",,"57,254,000","59,552,000","58,489,000",,,,,,,,,,,,,,,,,,,,,,,,,,,,,,,,,,,,,,,,,,,,,,,,,,,,
			OtherGandA,"409,630,000","129,584,000","91,462,000","93,594,000","94,990,000","99,611,000","81,591,000","90,808,000","80,099,000","81,678,000","80,042,000","81,162,000","77,547,000","88,192,000","86,084,000","77,340,000","63,727,000","65,532,000","79,378,000","81,146,000","76,211,000","95,967,000","93,686,000","97,136,000","90,779,000","100,968,000","79,799,000","79,872,000","82,026,000","77,316,000","95,203,000","75,015,000","72,388,000","66,528,000","63,580,000","67,343,000","62,785,000","58,852,000","65,252,000","61,299,000","59,856,000","77,883,000","77,586,000","79,696,000","72,105,000","70,047,000","67,404,000","60,805,000","60,619,000",,"57,254,000","59,552,000","58,489,000",,,,,,,,,,,,,,,,,,,,,,,,,,,,,,,,,,,,,,,,,,,,,,,,,,,,
		SellingAndMarketingExpense,"1,194,657,000","304,213,000","290,240,000","306,920,000","293,284,000","308,098,000","298,659,000","291,511,000","326,109,000","284,998,000","274,874,000","298,429,000","274,655,000","273,729,000","262,562,000","286,730,000","251,213,000","241,548,000","249,499,000","268,300,000","246,765,000","302,769,000","291,848,000","298,449,000","292,748,000","299,112,000","293,587,000","296,258,000","306,405,000","323,978,000","318,252,000","321,539,000","316,496,000","301,486,000","300,416,000","317,096,000","297,682,000","287,097,000","263,136,000","262,139,000","248,457,000","233,231,000","212,985,000","199,359,000","194,243,000","197,899,000","174,734,000","186,601,000","170,520,000",,"168,233,000","167,130,000","163,589,000",,,,,,,,,,,,,,,,,,,,,,,,,,,,,,,,,,,,,,,,,,,,,,,,,,,,
	ResearchAndDevelopment,"581,600,000","145,452,000","145,811,000","146,179,000","144,158,000","132,517,000","130,628,000","140,477,000","134,458,000","128,165,000","126,420,000","134,029,000","130,263,000","116,934,000","111,557,000","112,943,000","98,550,000","99,323,000","107,113,000","106,696,000","102,669,000","113,658,000","126,887,000","124,761,000","123,959,000","140,003,000","139,128,000","140,203,000","144,641,000","141,947,000","137,877,000","140,375,000","133,618,000","126,498,000","127,049,000","132,299,000","130,492,000","122,208,000","114,713,000","110,028,000","103,622,000","88,764,000","88,933,000","83,312,000","82,718,000","82,003,000","87,399,000","79,543,000","77,702,000","66,918,000","68,865,000","75,160,000","71,037,000","70,114,000","72,500,000","73,965,000","71,530,000","61,460,000","49,332,000","47,767,000","46,544,000","44,017,000","39,432,000","38,222,000","33,660,000","29,680,000","27,540,000","26,402,000","25,065,000","23,314,000","21,832,000","22,173,000","19,038,000","17,418,000","15,656,000","16,244,000","15,125,000","15,869,000","17,146,000","17,059,000","18,849,000","16,476,000","16,899,000","18,150,000","16,173,000","13,677,000","12,532,000","12,300,000","12,112,000","10,800,000","9,500,000","8,900,000","8,400,000","-58,500,000","16,000,000","38,200,000","27,200,000","6,100,000","1,700,000","1,600,000","1,500,000","1,000,000","900,000","1,000,000","900,000"
	DepreciationAmortizationDepletionIncomeStatement,"66,263,000","19,648,000","19,648,000","19,435,000","7,532,000","702,000","701,000","694,000","702,000","4,219,000","4,937,000","3,205,000","3,529,000","4,106,000","4,063,000","4,019,000","3,666,000","3,581,000","3,733,000","3,692,000","3,646,000","7,106,000","7,387,000","7,286,000","7,394,000","11,361,000","76,938,000","10,992,000","9,441,000","13,043,000","9,956,000","10,445,000","12,454,000","10,346,000","10,386,000","10,518,000","10,418,000","9,050,000","9,838,000","5,194,000","10,467,000","4,514,000","4,430,000","3,937,000","3,509,000","3,012,000","3,334,000","3,776,000","4,157,000","5,704,000","5,111,000","5,163,000","4,994,000","5,849,000","5,468,000","5,707,000","16,293,000","5,649,000","3,940,000","3,651,000","4,147,000","4,392,000","4,360,000","4,150,000","4,032,000","9,362,000","7,624,000","5,907,000","5,495,000","-2,173,000","5,273,000","5,471,000","3,760,000","2,795,000","2,868,000","2,699,000","2,974,000","2,708,000","2,646,000","2,611,000","3,331,000","15,403,000","14,895,000","12,228,000","6,304,000","13,903,000","13,330,000","12,232,000","10,783,000","8,900,000","7,600,000","5,700,000","5,400,000","8,900,000","4,000,000","1,300,000","1,000,000","700,000","400,000","300,000","300,000","200,000",,"100,000","100,000"
		DepreciationAndAmortizationInIncomeStatement,"66,263,000","19,648,000","19,648,000","19,435,000","7,532,000","702,000","701,000","694,000","702,000","4,219,000","4,937,000","3,205,000","3,529,000","4,106,000","4,063,000","4,019,000","3,666,000","3,581,000","3,733,000","3,692,000","3,646,000","7,106,000","7,387,000","7,286,000","7,394,000","11,361,000","76,938,000","10,992,000","9,441,000","13,043,000","9,956,000","10,445,000","12,454,000","10,346,000","10,386,000","10,518,000","10,418,000","9,050,000","9,838,000","5,194,000","10,467,000","4,514,000","4,430,000","3,937,000","3,509,000","3,012,000","3,334,000","3,776,000","4,157,000","5,704,000","5,111,000","5,163,000","4,994,000","5,849,000","5,468,000","5,707,000","16,293,000","5,649,000","3,940,000","3,651,000","4,147,000","4,392,000","4,360,000","4,150,000","4,032,000","9,362,000","7,624,000","5,907,000","5,495,000","-2,173,000","5,273,000","5,471,000","3,760,000","2,795,000","2,868,000","2,699,000","2,974,000","2,708,000","2,646,000","2,611,000","3,331,000","15,403,000","14,895,000","12,228,000","6,304,000","13,903,000","13,330,000","12,232,000","10,783,000","8,900,000","7,600,000","5,700,000","5,400,000","8,900,000","4,000,000","1,300,000","1,000,000","700,000","400,000","300,000","300,000","200,000",,"100,000","100,000"
			Amortization,"66,263,000","19,648,000","19,648,000","19,435,000","7,532,000","702,000","701,000","694,000","702,000","4,219,000","4,937,000","3,205,000","3,529,000","4,106,000","4,063,000","4,019,000","3,666,000","3,581,000","3,733,000","3,692,000","3,646,000","7,106,000","7,387,000","7,286,000","7,394,000","11,361,000","76,938,000","10,992,000","9,441,000","13,043,000","9,956,000","10,445,000","12,454,000","10,346,000","10,386,000","10,518,000","10,418,000","9,050,000","9,838,000","5,194,000","10,467,000","4,514,000","4,430,000","3,937,000","3,509,000","3,012,000","3,334,000","3,776,000","4,157,000","5,704,000","5,111,000","5,163,000","4,994,000","5,849,000","5,468,000","5,707,000","16,293,000","5,649,000","3,940,000","3,651,000","4,147,000","4,392,000","4,360,000","4,150,000","4,032,000","9,362,000","7,624,000","5,907,000","5,495,000","-2,173,000","5,273,000","5,471,000","3,760,000","2,795,000","2,868,000","2,699,000","2,974,000","2,708,000","2,646,000","2,611,000","3,331,000","15,403,000","14,895,000","12,228,000","6,304,000",,,,,,,,,,,,,,,,,,,,
				AmortizationOfIntangiblesIncomeStatement,"66,263,000","19,648,000","19,648,000","19,435,000","7,532,000","702,000","701,000","694,000","702,000","4,219,000","4,937,000","3,205,000","3,529,000","4,106,000","4,063,000","4,019,000","3,666,000","3,581,000","3,733,000","3,692,000","3,646,000","7,106,000","7,387,000","7,286,000","7,394,000","11,361,000","76,938,000","10,992,000","9,441,000","13,043,000","9,956,000","10,445,000","12,454,000","10,346,000","10,386,000","10,518,000","10,418,000","9,050,000","9,838,000","5,194,000","10,467,000","4,514,000","4,430,000","3,937,000","3,509,000","3,012,000","3,334,000","3,776,000","4,157,000","5,704,000","5,111,000","5,163,000","4,994,000","5,849,000","5,468,000","5,707,000","16,293,000","5,649,000","3,940,000","3,651,000","4,147,000","4,392,000","4,360,000","4,150,000","4,032,000","9,362,000","7,624,000","5,907,000","5,495,000","-2,173,000","5,273,000","5,471,000","3,760,000","2,795,000","2,868,000","2,699,000","2,974,000","2,708,000","2,646,000","2,611,000","3,331,000","15,403,000","14,895,000","12,228,000","6,304,000",,,,,,,,,,,,,,,,,,,,
	OtherOperatingExpenses,,,,,,,,,,,,,,,,,,,,,,,,,,,,,,,,,,,,,,,,,,,,,,,,,,,,,,,,,"-10,593,000",,,,,,,,,"-5,278,000","-4,477,000","-3,693,000","-3,318,000",,,,,,,,,,,,,,,,,,,,,,,,,,,,,,,,,,,,
OperatingIncome,"339,943,000","78,468,000","84,465,000","84,677,000","92,333,000","135,285,000","128,305,000","153,199,000","204,000,000","191,586,000","119,710,000","121,393,000","125,676,000","206,058,000","164,293,000","152,584,000","171,750,000","245,934,000","145,265,000","124,081,000","130,928,000","250,704,000","183,468,000","171,026,000","171,706,000","150,566,000","77,564,000","136,683,000","85,683,000","120,547,000","61,721,000","58,930,000","81,537,000","160,854,000","87,367,000","75,888,000","56,608,000","145,421,000","82,415,000","82,192,000","80,750,000","135,814,000","104,679,000","95,590,000","80,907,000","113,395,000","81,564,000","74,153,000","52,575,000","81,494,000","56,161,000","41,762,000","25,733,000","64,261,000","47,699,000","28,890,000","40,884,000","58,058,000","59,984,000","54,734,000","39,431,000","51,542,000","48,897,000","51,176,000","52,729,000","72,271,000","56,270,000","52,756,000","46,960,000","59,279,000","46,323,000","37,092,000","35,397,000","42,247,000","38,716,000","35,498,000","37,928,000","45,274,000","17,368,000","10,276,000","30,942,000","34,179,000","32,384,000","33,772,000","35,596,000","29,882,000","25,911,000","15,902,000","49,611,000","50,100,000","45,400,000","41,100,000","37,100,000","92,500,000","22,100,000","-9,500,000","-1,400,000","16,500,000","17,200,000","10,700,000","10,200,000","6,800,000","4,800,000","3,800,000","2,500,000"
NetNonOperatingInterestIncomeExpense,"-90,561,000","-21,399,000","-22,490,000","-22,633,000","-24,039,000","-15,938,000","-16,148,000","-16,487,000","-13,006,000","-6,743,000","-6,173,000","-6,419,000","-8,359,000","-8,321,000","-9,066,000","-11,140,000","-11,605,000","-7,560,000","-3,853,000","-6,447,000","-5,941,000","-6,766,000","-7,061,000","-7,032,000","-7,404,000","-7,961,000","-8,071,000","-8,160,000","-8,286,000","-8,015,000","-8,140,000","-4,843,000","2,153,000","2,132,000","2,079,000","2,021,000","1,962,000","2,187,000","2,059,000","2,828,000","3,078,000","3,068,000","3,085,000","3,727,000","3,939,000","3,360,000","3,638,000","3,752,000","3,500,000","3,333,000","3,974,000","4,359,000","2,591,000",,,,,,,,,,,,,,,,,,,,,,,,,,,,,,,,,,,,,,,,,,,,,,,,,,,,
	InterestIncomeNonOperating,"1,232,000","320,000","319,000","272,000","321,000","423,000","491,000","589,000","1,605,000","2,087,000","2,649,000","3,870,000","9,674,000","11,001,000","10,896,000","9,402,000","8,731,000","8,763,000","7,873,000","5,560,000","5,612,000","4,578,000","4,193,000","4,164,000","3,751,000","2,996,000","3,004,000","2,841,000","2,834,000","2,716,000","2,411,000","2,141,000","2,153,000","2,132,000","2,079,000","2,021,000","1,962,000","2,187,000","2,059,000","2,828,000","3,078,000","3,068,000","3,085,000","3,727,000","3,939,000","3,546,000","3,638,000","3,837,000","3,556,000","3,516,000","4,059,000","4,393,000","2,715,000",,,,,,,,,,,,,,,,,,,,,,,,,,,,,,,,,,,,,,,,,,,,,,,,,,,,
	InterestExpenseNonOperating,"91,793,000","21,719,000","22,809,000","22,905,000","24,360,000","16,361,000","16,639,000","17,076,000","14,611,000","8,830,000","8,822,000","10,289,000","18,033,000","19,322,000","19,962,000","20,542,000","20,336,000","16,323,000","11,726,000","12,007,000","11,553,000","11,344,000","11,254,000","11,196,000","11,155,000","10,957,000","11,075,000","11,001,000","11,120,000","10,731,000","10,551,000","6,984,000",,,,,,,,,,,,,,"186,000",,"85,000","56,000","183,000","85,000","34,000","124,000",,,,,,,,,,,,,,,,,,,,,,,,,,,,,,,,,,,,,,,,,,,,,,,,,,,,
OtherIncomeExpense,"-82,235,000","-99,716,000","-2,050,000","6,635,000","12,896,000","-199,000","3,841,000","-7,617,000","-355,000","-8,884,000","-5,423,000","-7,731,000","867,000","-10,113,000","4,188,000","-9,974,000","-9,199,000","-56,251,000","-7,571,000","-3,281,000","-4,958,000","-22,764,000","-29,147,000","-18,211,000","-61,755,000","-30,410,000","-16,135,000","-17,796,000","-41,800,000","-4,831,000","-5,359,000","-3,059,000","-14,935,000","-968,000","1,359,000","-646,000","-766,000","1,628,000","6,424,000","525,000","722,000","-336,000","-4,946,000","1,361,000","3,609,000","-813,000","1,975,000","-3,212,000","-67,000","-3,627,000","1,590,000","-1,326,000","-22,152,000","1,725,000","-3,992,000","-1,222,000","-1,791,000","-9,401,000","43,000","105,000","-1,013,000","424,000","-1,373,000","111,000","-708,000","-350,000","-7,112,000","-370,000","464,000","452,000","727,000","190,000","-24,934,000","1,206,000","277,000","1,629,000","346,000","-1,104,000","-821,000","-1,684,000","126,000","40,119,000","4,534,000","-5,691,000",,,,,,"0","-2,300,000","6,400,000","3,500,000","-16,000,000","2,400,000","2,600,000","2,700,000","2,900,000","3,100,000","2,300,000","1,600,000","1,500,000","1,600,000","900,000","600,000"
	SpecialIncomeCharges,"-103,323,000","-103,323,000",,,"0","0","0","-9,528,000","-2,453,000","-6,225,000","-8,879,000","-4,311,000","-2,832,000","-3,587,000","486,000","-7,437,000","-6,187,000","-56,235,000","-8,552,000","-2,140,000","-8,284,000","-19,414,000","-29,641,000","-17,939,000","-60,752,000","-38,160,000","-13,766,000","-14,534,000","-33,951,000","-3,139,000","-3,124,000","-4,511,000","-9,650,000",,,,,"-7,671,000","6,424,000","525,000","722,000","-336,000","-4,946,000","1,361,000","3,609,000","-813,000","1,975,000","-3,212,000","-67,000","-3,627,000","1,590,000","-1,326,000","-22,152,000","1,725,000","-3,992,000","-1,222,000","-1,791,000","-9,401,000","43,000","105,000","-1,013,000","424,000","-1,373,000","111,000","-708,000","-350,000","-7,112,000","-370,000","464,000","452,000","727,000","190,000","-24,934,000","1,206,000","277,000","1,629,000","346,000","-1,104,000","-821,000","-1,684,000","126,000","40,119,000","4,534,000","-5,691,000",,,,,,"0","-2,300,000","6,400,000","3,500,000","-16,000,000","2,400,000","2,600,000","2,700,000","2,900,000","3,100,000","2,300,000","1,600,000","1,500,000","1,600,000","900,000","600,000"
		RestructuringAndMergernAcquisition,"103,323,000","103,323,000",,,"0","0","0","9,528,000","2,453,000","6,225,000","8,879,000","4,311,000","2,832,000","3,587,000","-486,000","7,437,000","6,187,000","53,697,000","8,552,000","2,140,000","7,986,000","8,980,000","12,061,000","4,016,000","46,065,000","38,160,000","13,766,000","14,534,000","33,951,000","3,139,000","3,124,000","4,511,000","9,650,000",,,,,"0","0","0","0","0","0","0","24,000","49,000","87,000","335,000","500,000","3,646,000","61,000","2,036,000","20,730,000",,,,,,,,,,,,,,,,,,,,,,,,,,,,,,,,,,,,,,,,,,,,,,,,,,,,
		OtherSpecialCharges,,,,,,,,,,,,,,,,,,,,,,,,,,,,,,,,,,,,,,,"-6,424,000","-525,000","-722,000","336,000","4,946,000","-1,361,000","-3,633,000","764,000","-2,062,000","2,877,000","-433,000","-19,000","-1,651,000","-710,000","1,422,000",,,,,,,,,,,,,,,,,,,,,,,,,,,,,,,,,,,,,,,,,,,,,,,,,,,,
		GainOnSaleOfBusiness,,,,,,,,,,,,,,,,,,,,,"-298,000","-10,434,000","-17,580,000","-13,923,000","-14,687,000",,,,,,,,,,,,,,,,,,,,,,,,,,,,,,,,,,,,,,,,,,,,,,,,,,,,,,,,,,,,,,,,,,,,,,,,,,,,,,,,
	OtherNonOperatingIncomeExpenses,"21,088,000","3,607,000","-2,050,000","6,635,000","12,896,000","-199,000","3,841,000","1,911,000","2,098,000","-2,659,000","3,456,000","-3,420,000","3,699,000","-6,526,000","3,702,000","-2,537,000","-3,012,000","-16,000","981,000","-1,141,000","3,326,000","-3,350,000","494,000","-272,000","-1,003,000","7,750,000","-2,369,000","-3,262,000","-7,849,000","-1,692,000","-2,235,000","1,452,000","-5,285,000","-968,000","1,359,000","-646,000","-766,000","3,815,000",,,,,,,,,,,,,,,,,,,,,,,,,,,,,,,,,,,,,,,,,,,,,,,,,,,,,,,,,,,,,,,,,,,
PretaxIncome,"167,147,000","-42,647,000","59,925,000","68,679,000","81,190,000","119,148,000","115,998,000","129,095,000","190,639,000","175,959,000","108,114,000","107,243,000","118,184,000","187,624,000","159,415,000","131,470,000","150,946,000","182,123,000","133,841,000","114,353,000","120,029,000","221,174,000","147,260,000","145,783,000","102,547,000","112,195,000","53,358,000","110,727,000","35,597,000","107,701,000","48,222,000","51,028,000","68,755,000","162,018,000","90,805,000","77,263,000","57,804,000","149,236,000","90,898,000","85,545,000","84,550,000","138,546,000","102,818,000","100,678,000","88,455,000","115,942,000","87,177,000","74,693,000","56,008,000","81,200,000","61,725,000","44,795,000","6,172,000","72,069,000","50,880,000","35,212,000","38,762,000","60,652,000","73,445,000","67,242,000","49,569,000","62,406,000","59,974,000","61,516,000","59,185,000","72,369,000","50,363,000","54,046,000","48,730,000","63,158,000","49,630,000","39,841,000","11,804,000","44,446,000","39,737,000","37,116,000","39,388,000","49,212,000","19,312,000","10,849,000","33,784,000","37,161,000","40,275,000","34,927,000","40,187,000","27,681,000","30,881,000","21,390,000","55,064,000","53,200,000","45,800,000","43,400,000","40,300,000","76,600,000","24,500,000","-6,900,000","1,200,000","19,600,000","20,500,000","13,000,000","11,700,000","8,300,000","6,300,000","4,600,000","3,100,000"
TaxProvision,"-140,352,000","-145,545,000","8,138,000","5,913,000","-8,858,000","7,057,000","17,771,000","16,189,000","9,417,000","-31,154,000","-162,743,000","13,748,000","7,836,000","21,906,000","558,000","24,637,000","6,687,000","466,012,000","7,121,000","5,524,000","49,704,000","21,324,000","15,359,000","24,885,000","19,084,000","-19,079,000","-2,567,000","7,452,000","6,710,000","12,473,000","690,000","-1,996,000","12,816,000","23,374,000","14,075,000","12,802,000","-1,884,000","35,207,000","12,653,000","-6,461,000","16,283,000","29,847,000","10,642,000","19,270,000","15,108,000","22,186,000","-602,000","27,136,000","8,659,000","-6,948,000","8,302,000","2,276,000","-755,000","11,969,000","1,731,000","563,000","4,384,000","-2,113,000","12,750,000","13,852,000","11,936,000","17,156,000","13,356,000","15,066,000","14,506,000","13,428,000","9,410,000","26,160,000","10,170,000","10,860,000","11,182,000","8,366,000","2,479,000","8,171,000","8,742,000","7,772,000","9,059,000","9,645,000","2,497,000",,"7,095,000","11,520,000","12,485,000","12,033,000","11,252,000","8,304,000","9,264,000","6,417,000","16,519,000","19,200,000","16,500,000","15,600,000","14,500,000","27,600,000","8,800,000","-2,500,000","400,000","7,100,000","7,400,000","4,700,000","4,200,000","1,400,000","1,000,000","1,000,000","200,000"
NetIncomeCommonStockholders,"307,499,000","102,898,000","51,787,000","62,766,000","90,048,000","112,091,000","98,227,000","112,906,000","181,222,000","207,113,000","270,857,000","93,495,000","110,348,000","165,718,000","158,857,000","106,833,000","144,259,000","-283,889,000","126,720,000","108,829,000","27,621,000","199,850,000","131,901,000","120,898,000","83,463,000","131,274,000","55,925,000","103,275,000","28,887,000","95,228,000","47,532,000","53,024,000","55,939,000","138,644,000","76,730,000","64,461,000","59,688,000","114,029,000","78,245,000","92,006,000","68,267,000","108,699,000","92,176,000","81,944,000","73,503,000","94,380,000","87,779,000","47,557,000","47,349,000","88,148,000","53,423,000","42,519,000","6,927,000","60,100,000","49,149,000","34,649,000","34,378,000","62,765,000","60,695,000","53,390,000","37,633,000","45,250,000","46,618,000","46,450,000","44,679,000","58,941,000","40,953,000","27,886,000","38,560,000","52,298,000","38,448,000","31,475,000","9,325,000","36,275,000","30,995,000","29,344,000","30,329,000","39,567,000","16,815,000","10,849,000","26,689,000","25,641,000","27,790,000","22,894,000","28,935,000","19,377,000","21,617,000","14,973,000","38,545,000","34,000,000","29,300,000","27,800,000","25,800,000","49,000,000","15,700,000","-4,400,000","800,000","12,500,000","13,100,000","8,300,000","7,500,000","6,900,000","5,300,000","3,600,000","2,900,000"
	NetIncome,"307,499,000","102,898,000","51,787,000","62,766,000","90,048,000","112,091,000","98,227,000","112,906,000","181,222,000","207,113,000","270,857,000","93,495,000","110,348,000","165,718,000","158,857,000","106,833,000","144,259,000","-283,889,000","126,720,000","108,829,000","27,621,000","199,850,000","131,901,000","120,898,000","83,463,000","131,274,000","55,925,000","103,275,000","28,887,000","95,228,000","47,532,000","53,024,000","55,939,000","138,644,000","76,730,000","64,461,000","59,688,000","114,029,000","78,245,000","92,006,000","68,267,000","108,699,000","92,176,000","81,944,000","73,503,000","94,380,000","87,779,000","47,557,000","47,349,000","88,148,000","53,423,000","42,519,000","6,927,000","60,100,000","49,149,000","34,649,000","34,378,000","62,765,000","60,695,000","53,390,000","37,633,000","45,250,000","46,618,000","46,450,000","44,679,000","58,941,000","40,953,000","27,886,000","38,560,000","52,298,000","38,448,000","31,475,000","9,325,000","36,275,000","30,995,000","29,344,000","30,329,000","39,567,000","16,815,000","10,849,000","26,689,000","25,641,000","27,790,000","22,894,000","28,935,000","19,377,000","21,617,000","14,973,000","38,545,000","34,000,000","29,300,000","27,800,000","25,800,000","49,000,000","15,700,000","-4,400,000","800,000","12,500,000","13,100,000","8,300,000","7,500,000","6,900,000","5,300,000","3,600,000","2,900,000"
		NetIncomeIncludingNoncontrollingInterests,"307,499,000","102,898,000","51,787,000","62,766,000","90,048,000","112,091,000","98,227,000","112,906,000","181,222,000","207,113,000","270,857,000","93,495,000","110,348,000","165,718,000","158,857,000","106,833,000","144,259,000","-283,889,000","126,720,000","108,829,000","27,621,000","199,850,000","131,901,000","120,898,000","83,463,000","131,274,000","55,925,000","103,275,000","28,887,000","95,228,000","47,532,000","53,024,000","55,939,000","138,644,000","76,730,000","64,461,000","59,688,000","114,029,000","78,245,000","92,006,000","68,267,000","108,699,000","92,176,000","81,408,000","73,347,000","93,756,000","87,779,000","47,557,000","47,349,000","88,148,000","53,423,000","42,519,000","6,927,000","60,100,000","49,149,000","34,649,000","34,378,000","62,765,000","60,695,000","53,390,000","37,633,000","45,250,000","46,618,000","46,450,000","44,679,000","58,941,000","40,953,000","27,886,000","38,560,000","52,298,000","38,448,000","31,475,000","9,325,000","36,275,000","30,995,000","29,344,000","30,329,000","39,567,000","16,815,000","10,849,000","26,689,000","25,641,000","27,790,000","22,894,000","28,935,000","19,377,000","21,617,000","14,973,000","38,545,000","34,000,000","29,300,000","27,800,000","25,800,000","49,000,000","15,700,000","-4,400,000","800,000","12,500,000","13,100,000","8,300,000","7,500,000","6,900,000","5,300,000","3,600,000","2,900,000"
			NetIncomeContinuousOperations,"307,499,000","102,898,000","51,787,000","62,766,000","90,048,000","112,091,000","98,227,000","112,906,000","181,222,000","207,113,000","270,857,000","93,495,000","110,348,000","165,718,000","158,857,000","106,833,000","144,259,000","-283,889,000","126,720,000","108,829,000","70,325,000","199,850,000","131,901,000","120,898,000","83,463,000","131,274,000","55,925,000","103,275,000","28,887,000","95,228,000","47,532,000","53,024,000","55,939,000","138,644,000","76,730,000","64,461,000","59,688,000","114,029,000","78,245,000","92,006,000","68,267,000","108,699,000","92,176,000","81,408,000","73,347,000","93,756,000","87,779,000","47,557,000","47,349,000","88,148,000","53,423,000","42,519,000","6,927,000","60,100,000","49,149,000","34,649,000","34,378,000","62,765,000","60,695,000","53,390,000","37,633,000","45,250,000","46,618,000","46,450,000","44,679,000","58,941,000","40,953,000","27,886,000","38,560,000","52,298,000","38,448,000","31,475,000","9,325,000","36,275,000","30,995,000","29,344,000","30,329,000","39,567,000","16,815,000","10,849,000","26,689,000","25,641,000","27,790,000","22,894,000","28,935,000","19,377,000","21,617,000","14,973,000","38,545,000","34,000,000","29,300,000","27,800,000","25,800,000","49,000,000","15,700,000","-4,400,000","800,000","12,500,000","13,100,000","8,300,000","7,500,000","6,900,000","5,300,000","3,600,000","2,900,000"
			NetIncomeDiscontinuousOperations,,,,,,,,,,,,,,"0","0",,"0","0","0","0","-42,704,000",,,,,,,,,,,,,,,,,,,,,,,,,,,,,,,,,,,,,,,,,,,,,,,,,,,,,,,,,,,,,,,,,,,,,,,,,,,,,,,,,,,,
		MinorityInterests,,,,,,,,,,,,,,,,,,,,,,,,,,,,,,,,,,,,,,"0","0","0","0","0","0","536,000","156,000",,"0",,,,,,,,,,,,,,,,,,,,,,,,,,,,,,,,,,,,,,,,,,,,,,,,,,,,,,,,,,
DilutedNIAvailtoComStockholders,"307,499,000","102,898,000","51,787,000","62,766,000","90,048,000","112,091,000","98,227,000","112,906,000","181,222,000","207,113,000","270,857,000","93,495,000","110,348,000","165,718,000","158,857,000","106,833,000","144,259,000","-283,889,000","126,720,000","108,829,000","27,621,000","199,850,000","131,901,000","120,898,000","83,463,000","131,274,000","55,925,000","103,275,000","28,887,000","95,228,000","47,532,000","53,024,000","55,939,000","138,644,000","76,730,000","64,461,000","59,688,000","114,029,000","78,245,000","92,006,000","68,267,000","108,699,000","92,176,000","81,944,000","73,503,000","94,380,000","87,779,000","47,557,000","47,349,000","88,148,000","53,423,000","42,519,000","6,927,000","60,100,000","49,149,000","34,649,000","34,378,000","62,765,000","60,695,000","53,390,000","37,633,000","45,250,000","46,618,000","46,450,000","44,679,000","58,941,000","40,953,000","27,886,000","38,560,000","52,298,000","38,448,000","31,475,000","9,325,000","36,275,000","30,995,000","29,344,000","30,329,000","39,567,000","16,815,000","10,849,000","26,689,000","25,641,000","27,790,000","22,894,000","28,935,000","19,377,000","21,617,000","14,973,000","38,545,000","34,000,000","29,300,000","27,800,000","25,800,000","49,000,000","15,700,000","-4,400,000","800,000","12,500,000","13,100,000","8,300,000","7,500,000","6,900,000","5,300,000","3,600,000","2,900,000"
BasicEPS,,"0.824","0.42","0.51","0.73",,"0.8","0.91","1.473","1.59","2.08","0.71","0.84","1.24","1.18","0.789","1.052","-1.93","0.841","0.72","0.183","1.279","0.847","0.78","0.54","0.853","0.356","0.645","0.18","0.592","0.291","0.323","0.303","0.756","0.41","0.345","0.319","0.612","0.418","0.493","0.36","0.585","0.495","0.436","0.391",,"0.468","0.257","0.255",,"0.292","0.233","0.04",,"0.27","0.19","0.19",,"0.34","0.3","0.21",,"0.25","0.25","0.25",,"0.24","0.16","0.23",,"0.23","0.18","0.06",,"0.19","0.18","0.18",,"0.1","0.06","0.14",,"0.15","0.12","0.16",,"0.12","0.08","0.21",,"0.085","0.08","0.075",,"0.025","-0.008","0.003",,"0.013","0.008","0.008",,"0.007","0.005","0.002"
DilutedEPS,,"0.81","0.41","0.5","0.71",,"0.78","0.9","1.42","1.56","2.04","0.7","0.78","1.15","1.08","0.73","0.99","-1.93","0.82","0.7","0.17","1.26","0.84","0.77","0.54","0.84","0.35","0.64","0.18","0.58","0.29","0.31","0.3","0.74","0.41","0.34","0.319","0.6","0.41","0.49","0.36","0.58","0.49","0.43","0.38",,"0.46","0.25","0.25",,"0.29","0.23","0.04",,"0.26","0.18","0.18",,"0.33","0.29","0.2",,"0.25","0.24","0.24",,"0.23","0.16","0.22",,"0.22","0.18","0.05",,"0.18","0.17","0.18",,"0.1","0.06","0.14",,"0.14","0.12","0.15",,"0.11","0.07","0.19",,"0.075","0.075","0.07",,"0.023","-0.008","0.003",,"0.013","0.008","0.008",,"0.007","0.005","0.002"
BasicAverageShares,,"124,861,000","124,515,000","124,230,000","122,923,000",,"123,255,000","123,522,000","123,001,000","130,361,000","130,277,000","131,309,000","131,483,000","133,883,000","134,659,000","135,418,000","137,144,000","147,390,000","150,629,000","151,204,000","151,132,000","156,299,000","155,687,000","155,071,000","154,547,000","153,817,000","157,125,000","160,142,000","160,092,000","160,776,000","163,575,000","164,145,000","184,640,000","183,289,000","187,229,000","186,787,000","186,990,000","186,342,000","186,968,000","186,723,000","188,884,000","185,814,000","186,269,000","188,021,000","187,854,000",,"187,735,000","184,018,000","186,021,000",,"180,960,000","180,347,000","180,347,000",,"182,228,000","183,595,000","185,486,000",,"180,189,000","179,774,000","179,282,000",,"183,008,000","183,023,000","178,169,000",,"172,870,000","169,698,000","170,139,000",,"169,148,000","170,327,000","166,457,000",,"164,310,000","165,409,000","167,300,000",,"175,127,000","179,935,000","184,174,000",,"186,308,000","184,490,000","184,832,000",,"185,627,000","185,356,000","183,151,000",,"178,318,000","175,606,000","174,508,000",,"169,728,000","167,648,000","167,236,000",,"164,047,998","163,771,998","162,571,998",,"159,048,000","158,208,000","142,124,000"
DilutedAverageShares,,"126,638,000","126,321,000","126,003,000","126,026,000",,"125,863,000","125,735,000","127,577,000","133,112,000","132,655,000","134,277,000","141,025,000","144,372,000","147,568,000","145,447,000","146,388,000","147,390,000","154,627,000","156,036,000","158,369,000","158,196,000","157,532,000","156,666,000","155,945,000","156,268,000","161,777,000","162,027,000","162,036,000","163,215,000","165,713,000","170,891,000","185,681,000","186,500,000","188,980,000","188,486,000","189,011,000","188,662,000","189,671,000","189,279,000","188,884,000","188,588,000","189,730,000","191,412,000","191,500,000",,"191,004,000","189,278,000","188,842,000",,"186,334,000","184,740,000","182,373,000",,"185,666,000","188,021,000","189,987,000",,"186,747,000","185,434,000","184,357,000",,"188,882,000","191,500,000","186,013,000",,"178,210,000","175,146,000","175,913,000",,"172,870,000","176,273,000","172,584,000",,"171,111,000","171,925,000","170,402,000",,"175,891,000","181,262,000","187,465,000",,"196,835,000","194,001,000","195,669,000",,"192,879,000","203,316,000","208,309,000",,"178,318,000","175,606,000","174,508,000",,"169,728,000","167,648,000","167,236,000",,"164,047,998","163,771,998","162,571,998",,"159,048,000","158,208,000","142,124,000"
TotalOperatingIncomeAsReported,"236,620,000","-24,855,000","84,465,000","84,677,000","92,333,000","135,285,000","128,305,000","143,671,000","201,547,000","185,361,000","110,831,000","117,082,000","122,844,000","202,471,000","164,779,000","145,147,000","165,563,000","189,699,000","136,713,000","121,941,000","122,644,000","231,290,000","153,827,000","153,087,000","110,954,000","112,406,000","63,798,000","122,149,000","51,732,000","117,408,000","58,597,000","54,419,000","71,887,000","160,854,000","87,367,000","75,888,000","56,608,000","145,421,000","82,415,000","82,192,000","80,750,000","135,814,000","104,679,000","95,590,000","80,883,000","113,346,000","81,477,000","73,818,000","52,075,000","77,848,000","56,100,000","39,726,000","5,003,000","63,121,000","47,699,000","28,890,000","30,291,000","49,458,000","59,984,000","54,734,000","38,231,000","51,542,000","47,897,000","51,176,000","52,729,000","66,993,000","44,793,000","49,063,000","43,642,000","58,879,000","46,323,000","37,092,000","16,697,000","42,247,000","38,716,000","35,498,000","37,928,000","45,274,000","17,368,000","10,276,000","30,942,000","34,179,000","32,384,000","31,192,000","35,596,000","29,882,000","25,911,000","15,902,000","49,611,000","50,100,000","45,400,000","41,100,000","37,100,000","92,500,000","22,100,000","-9,500,000","-1,400,000","16,500,000","17,200,000","10,700,000","10,200,000","6,800,000","4,800,000","3,800,000","2,500,000"
TotalExpenses,"2,877,227,000","772,380,000","693,980,000","727,434,000","683,433,000","674,371,000","638,865,000","645,730,000","656,945,000","618,237,000","613,191,000","627,304,000","593,467,000","595,812,000","568,183,000","589,781,000","525,442,000","531,923,000","545,660,000","569,146,000","531,749,000","657,652,000","657,783,000","671,954,000","653,972,000","754,197,000","735,706,000","660,076,000","675,119,000","730,936,000","697,273,000","722,630,000","669,282,000","641,566,000","625,364,000","654,496,000","616,291,000","594,575,000","559,007,000","533,018,000","508,745,000","483,552,000","460,669,000","435,200,000","409,981,000","416,329,000","390,669,000","384,280,000","361,697,000","369,666,000","344,881,000","351,066,000","343,325,000","351,436,000","351,194,000","362,840,000","336,150,000","341,501,000","289,947,000","279,630,000","268,657,000","269,460,000","228,954,000","224,292,000","207,269,000","196,385,000","170,677,000","158,473,000","154,930,000","154,688,000","141,255,000","141,210,000","125,913,000","115,497,000","105,625,000","107,551,000","105,563,000","103,510,000","101,530,000","107,180,000","111,368,000","123,869,000","121,111,000","113,502,000","97,216,000","93,472,000","87,580,000","90,184,000","77,904,000","68,000,000","60,400,000","53,300,000","47,900,000","-17,000,000","45,500,000","65,700,000","50,700,000","26,400,000","17,700,000","13,800,000","11,400,000","8,700,000","6,900,000","5,700,000","5,300,000"
NetIncomeFromContinuingAndDiscontinuedOperation,"307,499,000","102,898,000","51,787,000","62,766,000","90,048,000","112,091,000","98,227,000","112,906,000","181,222,000","207,113,000","270,857,000","93,495,000","110,348,000","165,718,000","158,857,000","106,833,000","144,259,000","-283,889,000","126,720,000","108,829,000","27,621,000","199,850,000","131,901,000","120,898,000","83,463,000","131,274,000","55,925,000","103,275,000","28,887,000","95,228,000","47,532,000","53,024,000","55,939,000","138,644,000","76,730,000","64,461,000","59,688,000","114,029,000","78,245,000","92,006,000","68,267,000","108,699,000","92,176,000","81,944,000","73,503,000","94,380,000","87,779,000","47,557,000","47,349,000","88,148,000","53,423,000","42,519,000","6,927,000","60,100,000","49,149,000","34,649,000","34,378,000","62,765,000","60,695,000","53,390,000","37,633,000","45,250,000","46,618,000","46,450,000","44,679,000","58,941,000","40,953,000","27,886,000","38,560,000","52,298,000","38,448,000","31,475,000","9,325,000","36,275,000","30,995,000","29,344,000","30,329,000","39,567,000","16,815,000","10,849,000","26,689,000","25,641,000","27,790,000","22,894,000","28,935,000","19,377,000","21,617,000","14,973,000","38,545,000","34,000,000","29,300,000","27,800,000","25,800,000","49,000,000","15,700,000","-4,400,000","800,000","12,500,000","13,100,000","8,300,000","7,500,000","6,900,000","5,300,000","3,600,000","2,900,000"
NormalizedIncome,"382,924,790","102,898,000","51,787,000","62,766,000","90,048,000","112,091,000","98,227,000","121,243,000","183,554,803","211,657,250","277,338,670","97,254,192","112,993,088","168,886,200.582","158,372,944","112,879,281","150,173,772","-250,148,000","134,818,744","110,866,280","75,295,400","217,392,242.307","158,459,336","135,769,431","132,915,128","154,170,000","64,184,600","116,835,222","56,421,261","98,003,468.12","50,612,264","55,956,150","63,794,100","138,644,000","76,730,000","64,461,000","59,688,000","119,890,296.597","72,715,220.687","91,664,750","67,684,045.843","108,962,615.435","96,610,072.789","80,843,498.52","70,510,412.549","95,037,428.956","86,495,250","49,602,078.977","47,405,641.605","90,505,550","52,046,854.678","43,777,626.945","21,325,800","58,661,482.746","53,005,187.264","35,851,461.604","35,966,437.078","68,875,650","60,659,464.77","53,306,630.231","38,402,073.998","44,942,561.613","47,685,237.703","46,366,185.22","45,213,472.113","59,226,057.829","46,736,168.914","28,108,000","38,192,837.267","51,923,721.27","37,884,798.388","31,324,897.091","29,022,522.026","35,290,712.325","30,778,939.024","28,056,108.632","30,062,577.892","40,454,628.383","17,529,846.469","11,859,400","26,589,461.343","-2,041,012.836","24,661,511.856","26,624,344.834","28,935,000","19,377,000","21,617,000","14,973,000","38,545,000","34,000,000","30,771,397.38","23,700,460.829","23,559,305.211","59,234,986.945","14,162,040.816","-6,057,971.014","-1,000,000","10,650,510.204","11,119,024.39","6,831,538.462","6,474,358.974","5,653,012.048","3,953,968.254","2,895,652.174","2,338,709.677"
InterestIncome,"1,232,000","320,000","319,000","272,000","321,000","423,000","491,000","589,000","1,605,000","2,087,000","2,649,000","3,870,000","9,674,000","11,001,000","10,896,000","9,402,000","8,731,000","8,763,000","7,873,000","5,560,000","5,612,000","4,578,000","4,193,000","4,164,000","3,751,000","2,996,000","3,004,000","2,841,000","2,834,000","2,716,000","2,411,000","2,141,000","2,153,000","2,132,000","2,079,000","2,021,000","1,962,000","2,187,000","2,059,000","2,828,000","3,078,000","3,068,000","3,085,000","3,727,000","3,939,000","3,546,000","3,638,000","3,837,000","3,556,000","3,516,000","4,059,000","4,393,000","2,715,000",,,,,,,,,,,,,,,,,,,,,,,,,,,,,,,,,,,,,,,,,,,,,,,,,,,,
InterestExpense,"91,793,000","21,719,000","22,809,000","22,905,000","24,360,000","16,361,000","16,639,000","17,076,000","14,611,000","8,830,000","8,822,000","10,289,000","18,033,000","19,322,000","19,962,000","20,542,000","20,336,000","16,323,000","11,726,000","12,007,000","11,553,000","11,344,000","11,254,000","11,196,000","11,155,000","10,957,000","11,075,000","11,001,000","11,120,000","10,731,000","10,551,000","6,984,000",,,,,,,,,,,,,,"186,000",,"85,000","56,000","183,000","85,000","34,000","124,000",,,,,,,,,,,,,,,,,,,,,,,,,,,,,,,,,,,,,,,,,,,,,,,,,,,,
NetInterestIncome,"-90,561,000","-21,399,000","-22,490,000","-22,633,000","-24,039,000","-15,938,000","-16,148,000","-16,487,000","-13,006,000","-6,743,000","-6,173,000","-6,419,000","-8,359,000","-8,321,000","-9,066,000","-11,140,000","-11,605,000","-7,560,000","-3,853,000","-6,447,000","-5,941,000","-6,766,000","-7,061,000","-7,032,000","-7,404,000","-7,961,000","-8,071,000","-8,160,000","-8,286,000","-8,015,000","-8,140,000","-4,843,000","2,153,000","2,132,000","2,079,000","2,021,000","1,962,000","2,187,000","2,059,000","2,828,000","3,078,000","3,068,000","3,085,000","3,727,000","3,939,000","3,360,000","3,638,000","3,752,000","3,500,000","3,333,000","3,974,000","4,359,000","2,591,000",,,,,,,,,,,,,,,,,,,,,,,,,,,,,,,,,,,,,,,,,,,,,,,,,,,,
EBIT,"258,940,000","-20,928,000","82,734,000","91,584,000","105,550,000","135,509,000","132,637,000","146,171,000","205,250,000","184,789,000","116,936,000","117,532,000","136,217,000","206,946,000","179,377,000","152,012,000","171,282,000","198,446,000","145,567,000","126,360,000","131,582,000","232,518,000","158,514,000","156,979,000","113,702,000","123,152,000","64,433,000","121,728,000","46,717,000","118,432,000","58,773,000","58,012,000","81,537,000","160,854,000","87,367,000","75,888,000","56,608,000","145,421,000","82,415,000","82,192,000","80,750,000","135,814,000","104,679,000","95,590,000","80,907,000","116,128,000","81,564,000","74,778,000","56,064,000","81,383,000","61,810,000","44,829,000","6,296,000","90,487,000","47,699,000","28,890,000","40,884,000","58,058,000","59,984,000","54,734,000","39,431,000","51,542,000","48,897,000","51,176,000","52,729,000","72,271,000","56,270,000","52,756,000","46,960,000","59,279,000","46,323,000","37,092,000","35,397,000","42,247,000","38,716,000","35,498,000","37,928,000","45,274,000","17,368,000","10,276,000","30,942,000","34,179,000","32,384,000","33,772,000","35,596,000","29,882,000","25,911,000","15,902,000","49,611,000","50,100,000","45,400,000","41,100,000","37,100,000","92,500,000","22,100,000","-9,500,000","-1,400,000","16,500,000","17,200,000","10,700,000","10,200,000","6,800,000","4,800,000","3,800,000","2,500,000"
EBITDA,"529,320,000"
ReconciledCostOfRevenue,"420,960,000","170,240,000","77,322,000","92,603,000","80,795,000","143,018,000","75,297,000","70,042,000","62,578,000","122,367,000","62,101,000","57,467,000","48,530,000","136,643,000","52,664,000","58,378,000","60,076,000","105,318,000","57,260,000","64,901,000","56,804,000","115,375,000","75,226,000","73,550,000","75,525,000","117,045,000","78,342,000","57,962,000","76,868,000","94,241,000","77,920,000","86,937,000","76,749,000","78,196,000","66,163,000","71,808,000","60,796,000","65,600,000","57,196,000","53,754,000","47,263,000","40,013,000","38,276,000","35,977,000","25,066,000","30,848,000","26,661,000","23,171,000","18,861,000","22,065,000","16,443,000","15,081,000","16,116,000","18,645,000","17,088,000","19,978,000","18,439,000","19,987,000","19,454,000","15,635,000","14,721,000","15,513,000","12,635,000","13,101,000","10,800,000","7,204,000","4,633,000","2,236,000","894,000","64,000","5,396,000","4,925,000","4,236,000","4,919,000","183,000","5,036,000","4,731,000","5,145,000","4,375,000","4,758,000","4,752,000","7,741,000","411,000","4,353,000","7,312,000","609,000","3,414,000","4,014,000","1,165,000","500,000","900,000","1,200,000","2,900,000","4,600,000","-100,000","3,400,000","3,800,000","3,700,000","3,000,000","2,000,000","1,900,000","1,400,000","1,200,000","1,100,000","900,000"
ReconciledDepreciation,"270,380,000","22,891,000","89,145,000","88,138,000","70,206,000","-8,873,000","52,690,000","52,892,000","53,701,000","1,029,000","69,754,000","56,217,000","62,472,000","-19,686,000","55,316,000","54,390,000","51,876,000","20,202,000","52,410,000","48,103,000","49,300,000","29,883,000","70,136,000","78,058,000","70,961,000","97,069,000","144,850,000","85,781,000","65,179,000","93,454,000","68,021,000","98,764,000","70,031,000","68,858,000","68,156,000","65,950,000","64,536,000","60,818,000","58,710,000","45,798,000","49,547,000","43,661,000","42,889,000","36,856,000","35,849,000","35,532,000","34,471,000","34,160,000","33,995,000","36,254,000","34,086,000","34,143,000","34,094,000","33,760,000","30,668,000","31,586,000","27,692,000","25,985,000","20,492,000","19,880,000","18,840,000","17,255,000","15,903,000","15,171,000","15,254,000","18,362,000","14,430,000","11,343,000","10,484,000","3,502,000","10,703,000","10,718,000","8,655,000","7,728,000","8,035,000","8,421,000","10,152,000","9,213,000","9,734,000","10,495,000","11,996,000","25,329,000","22,057,000","15,098,000","17,104,000","13,903,000","13,330,000","12,232,000","10,783,000","8,900,000","7,600,000","5,700,000","5,400,000","8,900,000","4,000,000","1,300,000","1,000,000","700,000","400,000","300,000","300,000","200,000","0","100,000","100,000"
NetIncomeFromContinuingOperationNetMinorityInterest,"307,499,000","102,898,000","51,787,000","62,766,000","90,048,000","112,091,000","98,227,000","112,906,000","181,222,000","207,113,000","270,857,000","93,495,000","110,348,000","165,718,000","158,857,000","106,833,000","144,259,000","-283,889,000","126,720,000","108,829,000","70,325,000","199,850,000","131,901,000","120,898,000","83,463,000","131,274,000","55,925,000","103,275,000","28,887,000","95,228,000","47,532,000","53,024,000","55,939,000","138,644,000","76,730,000","64,461,000","59,688,000","114,029,000","78,245,000","92,006,000","68,267,000","108,699,000","92,176,000","81,944,000","73,503,000","94,380,000","87,779,000","47,557,000","47,349,000","88,148,000","53,423,000","42,519,000","6,927,000","60,100,000","49,149,000","34,649,000","34,378,000","62,765,000","60,695,000","53,390,000","37,633,000","45,250,000","46,618,000","46,450,000","44,679,000","58,941,000","40,953,000","27,886,000","38,560,000","52,298,000","38,448,000","31,475,000","9,325,000","36,275,000","30,995,000","29,344,000","30,329,000","39,567,000","16,815,000","10,849,000","26,689,000","25,641,000","27,790,000","22,894,000","28,935,000","19,377,000","21,617,000","14,973,000","38,545,000","34,000,000","29,300,000","27,800,000","25,800,000","49,000,000","15,700,000","-4,400,000","800,000","12,500,000","13,100,000","8,300,000","7,500,000","6,900,000","5,300,000","3,600,000","2,900,000"
TotalUnusualItemsExcludingGoodwill,"-103,323,000","-103,323,000",,,"0","0","0","-9,528,000","-2,453,000","-6,225,000","-8,879,000","-4,311,000","-2,832,000","-3,587,000","486,000","-7,437,000","-6,187,000","-56,235,000","-8,552,000","-2,140,000","-8,284,000","-19,414,000","-29,641,000","-17,939,000","-60,752,000","-38,160,000","-13,766,000","-14,534,000","-33,951,000","-3,139,000","-3,124,000","-4,511,000","-9,650,000",,,,,"-7,671,000","6,424,000","525,000","722,000","-336,000","-4,946,000","1,361,000","3,609,000","-813,000","1,975,000","-3,212,000","-67,000","-3,627,000","1,590,000","-1,326,000","-22,152,000","1,725,000","-3,992,000","-1,222,000","-1,791,000","-9,401,000","43,000","105,000","-1,013,000","424,000","-1,373,000","111,000","-708,000","-350,000","-7,112,000","-370,000","464,000","452,000","727,000","190,000","-24,934,000","1,206,000","277,000","1,629,000","346,000","-1,104,000","-821,000","-1,684,000","126,000","40,119,000","4,534,000","-5,691,000",,,,,,"0","-2,300,000","6,400,000","3,500,000","-16,000,000","2,400,000","2,600,000","2,700,000","2,900,000","3,100,000","2,300,000","1,600,000","1,500,000","1,600,000","900,000","600,000"
TotalUnusualItems,"-103,323,000","-103,323,000",,,"0","0","0","-9,528,000","-2,453,000","-6,225,000","-8,879,000","-4,311,000","-2,832,000","-3,587,000","486,000","-7,437,000","-6,187,000","-56,235,000","-8,552,000","-2,140,000","-8,284,000","-19,414,000","-29,641,000","-17,939,000","-60,752,000","-38,160,000","-13,766,000","-14,534,000","-33,951,000","-3,139,000","-3,124,000","-4,511,000","-9,650,000",,,,,"-7,671,000","6,424,000","525,000","722,000","-336,000","-4,946,000","1,361,000","3,609,000","-813,000","1,975,000","-3,212,000","-67,000","-3,627,000","1,590,000","-1,326,000","-22,152,000","1,725,000","-3,992,000","-1,222,000","-1,791,000","-9,401,000","43,000","105,000","-1,013,000","424,000","-1,373,000","111,000","-708,000","-350,000","-7,112,000","-370,000","464,000","452,000","727,000","190,000","-24,934,000","1,206,000","277,000","1,629,000","346,000","-1,104,000","-821,000","-1,684,000","126,000","40,119,000","4,534,000","-5,691,000",,,,,,"0","-2,300,000","6,400,000","3,500,000","-16,000,000","2,400,000","2,600,000","2,700,000","2,900,000","3,100,000","2,300,000","1,600,000","1,500,000","1,600,000","900,000","600,000"
NormalizedEBITDA,"632,643,000","1,963,000","171,879,000","179,722,000","175,756,000","136,211,000","185,327,000","208,591,000","261,404,000","195,233,000","195,569,000","178,060,000","201,521,000","214,639,000","234,207,000","213,839,000","229,345,000","274,883,000","206,529,000","176,603,000","189,166,000","281,815,000","258,291,000","252,976,000","245,415,000","258,381,000","223,049,000","222,043,000","145,847,000","215,025,000","129,918,000","161,287,000","161,218,000","229,712,000","155,523,000","141,838,000","121,144,000","213,910,000","134,701,000","127,465,000","129,575,000","179,811,000","152,514,000","131,085,000","113,147,000","152,473,000","114,060,000","112,150,000","90,126,000","121,264,000","94,306,000","80,298,000","62,542,000","122,522,000","82,359,000","61,698,000","70,367,000","93,444,000","80,433,000","74,509,000","59,284,000","68,373,000","66,173,000","66,236,000","68,691,000","90,983,000","77,812,000","64,469,000","56,980,000","62,329,000","56,299,000","47,620,000","68,986,000","48,769,000","46,474,000","42,290,000","47,734,000","55,591,000","27,923,000","22,455,000","42,812,000","19,389,000","49,907,000","54,561,000","52,700,000","43,785,000","39,241,000","28,134,000","60,394,000","59,000,000","55,300,000","40,400,000","39,000,000","117,400,000","23,700,000","-10,800,000","-3,100,000","14,300,000","14,500,000","8,700,000","8,900,000","5,500,000","3,200,000","3,000,000","2,000,000"
TaxRateForCalcs,"0.27","0.27","0.136","0.086","0.27","0.059","0.153","0.125","0.049","0.27","0.27","0.128","0.066","0.117","0.004","0.187","0.044","0.4","0.053","0.048","0.4","0.096","0.104","0.171","0.186","0.4","0.4","0.067","0.189","0.116","0.014","0.35","0.186","0.144","0.155","0.166","0.35","0.236","0.139","0.35","0.193","0.215","0.104","0.191","0.171","0.191","0.35","0.363","0.155","0.35","0.135","0.051","0.35","0.166","0.034","0.016","0.113","0.35","0.174","0.206","0.241","0.275","0.223","0.245","0.245","0.186","0.187","0.4","0.209","0.172","0.225","0.21","0.21","0.184","0.22","0.209","0.23","0.196","0.129","0.4","0.21","0.31","0.31","0.345","0.28","0.3","0.3","0.3","0.3","0.361","0.36","0.359","0.36","0.36","0.359","0.362","0.333","0.362","0.361","0.362","0.359","0.169","0.159","0.217","0.065"
TaxEffectOfUnusualItems,"-27,897,210","0","0","0","0","0","0","-1,191,000","-120,197","-1,680,750","-2,397,330","-551,808","-186,912","-418,799.418","1,944","-1,390,719","-272,228","-22,494,000","-453,256","-102,720","-3,313,600","-1,871,757.693","-3,082,664","-3,067,569","-11,299,872","-15,264,000","-5,506,400","-973,778","-6,416,739","-363,531.88","-43,736","-1,578,850","-1,794,900","0","0","0","0","-1,809,703.403","894,220.687","183,750","139,045.843","-72,384.565","-511,927.211","260,498.52","616,412.549","-155,571.044","691,250","-1,166,921.023","-10,358.395","-1,269,450","213,854.678","-67,373.055","-7,753,200","286,482.746","-135,812.736","-19,538.396","-202,562.922","-3,290,350","7,464.77","21,630.231","-243,926.002","116,561.613","-305,762.297","27,185.22","-173,527.887","-64,942.171","-1,328,831.086","-148,000","96,837.267","77,721.27","163,798.388","39,897.091","-5,236,477.974","221,712.325","60,939.024","341,108.632","79,577.892","-216,371.617","-106,153.531","-673,600","26,461.343","12,436,987.164","1,405,511.856","-1,960,655.166","0","0","0","0","0","0","-828,602.62","2,300,460.829","1,259,305.211","-5,765,013.055","862,040.816","942,028.986","900,000","1,050,510.204","1,119,024.39","831,538.462","574,358.974","253,012.048","253,968.254","195,652.174","38,709.677"