name,ttm,12/31/2021,09/30/2021,06/30/2021,03/31/2021,12/31/2020,09/30/2020,06/30/2020,03/31/2020,12/31/2019,09/30/2019,06/30/2019,03/31/2019,12/31/2018,09/30/2018,06/30/2018,03/31/2018,12/31/2017,09/30/2017,06/30/2017,03/31/2017,12/31/2016,09/30/2016,06/30/2016,03/31/2016,12/31/2015,09/30/2015,06/30/2015,03/31/2015,12/31/2014,09/30/2014,06/30/2014,03/31/2014,12/31/2013,09/30/2013,06/30/2013,03/31/2013,12/31/2012,09/30/2012,06/30/2012,03/31/2012,12/31/2011,09/30/2011,06/30/2011,03/31/2011,12/31/2010,09/30/2010,06/30/2010,03/31/2010,12/31/2009,09/30/2009,06/30/2009,03/31/2009,12/31/2008,09/30/2008,06/30/2008,03/31/2008,12/31/2007,09/30/2007,06/30/2007,03/31/2007,12/31/2006,09/30/2006,06/30/2006,03/31/2006,12/31/2005,09/30/2005,06/30/2005,03/31/2005,12/31/2004,09/30/2004,06/30/2004,03/31/2004,12/31/2003,09/30/2003,06/30/2003,03/31/2003,12/31/2002,09/30/2002,06/30/2002,03/31/2002,12/31/2001,09/30/2001,06/30/2001,03/31/2001,09/30/2000,06/30/2000,03/31/2000,12/31/1999,09/30/1999,06/30/1999,03/31/1999,12/31/1998,09/30/1998,06/30/1998,03/31/1998,12/31/1997,09/30/1997,06/30/1997,03/31/1997,12/31/1996,09/30/1996,06/30/1996,03/31/1996,12/31/1995,09/30/1995,06/30/1995,03/31/1995,12/31/1994,09/30/1994,06/30/1994,03/31/1994,12/31/1993,09/30/1993,06/30/1993,03/31/1993,12/31/1992,09/30/1992,06/30/1992,03/31/1992,12/31/1991,09/30/1991,06/30/1991,03/31/1991,12/31/1990,09/30/1990,06/30/1990,03/31/1990,12/31/1989,09/30/1989,06/30/1989,03/31/1989,12/31/1988,09/30/1988,06/30/1988,03/31/1988,12/31/1987,09/30/1987,06/30/1987,03/31/1987,12/31/1986,09/30/1986,06/30/1986,03/31/1986,12/31/1985,09/30/1985
TotalRevenue,"29,899,000,000","9,470,000,000","9,154,000,000","7,126,000,000","4,150,000,000","3,973,000,000","3,062,000,000","1,468,000,000","8,592,000,000","11,439,000,000","12,560,000,000","12,536,000,000","10,472,000,000","10,742,000,000","11,953,000,000","11,775,000,000","9,968,000,000","10,245,000,000","11,060,000,000","10,791,000,000","9,148,000,000","9,458,000,000","10,483,000,000","10,447,000,000","9,251,000,000","9,502,000,000","11,107,000,000","10,707,000,000","9,388,000,000","9,647,000,000","11,178,000,000","10,621,000,000","8,916,000,000","9,076,000,000","10,490,000,000","9,707,000,000","8,500,000,000","8,602,000,000","9,923,000,000","9,732,000,000","8,413,000,000","8,399,000,000","9,816,000,000","9,153,000,000","7,747,000,000","7,789,000,000","8,950,000,000","8,168,000,000","6,848,000,000","6,805,000,000","7,574,000,000","7,000,000,000","6,684,000,000","6,713,000,000","5,719,000,000","5,499,000,000","4,766,000,000","4,783,000,000","5,227,000,000","5,003,000,000","4,144,000,000","4,138,000,000","4,659,000,000","4,655,000,000","3,719,000,000","4,143,000,000","4,216,000,000","4,185,000,000","3,647,000,000","3,641,000,000","3,871,000,000","3,961,000,000","3,292,000,000","3,398,000,000","3,443,000,000","3,307,000,000","3,155,000,000","3,308,000,000","3,420,000,000","3,474,000,000","3,103,000,000","2,863,000,000","3,398,000,000","3,776,000,000","3,842,000,000","4,345,000,000","4,338,000,000","3,960,000,000","3,713,000,000","3,877,000,000","3,957,000,000","3,504,000,000","3,448,000,000","3,802,000,000","3,764,000,000","3,389,000,000","3,433,000,000","3,552,000,000","3,541,000,000","3,420,000,000","3,197,000,000","3,432,000,000","3,360,000,000","2,964,000,000","2,944,000,000","3,188,000,000","3,216,000,000","2,902,000,000","2,919,000,000","3,157,000,000","3,179,400,000","2,943,000,000","3,016,900,000","3,219,800,000","3,131,500,000","2,926,600,000","2,874,500,000","3,064,000,000","2,826,000,000","2,814,600,000","2,623,200,000","2,573,000,000","2,524,100,000","2,299,300,000","2,129,700,000","2,217,500,000","2,239,900,000","2,120,400,000","2,048,600,000","2,173,400,000","2,311,700,000","2,038,100,000","1,858,100,000","1,881,600,000","1,968,400,000","1,679,400,000","1,664,200,000","1,603,400,000","1,566,200,000","1,452,900,000","1,197,600,000","1,102,100,000","1,019,600,000","1,109,800,000","1,119,900,000","1,123,200,000"
	OperatingRevenue,"23,551,000,000","7,545,000,000","7,453,000,000","5,590,000,000","2,963,000,000","2,903,000,000","2,080,000,000","786,000,000","7,721,000,000","10,431,000,000","11,599,000,000","11,554,000,000","9,446,000,000","9,862,000,000","11,022,000,000","10,769,000,000","8,967,000,000","8,700,000,000","9,586,000,000","9,414,000,000","7,848,000,000","8,148,000,000","9,238,000,000","9,135,000,000","7,924,000,000","8,318,000,000","9,791,000,000","9,346,000,000","8,140,000,000","8,478,000,000","10,020,000,000","9,496,000,000","7,894,000,000","8,112,000,000","9,483,000,000","8,726,000,000","7,571,000,000","4,729,000,000","9,923,000,000","9,732,000,000","8,413,000,000","8,399,000,000","9,816,000,000","9,153,000,000","7,747,000,000","7,789,000,000","8,950,000,000","8,168,000,000","6,848,000,000","6,805,000,000","7,574,000,000","7,000,000,000","6,684,000,000","6,713,000,000","5,719,000,000","5,499,000,000","4,766,000,000","4,783,000,000","5,227,000,000","5,003,000,000","4,144,000,000","4,138,000,000","4,659,000,000","4,655,000,000","3,719,000,000","4,143,000,000","4,216,000,000","4,185,000,000","3,647,000,000","3,641,000,000","3,871,000,000","3,961,000,000","3,292,000,000","3,398,000,000","3,443,000,000","3,307,000,000","3,155,000,000","3,308,000,000","3,420,000,000","3,474,000,000","3,103,000,000","2,863,000,000","3,398,000,000","3,776,000,000","3,842,000,000","4,345,000,000","4,338,000,000","3,960,000,000","3,713,000,000","3,877,000,000","3,957,000,000","3,504,000,000","3,448,000,000","3,802,000,000","3,764,000,000","3,389,000,000","3,433,000,000","3,552,000,000","3,541,000,000","3,420,000,000","3,197,000,000","3,432,000,000","3,360,000,000","2,964,000,000","2,944,000,000","3,188,000,000","3,216,000,000","2,902,000,000","2,919,000,000","3,157,000,000","3,179,400,000","2,943,000,000","3,016,900,000","3,219,800,000","3,131,500,000","2,926,600,000","2,874,500,000","3,064,000,000","2,826,000,000","2,814,600,000","2,623,200,000","2,573,000,000","2,524,100,000","2,299,300,000","2,129,700,000","2,217,500,000","2,239,900,000","2,120,400,000","2,048,600,000","2,173,400,000","2,311,700,000","2,038,100,000","1,858,100,000","1,881,600,000","1,968,400,000","1,679,400,000","1,664,200,000","1,603,400,000","1,566,200,000","1,452,900,000","1,197,600,000","1,102,100,000","1,019,600,000","1,109,800,000","1,119,900,000","1,123,200,000"
CostOfRevenue,"30,078,000,000","8,403,000,000","8,073,000,000","7,254,000,000","6,346,000,000","5,458,000,000","5,086,000,000","4,868,000,000","8,133,000,000","8,711,000,000","8,957,000,000","8,939,000,000","8,376,000,000","8,430,000,000","8,926,000,000","8,747,000,000","8,108,000,000","7,690,000,000","7,832,000,000","7,434,000,000","7,073,000,000","7,345,000,000","7,195,000,000","6,778,000,000","6,558,000,000","6,610,000,000","7,303,000,000","6,828,000,000","6,966,000,000","9,240,000,000","8,398,000,000","7,824,000,000","7,396,000,000","7,345,000,000","7,686,000,000","7,868,000,000","7,443,000,000","13,934,000,000","5,189,000,000","6,268,000,000","5,098,000,000","4,647,000,000","5,781,000,000","5,548,000,000","4,931,000,000","2,922,000,000","4,675,000,000","3,917,000,000","3,079,000,000","3,003,000,000","3,449,000,000","3,272,000,000","3,381,000,000","3,619,000,000","3,264,000,000","3,014,000,000","1,447,000,000",,"3,279,000,000",,,,,,,,,,,,,,,,,,,,,,,,,,,,,,,"1,078,000,000",,"934,000,000","981,000,000","1,023,000,000",,"961,000,000","1,022,000,000","1,011,000,000",,"1,004,000,000","998,000,000","993,000,000","-2,402,000,000","897,000,000","879,000,000","874,000,000",,"824,000,000","882,000,000","896,000,000","-3,008,500,000","1,056,600,000","1,110,200,000","1,205,900,000","1,264,600,000","1,108,600,000","1,213,500,000","1,274,800,000","1,221,000,000","1,155,700,000","1,141,800,000","947,300,000","944,800,000","946,800,000","1,057,100,000","865,500,000","1,348,400,000","1,350,800,000","1,275,800,000","1,250,200,000",,,,,,,,,,,,,,,,
GrossProfit,"-179,000,000","1,067,000,000","1,081,000,000","-128,000,000","-2,196,000,000","-1,485,000,000","-2,024,000,000","-3,400,000,000","459,000,000","2,728,000,000","3,603,000,000","3,597,000,000","2,096,000,000","2,312,000,000","3,027,000,000","3,028,000,000","1,860,000,000","2,555,000,000","3,228,000,000","3,357,000,000","2,075,000,000","2,113,000,000","3,288,000,000","3,669,000,000","2,693,000,000","2,892,000,000","3,804,000,000","3,879,000,000","2,422,000,000","407,000,000","2,780,000,000","2,797,000,000","1,520,000,000","1,731,000,000","2,804,000,000","1,839,000,000","1,057,000,000","-5,332,000,000","4,734,000,000","3,464,000,000","3,315,000,000","3,752,000,000","4,035,000,000","3,605,000,000","2,816,000,000","4,867,000,000","4,275,000,000","4,251,000,000","3,769,000,000","3,802,000,000","4,125,000,000","3,728,000,000","3,303,000,000","3,094,000,000","2,455,000,000","2,485,000,000","3,319,000,000",,"1,948,000,000",,,,,,,,,,,,,,,,,,,,,,,,,,,,,,,"2,799,000,000",,"2,570,000,000","2,467,000,000","2,779,000,000",,"2,428,000,000","2,411,000,000","2,541,000,000",,"2,416,000,000","2,199,000,000","2,439,000,000","5,762,000,000","2,067,000,000","2,065,000,000","2,314,000,000",,"2,078,000,000","2,037,000,000","2,261,000,000","6,187,900,000","1,886,400,000","1,906,700,000","2,013,900,000","1,866,900,000","1,818,000,000","1,661,000,000","1,789,200,000","1,605,000,000","1,658,900,000","1,481,400,000","1,625,700,000","1,579,300,000","1,352,500,000","1,072,600,000","1,352,000,000","891,500,000","769,600,000","772,800,000","923,200,000",,,,,,,,,,,,,,,,
OperatingExpense,"-2,046,000,000","820,000,000","-1,157,000,000","-952,000,000","-754,000,000","-1,048,000,000","-983,000,000","-1,039,000,000","869,000,000","1,329,000,000","1,532,000,000","1,469,000,000","1,076,000,000","1,209,000,000","1,385,000,000","1,348,000,000","1,020,000,000","1,361,000,000","1,389,000,000","1,329,000,000","1,022,000,000","1,093,000,000","1,319,000,000","1,246,000,000","1,153,000,000","1,175,000,000","1,591,000,000","1,380,000,000","1,014,000,000","1,168,000,000","1,375,000,000","1,188,000,000","851,000,000","870,000,000","1,135,000,000","891,000,000","733,000,000","-5,805,000,000","3,277,000,000","3,137,000,000","2,945,000,000","2,938,000,000","3,172,000,000","2,980,000,000","2,901,000,000","2,819,000,000","3,066,000,000","3,317,000,000","2,797,000,000","2,857,000,000","2,866,000,000","2,801,000,000","2,813,000,000","2,422,000,000","1,780,000,000","1,768,000,000","2,978,000,000","4,685,000,000","5,012,000,000","4,513,000,000","3,989,000,000","4,132,000,000","4,491,000,000","4,286,000,000","4,204,000,000","4,818,000,000","4,456,000,000","4,314,000,000","4,604,000,000","4,022,000,000","4,294,000,000","4,202,000,000","3,680,000,000","3,764,000,000","3,524,000,000","3,111,000,000","3,690,000,000","3,670,000,000","3,805,000,000","3,601,000,000","3,538,000,000","3,985,000,000","3,649,000,000","3,890,000,000","3,957,000,000","3,835,000,000","3,762,000,000","3,605,000,000","3,705,000,000","54,000,000","13,121,000,000","-70,000,000","-73,000,000","-135,000,000","12,704,000,000","-78,000,000","-79,000,000","-103,000,000","12,378,000,000","-129,000,000","-107,000,000","-134,000,000","11,412,000,000","-148,000,000","-177,000,000","-172,000,000","12,149,000,000","-188,000,000","-210,000,000","-217,000,000","9,650,200,000","768,700,000","781,000,000","1,892,400,000","1,823,900,000","1,996,600,000","1,855,900,000","1,951,700,000","1,870,500,000","1,858,200,000","1,718,200,000","1,599,000,000","1,528,700,000","1,467,600,000","1,384,500,000","1,425,600,000","781,200,000","721,500,000","702,200,000","732,600,000",,,,,,,,,,,,,,,,
	SellingGeneralAndAdministration,"1,061,000,000","421,000,000","308,000,000","222,000,000","110,000,000","84,000,000","94,000,000","45,000,000","358,000,000","875,000,000","1,056,000,000","1,056,000,000","647,000,000","791,000,000","930,000,000","911,000,000","610,000,000","705,000,000","796,000,000","796,000,000","555,000,000","612,000,000","792,000,000","761,000,000","660,000,000","782,000,000","1,026,000,000","832,000,000","522,000,000","673,000,000","860,000,000","780,000,000","472,000,000","510,000,000","696,000,000","526,000,000","377,000,000","-4,998,000,000","2,464,000,000","2,353,000,000","2,143,000,000","2,193,000,000","2,364,000,000","2,187,000,000","2,096,000,000","3,659,000,000","2,258,000,000","2,535,000,000","2,036,000,000","1,522,000,000","2,278,000,000","2,220,000,000","2,223,000,000","1,831,000,000","1,345,000,000","1,340,000,000","1,316,000,000","1,491,000,000","1,789,000,000","425,000,000","474,000,000","477,000,000","470,000,000","448,000,000","553,000,000","484,000,000","491,000,000","1,795,000,000","1,898,000,000","-4,186,000,000","2,270,000,000","2,256,000,000","2,240,000,000","2,159,000,000","2,166,000,000","605,000,000","2,254,000,000","2,163,000,000","2,237,000,000","2,244,000,000","2,219,000,000","-4,050,000,000","2,282,000,000","2,325,000,000","781,000,000","2,306,000,000","2,194,000,000","2,211,000,000","2,098,000,000","-143,000,000","8,484,000,000","-130,000,000","-131,000,000","-128,000,000","8,234,000,000","-122,000,000","-118,000,000","-140,000,000","7,277,000,000","-126,000,000","-142,000,000","-121,000,000","6,997,000,000","-120,000,000","-154,000,000","-177,000,000","2,917,000,000","-174,000,000","-177,000,000","-197,000,000","2,519,200,000","1,111,600,000","1,118,400,000","1,741,600,000","1,731,500,000","1,764,100,000","1,680,800,000","1,776,400,000","1,706,000,000","1,709,300,000","1,580,500,000","1,473,500,000","1,404,700,000","1,351,700,000","1,271,800,000","1,312,300,000","661,800,000","607,000,000","588,700,000","620,800,000",,,,,,,,,,,,,,,,
		GeneralAndAdministrativeExpense,"108,000,000","108,000,000",,,,,,,,"387,000,000","517,000,000","518,000,000","220,000,000","323,000,000","395,000,000","400,000,000","183,000,000","262,000,000","314,000,000","338,000,000","151,000,000","193,000,000","326,000,000","324,000,000","272,000,000","380,000,000","563,000,000","411,000,000","136,000,000","262,000,000","384,000,000","340,000,000","99,000,000","119,000,000","249,000,000","118,000,000","20,000,000","-5,375,000,000","2,024,000,000","1,960,000,000","1,763,000,000","1,800,000,000","1,884,000,000","1,747,000,000","1,727,000,000","3,295,000,000","1,854,000,000","2,158,000,000","1,672,000,000","1,186,000,000","1,894,000,000","1,891,000,000","1,867,000,000","1,533,000,000","1,086,000,000","1,092,000,000","1,091,000,000",,"2,037,000,000",,,,,,,,,,,"-4,292,000,000","2,145,000,000","2,111,000,000","2,114,000,000","2,047,000,000","2,038,000,000","481,000,000","2,139,000,000","2,050,000,000","2,096,000,000","2,104,000,000","2,074,000,000","-4,169,000,000","2,129,000,000","2,161,000,000","601,000,000","2,116,000,000","2,124,000,000","2,013,000,000","1,917,000,000","-345,000,000","8,379,000,000","-321,000,000","-339,000,000","-380,000,000","8,282,000,000","-351,000,000","-353,000,000","-406,000,000","7,365,000,000","-376,000,000","-379,000,000","-399,000,000","7,168,000,000","-361,000,000","-400,000,000","-455,000,000","3,204,000,000","-459,000,000","-475,000,000","-519,000,000",,"800,900,000","803,500,000",,,,,,,,,,,,,,,,,,,,,,,,,,,,,,,,,
			SalariesAndWages,"108,000,000","108,000,000",,"0","0","0","0","0","0","387,000,000","517,000,000","518,000,000","220,000,000","323,000,000","395,000,000","400,000,000","183,000,000","262,000,000","314,000,000","338,000,000","151,000,000","193,000,000","326,000,000","324,000,000","272,000,000","380,000,000","563,000,000","411,000,000","136,000,000","262,000,000","384,000,000","340,000,000","99,000,000","119,000,000","249,000,000","118,000,000","20,000,000","-5,375,000,000","2,024,000,000","1,960,000,000","1,763,000,000","1,800,000,000","1,884,000,000","1,747,000,000","1,727,000,000","1,746,000,000","1,854,000,000","1,792,000,000","1,672,000,000","1,186,000,000","1,894,000,000","1,891,000,000","1,867,000,000","1,533,000,000","1,086,000,000","1,092,000,000","1,091,000,000",,"-1,109,000,000",,,,,,,,,,,,,,,,,,,,,,,,,,,,,,,,,,,,,,,,,,,,,,,,,,,,,,,,,,,,,,,,,,,,,,,,,,,,,,,,,,,,,,,
			RentAndLandingFees,,,,,,,,,,,,,,,,,,,,,,,,,,,,,,,,,,,,,,,"425,000,000","415,000,000","380,000,000","380,000,000","414,000,000","394,000,000","391,000,000",,"423,000,000","425,000,000","425,000,000","435,000,000","463,000,000","434,000,000","437,000,000","391,000,000","260,000,000","252,000,000","243,000,000",,"-238,000,000",,,,,,,,,,,,,,,,,,,,,,,,,,,,,,,"338,000,000",,"322,000,000","310,000,000","324,000,000",,"294,000,000","288,000,000","304,000,000",,"298,000,000","291,000,000","300,000,000",,"279,000,000","304,000,000","322,000,000",,"346,000,000","342,000,000","347,000,000",,"343,800,000","341,900,000",,,,,,,,,,,,,,,,,,,,,,,,,,,,,,,,,
			OtherGandA,,,,,,,,,,,,,,,,,,,,,,,,,,,,,,,,,,,,,,,"-425,000,000","-415,000,000","-380,000,000","-380,000,000","-414,000,000","-394,000,000","-391,000,000","2,822,000,000","-423,000,000","-59,000,000","-425,000,000","-435,000,000","-463,000,000","-434,000,000","-437,000,000","-391,000,000","-260,000,000","-252,000,000","-243,000,000",,"3,384,000,000",,,,,,,,,,,"-4,292,000,000","2,145,000,000","2,111,000,000","2,114,000,000","2,047,000,000","2,038,000,000","481,000,000","2,139,000,000","2,050,000,000","2,096,000,000","2,104,000,000","2,074,000,000","-4,169,000,000","2,129,000,000","2,161,000,000","601,000,000","2,116,000,000","2,124,000,000","2,013,000,000","1,917,000,000","-683,000,000","9,336,000,000","-643,000,000","-649,000,000","-704,000,000","9,168,000,000","-645,000,000","-641,000,000","-710,000,000","8,254,000,000","-674,000,000","-670,000,000","-699,000,000","8,073,000,000","-640,000,000","-704,000,000","-777,000,000","4,239,000,000","-805,000,000","-817,000,000","-866,000,000",,"457,100,000","461,600,000",,,,,,,,,,,,,,,,,,,,,,,,,,,,,,,,,
		SellingAndMarketingExpense,"953,000,000","313,000,000","308,000,000","222,000,000","110,000,000","84,000,000","94,000,000","45,000,000","358,000,000","488,000,000","539,000,000","538,000,000","427,000,000","468,000,000","535,000,000","511,000,000","427,000,000","443,000,000","482,000,000","458,000,000","404,000,000","419,000,000","466,000,000","437,000,000","388,000,000","402,000,000","463,000,000","421,000,000","386,000,000","411,000,000","476,000,000","440,000,000","373,000,000","391,000,000","447,000,000","408,000,000","357,000,000","377,000,000","440,000,000","393,000,000","380,000,000","393,000,000","480,000,000","440,000,000","369,000,000","364,000,000","404,000,000","377,000,000","364,000,000","336,000,000","384,000,000","329,000,000","356,000,000","298,000,000","259,000,000","248,000,000","225,000,000",,"-248,000,000",,,,,,,,,,,"106,000,000","125,000,000","145,000,000","126,000,000","112,000,000","128,000,000","124,000,000","115,000,000","113,000,000","141,000,000","140,000,000","145,000,000","119,000,000","153,000,000","164,000,000","180,000,000","190,000,000","70,000,000","198,000,000","181,000,000","202,000,000","105,000,000","191,000,000","208,000,000","252,000,000","-48,000,000","229,000,000","235,000,000","266,000,000","-88,000,000","250,000,000","237,000,000","278,000,000","-171,000,000","241,000,000","246,000,000","278,000,000","-287,000,000","285,000,000","298,000,000","322,000,000",,"310,700,000","314,900,000",,,,,,,,,,,,,,,,,,,,,,,,,,,,,,,,,
	DepreciationAmortizationDepletionIncomeStatement,,,,,,,,,,,,,,,,,,,,,,,,,,,,,,,,,,,,,,,"392,000,000","388,000,000","386,000,000","382,000,000","384,000,000","381,000,000","376,000,000","372,000,000","375,000,000","379,000,000","385,000,000","384,000,000","385,000,000","383,000,000","384,000,000","374,000,000","293,000,000","302,000,000","297,000,000","288,000,000","297,000,000","288,000,000","291,000,000","364,000,000","293,000,000","318,000,000","301,000,000","317,000,000","317,000,000","326,000,000","313,000,000","315,000,000","311,000,000","311,000,000","307,000,000","307,000,000","298,000,000","299,000,000","298,000,000","287,000,000","289,000,000","291,000,000","281,000,000","310,000,000","318,000,000","331,000,000","324,000,000","281,000,000","301,000,000","297,000,000","285,000,000","396,000,000","269,000,000","241,000,000","233,000,000","218,000,000","234,000,000","218,000,000","211,000,000","198,000,000","190,000,000","180,000,000","188,000,000","152,000,000","201,000,000","142,000,000","145,000,000","146,000,000","199,000,000","133,000,000","140,000,000","150,000,000","215,900,000","154,300,000","172,000,000","150,800,000","92,400,000","232,500,000","175,100,000","175,300,000","164,500,000","148,900,000","137,700,000","125,500,000","124,000,000","115,900,000","112,700,000","113,300,000","119,400,000","114,500,000","113,500,000","111,800,000",,,,,,,,,,,,,,,,
		DepreciationAndAmortizationInIncomeStatement,,,,,,,,,,,,,,,,,,,,,,,,,,,,,,,,,,,,,,,"392,000,000","388,000,000","386,000,000","382,000,000","384,000,000","381,000,000","376,000,000","372,000,000","375,000,000","379,000,000","385,000,000","384,000,000","385,000,000","383,000,000","384,000,000","374,000,000","293,000,000","302,000,000","297,000,000","288,000,000","297,000,000","288,000,000","291,000,000","364,000,000","293,000,000","318,000,000","301,000,000","317,000,000","317,000,000","326,000,000","313,000,000","315,000,000","311,000,000","311,000,000","307,000,000","307,000,000","298,000,000","299,000,000","298,000,000","287,000,000","289,000,000","291,000,000","281,000,000","310,000,000","318,000,000","331,000,000","324,000,000","281,000,000","301,000,000","297,000,000","285,000,000","396,000,000","269,000,000","241,000,000","233,000,000","218,000,000","234,000,000","218,000,000","211,000,000","198,000,000","190,000,000","180,000,000","188,000,000","152,000,000","201,000,000","142,000,000","145,000,000","146,000,000","199,000,000","133,000,000","140,000,000","150,000,000","215,900,000","154,300,000","172,000,000","150,800,000","92,400,000","232,500,000","175,100,000","175,300,000","164,500,000","148,900,000","137,700,000","125,500,000","124,000,000","115,900,000","112,700,000","113,300,000","119,400,000","114,500,000","113,500,000","111,800,000",,,,,,,,,,,,,,,,
			DepreciationIncomeStatement,,,,,,,,,,,,,,,,,,,,,,,,,,,,,,,,,,,,,,,,,,,,,,,,,,,,,,,,,,"288,000,000","297,000,000","288,000,000",,,,,,,,,,,,,,,,,,,,,,,,,,,,,,"396,000,000",,"241,000,000","233,000,000","218,000,000",,"218,000,000","211,000,000","198,000,000",,"180,000,000","188,000,000","152,000,000",,"142,000,000","145,000,000","146,000,000",,"133,000,000","140,000,000","150,000,000",,"154,300,000","172,000,000","150,800,000","92,400,000","232,500,000","175,100,000","175,300,000","164,500,000","148,900,000","137,700,000","125,500,000","124,000,000","115,900,000","112,700,000","113,300,000","119,400,000","114,500,000","113,500,000","111,800,000",,,,,,,,,,,,,,,,
	OtherOperatingExpenses,"-3,107,000,000","399,000,000","-1,465,000,000","-1,174,000,000","-864,000,000","-1,132,000,000","-1,077,000,000","-1,084,000,000","511,000,000","454,000,000","476,000,000","413,000,000","429,000,000","418,000,000","455,000,000","437,000,000","410,000,000","656,000,000","593,000,000","533,000,000","467,000,000","481,000,000","527,000,000","485,000,000","493,000,000","393,000,000","565,000,000","548,000,000","492,000,000","495,000,000","515,000,000","408,000,000","379,000,000","360,000,000","439,000,000","365,000,000","356,000,000","359,000,000","421,000,000","396,000,000","416,000,000","363,000,000","424,000,000","412,000,000","429,000,000",,"433,000,000","403,000,000","376,000,000","951,000,000","203,000,000","198,000,000","206,000,000","217,000,000","142,000,000","126,000,000","1,365,000,000","2,906,000,000","2,926,000,000","3,800,000,000","3,224,000,000","3,291,000,000","3,728,000,000","3,520,000,000","3,350,000,000","4,017,000,000","3,648,000,000","2,193,000,000","2,393,000,000","7,893,000,000","1,713,000,000","1,635,000,000","1,133,000,000","1,298,000,000","1,060,000,000","2,207,000,000","1,138,000,000","1,220,000,000","1,279,000,000","1,066,000,000","1,038,000,000","7,725,000,000","1,049,000,000","1,234,000,000","2,852,000,000","1,248,000,000","1,267,000,000","1,097,000,000","1,322,000,000","-199,000,000","4,368,000,000","-181,000,000","-175,000,000","-225,000,000","4,236,000,000","-174,000,000","-172,000,000","-161,000,000","4,911,000,000","-183,000,000","-153,000,000","-165,000,000","4,214,000,000","-170,000,000","-168,000,000","-141,000,000","9,033,000,000","-147,000,000","-173,000,000","-170,000,000","6,915,100,000","-497,200,000","-509,400,000",,,,,,,,,,,,,,,,,,,,,,,,,,,,,,,,,
OperatingIncome,"1,867,000,000","247,000,000","2,238,000,000","824,000,000","-1,442,000,000","-437,000,000","-1,041,000,000","-2,361,000,000","-410,000,000","1,399,000,000","2,071,000,000","2,128,000,000","1,020,000,000","1,103,000,000","1,642,000,000","1,680,000,000","840,000,000","1,194,000,000","1,839,000,000","2,028,000,000","1,053,000,000","1,020,000,000","1,969,000,000","2,423,000,000","1,540,000,000","1,717,000,000","2,213,000,000","2,499,000,000","1,408,000,000","-761,000,000","1,405,000,000","1,609,000,000","669,000,000","861,000,000","1,669,000,000","948,000,000","324,000,000","473,000,000","1,457,000,000","327,000,000","370,000,000","814,000,000","863,000,000","625,000,000","-85,000,000","2,048,000,000","1,209,000,000","934,000,000","972,000,000","945,000,000","1,259,000,000","927,000,000","490,000,000","672,000,000","675,000,000","717,000,000","341,000,000","98,000,000","-3,064,000,000","490,000,000","155,000,000","6,000,000","168,000,000","369,000,000","-485,000,000","-675,000,000","-240,000,000","-129,000,000","-957,000,000","-381,000,000","-423,000,000","-241,000,000","-388,000,000","-366,000,000","-81,000,000","196,000,000","-535,000,000","-362,000,000","-385,000,000","-127,000,000","-435,000,000","-1,122,000,000","-251,000,000","-114,000,000","-115,000,000","510,000,000","576,000,000","355,000,000","8,000,000","2,745,000,000","-6,225,000,000","2,640,000,000","2,540,000,000","2,914,000,000","-5,945,000,000","2,506,000,000","2,490,000,000","2,644,000,000","-5,842,000,000","2,545,000,000","2,306,000,000","2,573,000,000","-5,650,000,000","2,215,000,000","2,242,000,000","2,486,000,000","-6,331,000,000","2,266,000,000","2,247,000,000","2,478,000,000","-3,462,300,000","1,117,700,000","1,125,700,000","121,500,000","43,000,000","-178,600,000","-194,900,000","-162,500,000","-265,500,000","-199,300,000","-236,800,000","26,700,000","50,600,000","-115,100,000","-311,900,000","-73,600,000","110,300,000","48,100,000","70,600,000","190,600,000","-5,099,500,000","2,038,100,000","1,858,100,000","1,881,600,000","-4,449,900,000","1,679,400,000","1,664,200,000","1,603,400,000","-3,347,400,000","1,452,900,000","1,197,600,000","1,102,100,000","-3,405,900,000","1,109,800,000","1,119,900,000","1,123,200,000"
NetNonOperatingInterestIncomeExpense,"-1,279,000,000","-265,000,000","-314,000,000","-338,000,000","-361,000,000","-365,000,000","-291,000,000","-194,000,000","-79,000,000","-73,000,000","-70,000,000","-75,000,000","-83,000,000","-37,000,000","-84,000,000","-89,000,000","-102,000,000","-99,000,000","-100,000,000","-103,000,000","-94,000,000","-93,000,000","-95,000,000","-93,000,000","-107,000,000","-102,000,000","-121,000,000","-127,000,000","-131,000,000","-137,000,000","-154,000,000","-173,000,000","-186,000,000","-206,000,000","-213,000,000","-213,000,000","-220,000,000","-382,000,000","-195,000,000","-207,000,000","-221,000,000","-218,000,000","-229,000,000","-233,000,000","-221,000,000","-219,000,000","-249,000,000","-312,000,000","-306,000,000","-323,000,000","-315,000,000","-315,000,000","-298,000,000","-258,000,000","-119,000,000","-116,000,000","-120,000,000",,,,,,,,,,,,,,,,,,,,,,,,,,,,,,,,,,,,,,,,,,,,,,,,,,,,,,,,,,,,,,,,,,,,,,,,,,,,,,,,,,,,,,,,,
	InterestIncomeNonOperating,,,,,,,,,,,,,,,,,,,,,,,,,,,,,,,,,,,,,,,,,,,,,,"5,000,000","7,000,000","3,000,000","20,000,000","4,000,000","4,000,000","9,000,000","10,000,000","19,000,000","21,000,000","25,000,000","27,000,000",,,,,,,,,,,,,,,,,,,,,,,,,,,,,,,,,,,,,,,,,,,,,,,,,,,,,,,,,,,,,,,,,,,,,,,,,,,,,,,,,,,,,,,,,
	InterestExpenseNonOperating,"1,279,000,000","265,000,000","314,000,000","338,000,000","361,000,000","365,000,000","291,000,000","194,000,000","79,000,000","73,000,000","70,000,000","75,000,000","83,000,000","37,000,000","84,000,000","89,000,000","102,000,000","99,000,000","100,000,000","103,000,000","94,000,000","93,000,000","95,000,000","93,000,000","107,000,000","102,000,000","121,000,000","127,000,000","131,000,000","137,000,000","154,000,000","173,000,000","186,000,000","206,000,000","213,000,000","213,000,000","220,000,000","382,000,000","195,000,000","207,000,000","221,000,000","218,000,000","229,000,000","233,000,000","221,000,000","224,000,000","256,000,000","315,000,000","326,000,000","327,000,000","319,000,000","324,000,000","308,000,000","277,000,000","140,000,000","141,000,000","147,000,000",,,,,,,,,,,,,,,,,,,,,,,,,,,,,,,,,,,,,,,,,,,,,,,,,,,,,,,,,,,,,,,,,,,,,,,,,,,,,,,,,,,,,,,,,
	TotalOtherFinanceCost,,,,,,,,,,,,,,,,,,,,,,,,,,,,,,,,,,,,,,,"195,000,000",,,,,,,,,,,,,,,,,,,,,,,,,,,,,,,,,,,,,,,,,,,,,,,,,,,,,,,,,,,,,,,,,,,,,,,,,,,,,,,,,,,,,,,,,,,,,,,,,,,,,,,,,,,
OtherIncomeExpense,"-190,000,000","-377,000,000","-392,000,000","290,000,000","288,000,000","-306,000,000","-5,527,000,000","-4,459,000,000","-118,000,000","72,000,000","-54,000,000","-146,000,000","9,000,000","321,000,000","116,000,000","-219,000,000","-20,000,000","-5,000,000","66,000,000","-34,000,000","-44,000,000","25,000,000","26,000,000","20,000,000","1,000,000","-82,000,000","-20,000,000","-6,000,000","-91,000,000","-242,000,000","-672,000,000","-138,000,000","-148,000,000","-180,000,000","-93,000,000","-49,000,000","-101,000,000","-80,000,000","-210,000,000","-284,000,000","-22,000,000","-179,000,000","-87,000,000","-197,000,000","-83,000,000","-1,809,000,000","-594,000,000","-154,000,000","-62,000,000","-107,000,000","-197,000,000","3,000,000","-112,000,000","-1,070,000,000","-86,000,000","-1,260,000,000","-6,125,000,000","-4,000,000",,"7,000,000","29,000,000","-7,000,000","-31,000,000","19,000,000",,"0",,"3,000,000","-4,000,000","-1,719,000,000","-25,000,000","1,000,000","-29,000,000","35,000,000","4,000,000","282,000,000","-28,000,000","-66,000,000","14,000,000","-5,000,000","-26,000,000","115,000,000","-52,000,000","106,000,000","-21,000,000","-54,000,000","199,000,000","102,000,000","612,000,000","266,000,000","51,000,000","29,000,000","19,000,000","3,000,000","50,000,000","3,000,000","-3,000,000","11,000,000","36,000,000","-50,000,000","6,000,000","-13,000,000","-242,000,000","-583,000,000","-4,000,000","-4,000,000","28,000,000","-10,000,000","-1,000,000","14,000,000","-400,800,000","-400,000","-90,300,000","25,400,000","-77,900,000","21,200,000","38,700,000","36,600,000","33,700,000","8,400,000","-27,000,000","24,900,000","13,500,000","14,800,000","4,800,000","14,200,000","17,200,000","8,000,000","29,300,000","20,700,000",,,,,,,,,,,,,,,,
	GainOnSaleOfSecurity,"56,000,000","-195,000,000","-223,000,000","211,000,000","262,000,000","94,000,000","-95,000,000","8,000,000","-112,000,000","136,000,000","-35,000,000","-82,000,000","100,000,000","185,000,000","50,000,000","-238,000,000","18,000,000",,,,,,,,,,,,,,,,,,,,,,,,,,,,,,"-360,000,000",,,"0","-83,000,000",,,,,,,,,,,,,,,,,,,,,,,,,,,,,,,,,,,,,,,,,,,,,,,,,,,,,,,,,,,,,,,,,,,,,,,,,,,,,,,,,,,,,,,,,,,,,,,
	SpecialIncomeCharges,"-637,000,000","-272,000,000","-265,000,000","-8,000,000","-10,000,000","-421,000,000","-5,459,000,000","-4,512,000,000",,,,,,,,,,,,,,,,,,"0","0","-25,000,000","-10,000,000","-72,000,000","-704,000,000","-141,000,000","-67,000,000","-160,000,000","-106,000,000","-34,000,000","-102,000,000","-53,000,000","-210,000,000","-284,000,000","-22,000,000","-179,000,000","-87,000,000","-197,000,000","-83,000,000","-1,809,000,000","-594,000,000","-154,000,000","-62,000,000","-107,000,000","-114,000,000","3,000,000","-112,000,000","-1,070,000,000","-86,000,000","-1,260,000,000","-6,125,000,000","-4,000,000","0","7,000,000","29,000,000","-7,000,000","-31,000,000","19,000,000","0","0","0","3,000,000","-4,000,000","-1,719,000,000","-25,000,000","1,000,000","-29,000,000","35,000,000","4,000,000","282,000,000","-28,000,000","-66,000,000","14,000,000","-5,000,000","-26,000,000","115,000,000","-52,000,000","106,000,000","-21,000,000","-54,000,000","199,000,000","102,000,000","612,000,000","266,000,000","51,000,000","29,000,000","19,000,000","3,000,000","50,000,000","3,000,000","-3,000,000","11,000,000","36,000,000","-50,000,000","6,000,000","-13,000,000","-242,000,000","-583,000,000","-4,000,000","-4,000,000","28,000,000","-10,000,000","-1,000,000","14,000,000","-400,800,000","-400,000","-90,300,000","25,400,000","-77,900,000","21,200,000","38,700,000","36,600,000","33,700,000","8,400,000","-27,000,000","24,900,000","13,500,000","14,800,000","4,800,000","14,200,000","17,200,000","8,000,000","29,300,000","20,700,000",,,,,,,,,,,,,,,,
		RestructuringAndMergernAcquisition,"-19,000,000","-16,000,000","33,000,000","8,000,000","-44,000,000","421,000,000","5,345,000,000","2,454,000,000",,,,,,,,,,,,,,,,,,"0","0","25,000,000","10,000,000","180,000,000","570,000,000","30,000,000","49,000,000","160,000,000","106,000,000","34,000,000","102,000,000","200,000,000","149,000,000","193,000,000","-12,000,000","88,000,000","3,000,000","144,000,000","7,000,000","108,000,000","206,000,000","82,000,000","54,000,000","121,000,000","129,000,000","58,000,000","99,000,000","987,000,000","24,000,000","104,000,000","16,000,000",,,,,,,,,,,,,,,,,,,,,,,,,,,,,,,,,,,,,,,,,,,,,,,,,,,,,,,,,,,,,,,,,,,,,,,,,,,,,,,,,,,,,,,,,
		ImpairmentOfCapitalAssets,,,,,,,,,,,,,,,,,,,,,,,,,,,,,,,,,,,,,,,,,,,,,,,,,,"0","0","0","0","0","0","1,196,000,000","6,100,000,000",,,,,,,,,,,,,,,,,,,,,,,,,,,,,,,,,,,,,,,,,,,,,,,,,,,,,,,,,,,,,,,,,,,,,,,,,,,,,,,,,,,,,,,,,
		WriteOff,"337,000,000","235,000,000","49,000,000","0","54,000,000","0","114,000,000","2,058,000,000",,,,,,,,,,,,,,,,,,,,,,,,,,,,,,,,,,,,,,,,,,,,,,,,,,,,,,,,,,,,,,,,,,,,,,,,,,,,,,,,,,,,,,,,,,,,,,,,,,,,,,,,,,,,,,,,,,,,,,,,,,,,,,,,,,,,,,,,,,
		OtherSpecialCharges,"319,000,000","53,000,000","183,000,000",,,,,,,,,,,,,,,,,,,,,,,,,,,"-108,000,000","134,000,000","111,000,000","18,000,000",,,,,"-69,000,000","61,000,000","91,000,000","34,000,000","91,000,000","84,000,000","53,000,000","76,000,000","1,701,000,000","388,000,000","72,000,000","8,000,000","-14,000,000","-15,000,000","-61,000,000","13,000,000","83,000,000","62,000,000","-40,000,000","9,000,000",,,,,,,,,,,,,,,,,,,,,,,,,,,,,,,,,,,,,,,,,,,,,,,,,,,,,,,,,,,,,,,,,,,,,,,,,,,,,,,,,,,,,,,,,
	OtherNonOperatingIncomeExpenses,"391,000,000","90,000,000","96,000,000","87,000,000","36,000,000","21,000,000","27,000,000","45,000,000","-6,000,000","-64,000,000","-19,000,000","-64,000,000","-91,000,000","136,000,000","66,000,000","19,000,000","-38,000,000","-5,000,000","66,000,000","-34,000,000","-44,000,000","25,000,000","26,000,000","20,000,000","1,000,000","-82,000,000","-20,000,000","19,000,000","-81,000,000","-170,000,000","32,000,000","3,000,000","-81,000,000","-20,000,000","13,000,000","-15,000,000","1,000,000","-2,000,000",,,,,,,,,,,,,,,,,,,,,,,,,,,,,,,,,,,,,,,,,,,,,,,,,,,,,,,,,,,,,,,,,,,,,,,,,,,,,,,,,,,,,,,,,,,,,,,,,,,,,,,,,,,,
PretaxIncome,"398,000,000","-395,000,000","1,532,000,000","776,000,000","-1,515,000,000","-1,108,000,000","-6,859,000,000","-7,014,000,000","-607,000,000","1,398,000,000","1,947,000,000","1,907,000,000","946,000,000","1,387,000,000","1,674,000,000","1,372,000,000","718,000,000","1,090,000,000","1,805,000,000","1,891,000,000","915,000,000","952,000,000","1,900,000,000","2,350,000,000","1,434,000,000","1,533,000,000","2,072,000,000","2,366,000,000","1,186,000,000","-1,140,000,000","579,000,000","1,298,000,000","335,000,000","475,000,000","1,363,000,000","686,000,000","3,000,000","11,000,000","1,052,000,000","-164,000,000","127,000,000","417,000,000","547,000,000","195,000,000","-389,000,000","20,000,000","366,000,000","468,000,000","-246,000,000","-355,000,000","-179,000,000","-253,000,000","-794,000,000","-1,438,000,000","-50,000,000","-1,163,000,000","-6,390,000,000","-105,000,000","363,000,000","1,691,000,000","-130,000,000","-2,706,000,000","29,000,000","-2,201,000,000","-2,090,000,000","-1,137,000,000","-1,107,000,000","-400,000,000","-1,215,000,000","-2,313,000,000","-652,000,000","-429,000,000","-598,000,000","-512,000,000","-254,000,000","301,000,000","-724,000,000","-586,000,000","-527,000,000","-287,000,000","-602,000,000","-1,135,000,000","-408,000,000","-99,000,000","-222,000,000","392,000,000","744,000,000","376,000,000","580,000,000","583,000,000","610,000,000","358,000,000","320,000,000","538,000,000","595,000,000","322,000,000","313,000,000","418,000,000","495,000,000","317,000,000","205,000,000","398,000,000","263,000,000","-446,000,000","123,000,000","337,000,000","406,000,000",,"-22,000,000","121,000,000","-390,300,000","-123,500,000","-224,600,000","78,900,000","-86,500,000","-206,300,000","-194,100,000","-164,300,000","-280,000,000","-235,200,000","-293,400,000","22,400,000","36,700,000","-131,500,000","-327,500,000","-77,800,000","116,200,000","47,600,000","98,100,000","205,900,000",,,,,,,,,,,,,,,,
TaxProvision,"118,000,000","13,000,000","320,000,000","124,000,000","-338,000,000","-353,000,000","-1,480,000,000","-1,297,000,000","-73,000,000","300,000,000","452,000,000","464,000,000","216,000,000","336,000,000","362,000,000","347,000,000","171,000,000","518,000,000","627,000,000","667,000,000","312,000,000","330,000,000","641,000,000","804,000,000","488,000,000","553,000,000","757,000,000","881,000,000","440,000,000","-428,000,000","222,000,000","497,000,000","122,000,000","-8,004,000,000","-6,000,000","1,000,000","-4,000,000","5,000,000","5,000,000","4,000,000","3,000,000","-8,000,000","-2,000,000","-3,000,000","-71,000,000","1,000,000","3,000,000","1,000,000","10,000,000","-330,000,000","-18,000,000","4,000,000","0","0","0","-119,000,000","0","-35,000,000","143,000,000","99,000,000","0","-725,000,000","-23,000,000","4,000,000","-21,000,000","98,000,000","23,000,000","-18,000,000","-144,000,000","-107,000,000","-6,000,000","1,534,000,000","-215,000,000","-185,000,000","-90,000,000","117,000,000","-258,000,000","-223,000,000","-201,000,000","-101,000,000","-205,000,000","-401,000,000","-149,000,000","-9,000,000","-89,000,000","159,000,000","302,000,000","153,000,000","228,000,000","231,000,000","246,000,000","142,000,000","126,000,000","211,000,000","233,000,000","127,000,000","123,000,000","164,000,000","193,000,000","128,000,000","80,000,000","160,000,000","101,000,000","-170,000,000","53,000,000","136,000,000","155,000,000",,"-4,000,000","49,000,000","-139,900,000","-45,600,000","-83,600,000","18,500,000","-38,800,000","-72,400,000","-67,800,000","-57,600,000","-99,900,000","-83,600,000","-105,800,000","9,300,000","17,500,000","-47,400,000","-119,700,000","-26,200,000","42,100,000","16,300,000","33,900,000","72,800,000",,,,,,,,,,,,,,,,
NetIncomeCommonStockholders,"280,000,000","-408,000,000","1,212,000,000","652,000,000","-1,177,000,000","-755,000,000","-5,379,000,000","-5,717,000,000","-534,000,000","1,098,000,000","1,495,000,000","1,443,000,000","730,000,000","1,051,000,000","1,312,000,000","1,025,000,000","547,000,000","572,000,000","1,178,000,000","1,224,000,000","603,000,000","622,000,000","1,259,000,000","1,546,000,000","946,000,000","980,000,000","1,315,000,000","1,485,000,000","746,000,000","-712,000,000","357,000,000","801,000,000","213,000,000","8,479,000,000","1,369,000,000","685,000,000","7,000,000","6,000,000","1,047,000,000","-168,000,000","124,000,000","425,000,000","549,000,000","198,000,000","-318,000,000","19,000,000","363,000,000","467,000,000","-256,000,000","-25,000,000","-161,000,000","-257,000,000","-794,000,000","-1,438,000,000","-50,000,000","-1,044,000,000","-6,390,000,000","-170,000,000","220,000,000","1,592,000,000","-130,000,000","-1,981,000,000","52,000,000","-2,205,000,000","-2,071,000,000","-1,238,000,000","-1,134,000,000","-388,000,000","-1,076,000,000","-2,211,000,000","-651,000,000","-1,968,000,000","-387,000,000","-332,000,000","-168,000,000","180,000,000","-470,000,000","-367,000,000","-330,000,000","-189,000,000","-401,000,000","-738,000,000","-262,000,000","-94,000,000","-136,000,000","129,000,000","373,000,000","220,000,000","349,000,000","349,000,000","361,000,000","214,000,000","191,000,000","324,000,000","359,000,000","193,000,000","187,000,000","252,000,000","299,000,000","187,000,000","123,000,000","236,000,000","146,000,000","-298,000,000","48,000,000","179,000,000","229,000,000","-33,000,000","-40,000,000","164,000,000","-277,700,000","-105,400,000","-168,600,000","32,800,000","-670,900,000","-158,700,000","-151,100,000","-131,500,000","-184,800,000","-156,200,000","-192,200,000","8,500,000","14,500,000","-88,700,000","-212,500,000","-56,300,000","72,300,000","23,800,000","59,600,000","126,300,000","190,800,000","85,000,000","85,200,000","100,000,000","103,300,000","56,100,000","88,300,000","59,100,000","58,800,000","26,400,000","125,500,000","53,000,000","22,200,000","-6,400,000","1,900,000","29,500,000"
	NetIncome,"280,000,000","-408,000,000","1,212,000,000","652,000,000","-1,177,000,000","-755,000,000","-5,379,000,000","-5,717,000,000","-534,000,000","1,098,000,000","1,495,000,000","1,443,000,000","730,000,000","1,051,000,000","1,312,000,000","1,025,000,000","547,000,000","572,000,000","1,178,000,000","1,224,000,000","603,000,000","622,000,000","1,259,000,000","1,546,000,000","946,000,000","980,000,000","1,315,000,000","1,485,000,000","746,000,000","-712,000,000","357,000,000","801,000,000","213,000,000","8,479,000,000","1,369,000,000","685,000,000","7,000,000","6,000,000","1,047,000,000","-168,000,000","124,000,000","425,000,000","549,000,000","198,000,000","-318,000,000","19,000,000","363,000,000","467,000,000","-256,000,000","-25,000,000","-161,000,000","-257,000,000","-794,000,000","-1,438,000,000","-50,000,000","-1,044,000,000","-6,390,000,000","-70,000,000","220,000,000","1,592,000,000","-130,000,000","-1,981,000,000","52,000,000","-2,205,000,000","-2,069,000,000","-1,235,000,000","-1,130,000,000","-382,000,000","-1,071,000,000","-2,206,000,000","-646,000,000","-1,963,000,000","-383,000,000","-327,000,000","-164,000,000","184,000,000","-466,000,000","-363,000,000","-326,000,000","-186,000,000","-397,000,000","-734,000,000","-259,000,000","-90,000,000","-133,000,000","133,000,000","376,000,000","223,000,000","352,000,000","352,000,000","364,000,000","216,000,000","194,000,000","327,000,000","362,000,000","195,000,000","190,000,000","254,000,000","302,000,000","189,000,000","125,000,000","238,000,000","162,000,000","-276,000,000","70,000,000","201,000,000","251,000,000","-11,000,000","-18,000,000","186,000,000","-250,400,000","-77,900,000","-141,000,000","60,400,000","-634,800,000","-133,900,000","-126,300,000","-106,700,000","-180,100,000","-151,600,000","-187,600,000","13,100,000","19,200,000","-84,100,000","-207,800,000","-51,600,000","74,100,000","31,300,000","64,200,000","133,100,000","190,800,000","85,000,000","85,200,000","100,000,000","103,300,000","56,100,000","88,300,000","59,100,000","58,800,000","26,400,000","125,500,000","53,000,000","22,200,000","-6,400,000","1,900,000","29,500,000"
		NetIncomeIncludingNoncontrollingInterests,"280,000,000","-408,000,000","1,212,000,000","652,000,000","-1,177,000,000","-755,000,000","-5,379,000,000","-5,717,000,000","-534,000,000","1,098,000,000","1,495,000,000","1,443,000,000","730,000,000","1,051,000,000","1,312,000,000","1,025,000,000","547,000,000","572,000,000","1,178,000,000","1,224,000,000","603,000,000","622,000,000","1,259,000,000","1,546,000,000","946,000,000","980,000,000","1,315,000,000","1,485,000,000","746,000,000","-712,000,000","357,000,000","801,000,000","213,000,000","8,479,000,000","1,369,000,000","685,000,000","7,000,000","6,000,000","1,047,000,000","-168,000,000","124,000,000","425,000,000","549,000,000","198,000,000","-318,000,000","19,000,000","363,000,000","467,000,000","-256,000,000","-25,000,000","-161,000,000","-257,000,000","-794,000,000","-1,438,000,000","-50,000,000","-1,044,000,000","-6,390,000,000","-70,000,000","220,000,000","1,592,000,000","-130,000,000","-1,981,000,000","52,000,000","-2,205,000,000","-2,069,000,000","-1,235,000,000","-1,130,000,000","-382,000,000","-1,071,000,000","-2,206,000,000","-646,000,000","-1,963,000,000","-383,000,000","-327,000,000","-164,000,000","184,000,000","-466,000,000","-363,000,000","-326,000,000","-186,000,000","-397,000,000","-734,000,000","-259,000,000","-90,000,000","-133,000,000","133,000,000","376,000,000","223,000,000","352,000,000","352,000,000","364,000,000","216,000,000","194,000,000","327,000,000","362,000,000","195,000,000","190,000,000","254,000,000","302,000,000","189,000,000","125,000,000","238,000,000","162,000,000","-276,000,000","70,000,000","201,000,000","251,000,000","-11,000,000","-18,000,000","186,000,000","-250,400,000","-77,900,000","-141,000,000","60,400,000","-634,800,000","-133,900,000","-126,300,000","-106,700,000","-180,100,000","-151,600,000","-187,600,000","13,100,000","19,200,000","-84,100,000","-207,800,000","-51,600,000","74,100,000","31,300,000","64,200,000","133,100,000","190,800,000","85,000,000","85,200,000","100,000,000","103,300,000","56,100,000","88,300,000","59,100,000","58,800,000","26,400,000","125,500,000","53,000,000","22,200,000","-6,400,000","1,900,000","29,500,000"
			NetIncomeContinuousOperations,"280,000,000","-408,000,000","1,212,000,000","652,000,000","-1,177,000,000","-755,000,000","-5,379,000,000","-5,717,000,000","-534,000,000","1,098,000,000","1,495,000,000","1,443,000,000","730,000,000","1,051,000,000","1,312,000,000","1,025,000,000","547,000,000","572,000,000","1,178,000,000","1,224,000,000","603,000,000","622,000,000","1,259,000,000","1,546,000,000","946,000,000","980,000,000","1,315,000,000","1,485,000,000","746,000,000","-712,000,000","357,000,000","801,000,000","213,000,000","8,479,000,000","1,369,000,000","685,000,000","7,000,000","6,000,000","1,047,000,000","-168,000,000","124,000,000","425,000,000","549,000,000","198,000,000","-318,000,000","19,000,000","363,000,000","467,000,000","-256,000,000","-25,000,000","-161,000,000","-257,000,000","-794,000,000","-1,438,000,000","-50,000,000","-1,044,000,000","-6,390,000,000","-70,000,000","220,000,000","1,592,000,000","-130,000,000","-1,981,000,000","52,000,000","-2,205,000,000","-2,069,000,000","-1,235,000,000","-1,130,000,000","-382,000,000","-1,071,000,000","-2,206,000,000","-646,000,000","-1,963,000,000","-383,000,000","-327,000,000","-164,000,000","184,000,000","-466,000,000","-363,000,000","-326,000,000","-186,000,000","-397,000,000","-734,000,000","-259,000,000","-90,000,000","-133,000,000","233,000,000","442,000,000","223,000,000","352,000,000","352,000,000","364,000,000","216,000,000","194,000,000","327,000,000","362,000,000","195,000,000","190,000,000","254,000,000","302,000,000","189,000,000","125,000,000","238,000,000","162,000,000","-276,000,000","70,000,000","201,000,000","251,000,000","-11,000,000","-18,000,000","72,000,000","-250,400,000","-77,900,000","-141,000,000","60,400,000","-47,700,000","-133,900,000","-126,300,000","-106,700,000","-180,100,000","-151,600,000","-187,600,000","13,100,000","19,200,000","-84,100,000","-207,800,000","-51,600,000","74,100,000","31,300,000","64,200,000","133,100,000","190,800,000","85,000,000","85,200,000","100,000,000","103,300,000","56,100,000","88,300,000","59,100,000","58,800,000","26,400,000","125,500,000","53,000,000","22,200,000","-6,400,000","1,900,000","29,500,000"
			NetIncomeExtraordinary,,,,,,,,,,,,,,,,,,,,,,,,,,,,,,,,,,,,,,,,,,,,,,,,,,,,,,,,,,,,,,,,,,,,,,,,,,,,,,,,,,"0","0",,,"-100,000,000",,,,,,,,,,,,,,,,,,,,,"0",,,"114,000,000",,,,,,,,,,,,,,,,,,,,,,,,,,,,,,,,,,,,
	PreferredStockDividends,,,,,,,,,,,,,,,,,,,,,,,,,,,,,,,,,,,,,,,,,,,,,,,,,,,,,,,,,,,,,,"0",,,"2,000,000","3,000,000","4,000,000","6,000,000","5,000,000","5,000,000","5,000,000","5,000,000","4,000,000","5,000,000","4,000,000","4,000,000","4,000,000","4,000,000","4,000,000","3,000,000","4,000,000","4,000,000","3,000,000","4,000,000","3,000,000","4,000,000","3,000,000","3,000,000","3,000,000","3,000,000","3,000,000","2,000,000","3,000,000","3,000,000","3,000,000","2,000,000","3,000,000","2,000,000","3,000,000","2,000,000","2,000,000","2,000,000","16,000,000","22,000,000","22,000,000","22,000,000","22,000,000","22,000,000","22,000,000","22,000,000","27,300,000","27,500,000","27,600,000","27,600,000","36,100,000","24,800,000","24,800,000","24,800,000","4,700,000","4,600,000","4,600,000","4,600,000","4,700,000","4,600,000","4,700,000","4,700,000","1,800,000","7,500,000","4,600,000","6,800,000",,,,,,,,,,,,,,,,
DilutedNIAvailtoComStockholders,"280,000,000","-408,000,000","1,212,000,000","652,000,000","-1,177,000,000","-755,000,000","-5,379,000,000","-5,717,000,000","-534,000,000","1,098,000,000","1,495,000,000","1,443,000,000","730,000,000","1,051,000,000","1,312,000,000","1,025,000,000","547,000,000","572,000,000","1,178,000,000","1,224,000,000","603,000,000","622,000,000","1,259,000,000","1,546,000,000","946,000,000","980,000,000","1,315,000,000","1,485,000,000","746,000,000","-712,000,000","357,000,000","801,000,000","213,000,000","8,479,000,000","1,369,000,000","685,000,000","7,000,000","6,000,000","1,047,000,000","-168,000,000","124,000,000","425,000,000","549,000,000","198,000,000","-318,000,000","19,000,000","363,000,000","467,000,000","-256,000,000","-25,000,000","-161,000,000","-257,000,000","-794,000,000","-1,438,000,000","-50,000,000","-1,044,000,000","-6,390,000,000","-170,000,000","220,000,000","1,592,000,000","-130,000,000","-1,981,000,000","52,000,000","-2,205,000,000","-2,071,000,000","-1,238,000,000","-1,134,000,000","-388,000,000","-1,076,000,000","-2,211,000,000","-651,000,000","-1,968,000,000","-387,000,000","-332,000,000","-168,000,000","180,000,000","-470,000,000","-367,000,000","-330,000,000","-189,000,000","-401,000,000","-738,000,000","-262,000,000","-94,000,000","-136,000,000","129,000,000","373,000,000","220,000,000","349,000,000","349,000,000","361,000,000","214,000,000","191,000,000","324,000,000","359,000,000","193,000,000","187,000,000","252,000,000","299,000,000","187,000,000","123,000,000","236,000,000","146,000,000","-298,000,000","48,000,000","179,000,000","229,000,000","-33,000,000","-40,000,000","164,000,000","-277,700,000","-105,400,000","-168,600,000","32,800,000","-670,900,000","-158,700,000","-151,100,000","-131,500,000","-184,800,000","-156,200,000","-192,200,000","8,500,000","14,500,000","-88,700,000","-212,500,000","-56,300,000","72,300,000","23,800,000","59,600,000","126,300,000","190,800,000","85,000,000","85,200,000","100,000,000","103,300,000","56,100,000","88,300,000","59,100,000","58,800,000","26,400,000","125,500,000","53,000,000","22,200,000","-6,400,000","1,900,000","29,500,000"
BasicEPS,,"-0.64","1.9","1.02","-1.85","-1.19","-8.47","-9.01","-0.84","1.71","2.32","2.22","1.1","1.5","1.91","1.47","0.78","0.423","1.64","1.68","0.83","0.85","1.7","2.04","1.22","1.26","1.67","1.85","0.91","-0.86","0.43","0.95","0.25","10.02","1.61","0.81","0.01","0.01","1.24","-0.2","0.15","0.51","0.66","0.24","-0.38",,"0.43","0.56","-0.31",,"-0.19","-0.31","-0.96",,"-0.13","-2.64","-16.15",,"0.56","5.11","-0.66",,"0.26","-11.18","-10.68",,"-6.73","-2.64","-7.64",,"-5.16","-15.79","-3.12",,"-1.36","1.46","-3.81",,"-2.67","-1.54","-3.25",,"-2.13","-0.76","-1.11","1.05",,"1.74","2.62","2.53",,"1.51","1.34","2.09",,"1.29","1.26","1.71",,"1.28","0.83","1.55",,"-2.89","0.47","1.74",,"-0.33","-0.4","1.63",,"-1.05","-1.68","0.33",,"-1.59","-1.52","-1.32",,"-1.58","-1.95","0.09",,"-1.05","-2.51","-0.64",,"0.24","0.57","1.27",,"0.87","0.87","1.02",,"0.58","0.91","0.61",,"0.27","1.51","0.66",,"-0.08","0.03","0.37"
DilutedEPS,,"-0.64","1.89","1.02","-1.85","-1.19","-8.47","-9.01","-0.84","1.71","2.31","2.21","1.09","1.49","1.91","1.47","0.77","0.42","1.64","1.68","0.82","0.84","1.69","2.03","1.21","1.25","1.65","1.83","0.9","-0.86","0.42","0.94","0.25","9.89","1.59","0.8","0.01","0.01","1.23","-0.2","0.15","0.5","0.65","0.23","-0.38",,"0.43","0.55","-0.31",,"-0.19","-0.31","-0.96",,"-0.13","-2.64","-16.15",,"0.56","3.74","-0.66",,"0.22","-11.18","-10.68",,"-6.73","-2.64","-7.64",,"-5.16","-15.79","-3.12",,"-1.36","1.4","-3.81",,"-2.67","-1.54","-3.25",,"-2.13","-0.76","-1.11","1.01",,"1.67","2.5","2.38",,"1.42","1.29","2.08",,"1.23","1.2","1.63",,"1.24","0.82","1.49",,"-2.89","0.47","1.29",,"-0.33","-0.4","1.22",,"-1.05","-1.68","0.33",,"-1.59","-1.52","-1.32",,"-1.58","-1.95","0.09",,"-1.05","-2.51","-0.64",,"0.24","0.54","1.19",,"0.87","0.87","1.02",,"0.58","0.91","0.61",,"0.27","1.51","0.66",,"-0.08","0.03","0.37"
BasicAverageShares,,"637,000,000","637,000,000","637,000,000","636,000,000","635,000,000","635,000,000","635,000,000","637,000,000","642,000,000","646,000,000","650,000,000","665,000,000","680,000,000","686,000,000","695,000,000","704,000,000","707,197,979","716,000,000","728,000,000","728,000,000","732,000,000","740,000,000","758,000,000","774,000,000","778,000,000","788,000,000","803,000,000","818,000,000","825,000,000","834,000,000","841,000,000","844,000,000","846,000,000","851,000,000","850,000,000","848,000,000","846,000,000","846,000,000","845,000,000","843,000,000","840,000,000","838,000,000","838,000,000","837,000,000",,"835,000,000","834,000,000","832,000,000",,"828,000,000","827,000,000","827,080,000",,"395,700,000","395,700,000","395,600,000",,"196,969,697","311,545,988","196,969,697",,"200,000,000","197,227,191","193,913,858",,"168,433,862","146,820,375","140,924,006",,"126,150,521","124,690,747","123,879,082",,"123,389,862","123,362,811","123,360,418",,"123,285,610","123,243,476","123,244,160",,"123,144,899","123,052,899","123,030,903","122,925,632",,"126,883,323","132,870,954","137,944,664",,"141,721,854","142,537,313","73,482,933",,"149,612,403","148,412,698","73,722,230",,"146,093,750","148,192,771","77,045,178",,"103,114,187","102,127,660","51,144,098",,"100,000,000","100,000,000","50,603,888",,"100,380,952","100,357,143","99,393,939",,"99,811,321","99,407,895","99,621,212",,"98,860,759","98,564,103","94,444,444",,"84,476,190","84,661,355","87,968,750",,"99,166,667","104,561,404","99,448,819",,"97,701,149","97,931,034","98,039,216",,"96,724,138","97,032,967","96,885,246",,"97,777,778","83,112,583","80,303,030",,"80,000,000","63,333,333","79,729,730"
DilutedAverageShares,,"637,000,000","641,000,000","642,000,000","636,000,000","635,000,000","635,000,000","635,000,000","637,000,000","644,000,000","648,000,000","652,000,000","667,000,000","683,000,000","688,000,000","697,000,000","706,000,000","711,904,762","719,000,000","731,000,000","731,000,000","737,000,000","744,000,000","763,000,000","780,000,000","785,000,000","795,000,000","811,000,000","826,000,000","825,000,000","843,000,000","850,000,000","853,000,000","858,000,000","861,000,000","859,000,000","855,000,000","852,000,000","850,000,000","845,000,000","847,000,000","845,000,000","844,000,000","844,000,000","837,000,000",,"842,000,000","842,000,000","832,000,000",,"828,000,000","827,000,000","827,080,000",,"395,700,000","395,700,000","395,600,000",,"196,969,697","311,545,988","196,969,697",,"236,363,636","197,227,191","193,913,858",,"168,433,862","146,820,375","140,924,006",,"126,150,521","124,690,747","123,879,082",,"123,389,862","130,518,617","123,360,418",,"123,285,610","123,243,476","123,244,160",,"123,144,899","123,052,899","123,030,903","130,531,655",,"133,587,179","140,022,881","146,638,655",,"150,704,225","148,062,016","73,482,933",,"156,910,569","155,833,333","73,722,230",,"150,806,452","150,000,000","77,045,178",,"103,114,187","102,127,660","51,144,098",,"100,000,000","100,000,000","50,603,888",,"100,380,952","100,357,143","99,393,939",,"99,811,321","99,407,895","99,621,212",,"98,860,759","98,564,103","94,444,444",,"84,476,190","84,661,355","87,968,750",,"99,166,667","110,370,370","106,134,454",,"97,701,149","97,931,034","98,039,216",,"96,724,138","97,032,967","96,885,246",,"97,777,778","83,112,583","80,303,030",,"80,000,000","63,333,333","79,729,730"
TotalOperatingIncomeAsReported,"1,886,000,000","263,000,000","2,205,000,000","816,000,000","-1,398,000,000","-858,000,000","-6,386,000,000","-4,815,000,000","-410,000,000","1,399,000,000","2,071,000,000","2,128,000,000","1,020,000,000","1,103,000,000","1,642,000,000","1,680,000,000","840,000,000","1,194,000,000","1,839,000,000","2,028,000,000","1,053,000,000","1,020,000,000","1,969,000,000","2,423,000,000","1,540,000,000","1,717,000,000","2,213,000,000","2,474,000,000","1,398,000,000","-828,000,000","835,000,000","1,579,000,000","620,000,000","701,000,000","1,563,000,000","914,000,000","222,000,000","352,000,000",,,,,,,,,,,,,,,,,,,,,,,,,,,,,,,,,,,,,,,,,,,,,,,,,,,,,,,,,,,,,,,,,,,,,,,,,,,,,,,,,,,,,,,,,,,,,,,,,,,,,,,,,,,,
RentExpenseSupplemental,"2,449,000,000","659,000,000","629,000,000","564,000,000","597,000,000","427,000,000","477,000,000","446,000,000","567,000,000","546,000,000","570,000,000","549,000,000","521,000,000","564,000,000","520,000,000","504,000,000","467,000,000","476,000,000","489,000,000","465,000,000","449,000,000","448,000,000","471,000,000","442,000,000","414,000,000","396,000,000","466,000,000","448,000,000","433,000,000","414,000,000","458,000,000","411,000,000","392,000,000","397,000,000","425,000,000","414,000,000","383,000,000","388,000,000","425,000,000","415,000,000","380,000,000","380,000,000","414,000,000","394,000,000","391,000,000","395,000,000","423,000,000","425,000,000","425,000,000","435,000,000","463,000,000","434,000,000","437,000,000","391,000,000","260,000,000","252,000,000","243,000,000",,"-238,000,000",,,,,,,,,,,,,,,,,,,,,,,,,,,,,,,"338,000,000",,"322,000,000","310,000,000","324,000,000",,"294,000,000","288,000,000","304,000,000",,"298,000,000","291,000,000","300,000,000",,"279,000,000","304,000,000","322,000,000",,"346,000,000","342,000,000","347,000,000",,"343,800,000","341,900,000",,,,,,,,,,,,,,,,,,,,,,,,,,,,,,,,,
TotalExpenses,"28,032,000,000","9,223,000,000","6,916,000,000","6,302,000,000","5,592,000,000","4,410,000,000","4,103,000,000","3,829,000,000","9,002,000,000","10,040,000,000","10,489,000,000","10,408,000,000","9,452,000,000","9,639,000,000","10,311,000,000","10,095,000,000","9,128,000,000","9,051,000,000","9,221,000,000","8,763,000,000","8,095,000,000","8,438,000,000","8,514,000,000","8,024,000,000","7,711,000,000","7,785,000,000","8,894,000,000","8,208,000,000","7,980,000,000","10,408,000,000","9,773,000,000","9,012,000,000","8,247,000,000","8,215,000,000","8,821,000,000","8,759,000,000","8,176,000,000","8,129,000,000","8,466,000,000","9,405,000,000","8,043,000,000","7,585,000,000","8,953,000,000","8,528,000,000","7,832,000,000","5,741,000,000","7,741,000,000","7,234,000,000","5,876,000,000","5,860,000,000","6,315,000,000","6,073,000,000","6,194,000,000","6,041,000,000","5,044,000,000","4,782,000,000","4,425,000,000","4,685,000,000","8,291,000,000","4,513,000,000","3,989,000,000","4,132,000,000","4,491,000,000","4,286,000,000","4,204,000,000","4,818,000,000","4,456,000,000","4,314,000,000","4,604,000,000","4,022,000,000","4,294,000,000","4,202,000,000","3,680,000,000","3,764,000,000","3,524,000,000","3,111,000,000","3,690,000,000","3,670,000,000","3,805,000,000","3,601,000,000","3,538,000,000","3,985,000,000","3,649,000,000","3,890,000,000","3,957,000,000","3,835,000,000","3,762,000,000","3,605,000,000","3,705,000,000","1,132,000,000","10,182,000,000","864,000,000","908,000,000","888,000,000","9,709,000,000","883,000,000","943,000,000","908,000,000","9,383,000,000","875,000,000","891,000,000","859,000,000","9,010,000,000","749,000,000","702,000,000","702,000,000","9,547,000,000","636,000,000","672,000,000","679,000,000","6,641,700,000","1,825,300,000","1,891,200,000","3,098,300,000","3,088,500,000","3,105,200,000","3,069,400,000","3,226,500,000","3,091,500,000","3,013,900,000","2,860,000,000","2,546,300,000","2,473,500,000","2,414,400,000","2,441,600,000","2,291,100,000","2,129,600,000","2,072,300,000","1,978,000,000","1,982,800,000",,,,,,,,,,,,,,,,
NetIncomeFromContinuingAndDiscontinuedOperation,"280,000,000","-408,000,000","1,212,000,000","652,000,000","-1,177,000,000","-755,000,000","-5,379,000,000","-5,717,000,000","-534,000,000","1,098,000,000","1,495,000,000","1,443,000,000","730,000,000","1,051,000,000","1,312,000,000","1,025,000,000","547,000,000","572,000,000","1,178,000,000","1,224,000,000","603,000,000","622,000,000","1,259,000,000","1,546,000,000","946,000,000","980,000,000","1,315,000,000","1,485,000,000","746,000,000","-712,000,000","357,000,000","801,000,000","213,000,000","8,479,000,000","1,369,000,000","685,000,000","7,000,000","6,000,000","1,047,000,000","-168,000,000","124,000,000","425,000,000","549,000,000","198,000,000","-318,000,000","19,000,000","363,000,000","467,000,000","-256,000,000","-25,000,000","-161,000,000","-257,000,000","-794,000,000","-1,438,000,000","-50,000,000","-1,044,000,000","-6,390,000,000","-70,000,000","220,000,000","1,592,000,000","-130,000,000","-1,981,000,000","52,000,000","-2,205,000,000","-2,069,000,000","-1,235,000,000","-1,130,000,000","-382,000,000","-1,071,000,000","-2,206,000,000","-646,000,000","-1,963,000,000","-383,000,000","-327,000,000","-164,000,000","184,000,000","-466,000,000","-363,000,000","-326,000,000","-186,000,000","-397,000,000","-734,000,000","-259,000,000","-90,000,000","-133,000,000","233,000,000","442,000,000","223,000,000","352,000,000","352,000,000","364,000,000","216,000,000","194,000,000","327,000,000","362,000,000","195,000,000","190,000,000","254,000,000","302,000,000","189,000,000","125,000,000","238,000,000","162,000,000","-276,000,000","70,000,000","201,000,000","251,000,000","-11,000,000","-18,000,000","72,000,000","-250,400,000","-77,900,000","-141,000,000","60,400,000","-47,700,000","-133,900,000","-126,300,000","-106,700,000","-180,100,000","-151,600,000","-187,600,000","13,100,000","19,200,000","-84,100,000","-207,800,000","-51,600,000","74,100,000","31,300,000","64,200,000","133,100,000","190,800,000","85,000,000","85,200,000","100,000,000","103,300,000","56,100,000","88,300,000","59,100,000","58,800,000","26,400,000","125,500,000","53,000,000","22,200,000","-6,400,000","1,900,000","29,500,000"
NormalizedIncome,"687,862,000","-67,090,000","1,597,520,000","481,480,000","-1,372,778,217.822","-532,179,602.888","-1,023,413,762.939","-2,045,861,134.873","-435,469,522.241","991,184,549.356","1,521,874,678.993","1,505,048,243.314","652,832,980.973","910,816,149.964","1,272,812,425.329","1,202,806,122.449","533,286,908.078","572,000,000","1,178,000,000","1,224,000,000","603,000,000","622,000,000","1,259,000,000","1,546,000,000","946,000,000","980,000,000","1,315,000,000","1,500,691,039.73","752,290,050.59","-667,031,578.947","791,072,538.86","888,011,556.24","255,880,000","8,583,000,000","1,437,900,000","718,950,437.318","73,300,000","40,450,000","1,256,001,901.141","16,600,000","145,480,314.961","541,350,000","605,550,000","326,050,000","-250,149,100.257","1,737,550,000","952,131,147.541","620,670,940.171","-215,700,000","44,550,000","16,189,944.134","-258,950,000","-682,000,000","-368,000,000","36,000,000","87,074,806.535","-265,000,000","-67,333,333.333","220,000,000","1,585,409,816.677","-159,000,000","-1,975,875,461.936","70,600,000","-2,216,400,000","-2,069,000,000","-1,235,000,000","-1,130,000,000","-384,865,000","-1,067,474,074.074","-566,521,400.778","-621,230,061.35","-1,963,600,000","-364,426,421.405","-349,353,515.625","-166,582,677.165","11,614,617.94","-447,977,900.552","-322,116,040.956","-334,660,341.556","-182,759,581.882","-379,853,820.598","-808,370,044.053","-225,990,196.078","-186,363,636.364","-120,400,000","265,400,000","322,600,000","161,800,000","-19,420,689.655","191,396,226.415","333,400,000","198,502,793.296","182,481,250","325,176,579.926","331,579,831.933","193,183,229.814","191,821,086.262","247,315,789.474","280,036,363.636","219,000,000","121,341,463.415","245,800,000","311,064,638.783","84,780,269.058","72,400,000","203,400,000","233,689,655.172","-5,000,000","-17,181,818.182","63,600,000","6,736,356.649","-77,647,692.308","-84,311,219.947","40,955,640.051","-960,000","-147,659,961.222","-151,481,916.538","-130,468,837.492","-201,776,321.429","-157,014,285.714","-170,336,196.319","-1,840,000","11,100,000","-93,565,247.148","-210,845,618.321","-61,017,994.859","63,131,669.535","26,039,495.798","45,025,076.453","119,718,892.666","190,800,000","85,000,000","85,200,000","100,000,000","103,300,000","56,100,000","88,300,000","59,100,000","58,800,000","26,400,000","125,500,000","53,000,000","22,200,000","-6,400,000","1,900,000","29,500,000"
InterestIncome,,,,,,,,,,,,,,,,,,,,,,,,,,,,,,,,,,,,,,,,,,,,,,"5,000,000","7,000,000","3,000,000","20,000,000","4,000,000","4,000,000","9,000,000","10,000,000","19,000,000","21,000,000","25,000,000","27,000,000",,,,,,,,,,,,,,,,,,,,,,,,,,,,,,,,,,,,,,,,,,,,,,,,,,,,,,,,,,,,,,,,,,,,,,,,,,,,,,,,,,,,,,,,,
InterestExpense,"1,279,000,000","265,000,000","314,000,000","338,000,000","361,000,000","365,000,000","291,000,000","194,000,000","79,000,000","73,000,000","70,000,000","75,000,000","83,000,000","37,000,000","84,000,000","89,000,000","102,000,000","99,000,000","100,000,000","103,000,000","94,000,000","93,000,000","95,000,000","93,000,000","107,000,000","102,000,000","121,000,000","127,000,000","131,000,000","137,000,000","154,000,000","173,000,000","186,000,000","206,000,000","213,000,000","213,000,000","220,000,000","382,000,000","195,000,000","207,000,000","221,000,000","218,000,000","229,000,000","233,000,000","221,000,000","224,000,000","256,000,000","315,000,000","326,000,000","327,000,000","319,000,000","324,000,000","308,000,000","277,000,000","140,000,000","141,000,000","147,000,000",,,,,,,,,,,,,,,,,,,,,,,,,,,,,,,,,,,,,,,,,,,,,,,,,,,,,,,,,,,,,,,,,,,,,,,,,,,,,,,,,,,,,,,,,
NetInterestIncome,"-1,279,000,000","-265,000,000","-314,000,000","-338,000,000","-361,000,000","-365,000,000","-291,000,000","-194,000,000","-79,000,000","-73,000,000","-70,000,000","-75,000,000","-83,000,000","-37,000,000","-84,000,000","-89,000,000","-102,000,000","-99,000,000","-100,000,000","-103,000,000","-94,000,000","-93,000,000","-95,000,000","-93,000,000","-107,000,000","-102,000,000","-121,000,000","-127,000,000","-131,000,000","-137,000,000","-154,000,000","-173,000,000","-186,000,000","-206,000,000","-213,000,000","-213,000,000","-220,000,000","-382,000,000","-195,000,000","-207,000,000","-221,000,000","-218,000,000","-229,000,000","-233,000,000","-221,000,000","-219,000,000","-249,000,000","-312,000,000","-306,000,000","-323,000,000","-315,000,000","-315,000,000","-298,000,000","-258,000,000","-119,000,000","-116,000,000","-120,000,000",,,,,,,,,,,,,,,,,,,,,,,,,,,,,,,,,,,,,,,,,,,,,,,,,,,,,,,,,,,,,,,,,,,,,,,,,,,,,,,,,,,,,,,,,
EBIT,"1,677,000,000","-130,000,000","1,846,000,000","1,114,000,000","-1,154,000,000","-743,000,000","-6,568,000,000","-6,820,000,000","-528,000,000","1,471,000,000","2,017,000,000","1,982,000,000","1,029,000,000","1,424,000,000","1,758,000,000","1,461,000,000","820,000,000","1,189,000,000","1,905,000,000","1,994,000,000","1,009,000,000","1,045,000,000","1,995,000,000","2,443,000,000","1,541,000,000","1,635,000,000","2,193,000,000","2,493,000,000","1,317,000,000","-1,003,000,000","733,000,000","1,471,000,000","521,000,000","681,000,000","1,576,000,000","899,000,000","223,000,000","393,000,000","1,247,000,000","43,000,000","348,000,000","635,000,000","776,000,000","428,000,000","-168,000,000","244,000,000","622,000,000","783,000,000","80,000,000","-28,000,000","140,000,000","71,000,000","-486,000,000","-1,161,000,000","90,000,000","-1,022,000,000","-6,243,000,000","98,000,000","-3,064,000,000","490,000,000","155,000,000","6,000,000","168,000,000","369,000,000","-485,000,000","-675,000,000","-240,000,000","-129,000,000","-957,000,000","-381,000,000","-423,000,000","-241,000,000","-388,000,000","-366,000,000","-81,000,000","196,000,000","-535,000,000","-362,000,000","-385,000,000","-127,000,000","-435,000,000","-1,122,000,000","-251,000,000","-114,000,000","-115,000,000","510,000,000","576,000,000","355,000,000","8,000,000","2,745,000,000","-6,225,000,000","2,640,000,000","2,540,000,000","2,914,000,000","-5,945,000,000","2,506,000,000","2,490,000,000","2,644,000,000","-5,842,000,000","2,545,000,000","2,306,000,000","2,573,000,000","-5,650,000,000","2,215,000,000","2,242,000,000","2,486,000,000","-6,331,000,000","2,266,000,000","2,247,000,000","2,478,000,000","-3,462,300,000","1,117,700,000","1,125,700,000","121,500,000","43,000,000","-178,600,000","-194,900,000","-162,500,000","-265,500,000","-199,300,000","-236,800,000","26,700,000","50,600,000","-115,100,000","-311,900,000","-73,600,000","110,300,000","48,100,000","70,600,000","190,600,000","-5,099,500,000","2,038,100,000","1,858,100,000","1,881,600,000","-4,449,900,000","1,679,400,000","1,664,200,000","1,603,400,000","-3,347,400,000","1,452,900,000","1,197,600,000","1,102,100,000","-3,405,900,000","1,109,800,000","1,119,900,000","1,123,200,000"
EBITDA,"3,675,000,000"
ReconciledCostOfRevenue,"30,078,000,000","8,403,000,000","8,073,000,000","7,254,000,000","6,346,000,000","5,458,000,000","5,086,000,000","4,868,000,000","8,133,000,000","8,711,000,000","8,957,000,000","8,939,000,000","8,376,000,000","8,430,000,000","8,926,000,000","8,747,000,000","8,108,000,000","7,690,000,000","7,832,000,000","7,434,000,000","7,073,000,000","7,345,000,000","7,195,000,000","6,778,000,000","6,558,000,000","6,610,000,000","7,303,000,000","6,828,000,000","6,966,000,000","9,240,000,000","8,398,000,000","7,824,000,000","7,396,000,000","7,345,000,000","7,686,000,000","7,868,000,000","7,443,000,000","13,934,000,000","5,189,000,000","6,268,000,000","5,098,000,000","4,647,000,000","5,781,000,000","5,548,000,000","4,931,000,000","2,922,000,000","4,675,000,000","3,917,000,000","3,079,000,000","3,003,000,000","3,449,000,000","3,272,000,000","3,381,000,000","3,619,000,000","3,264,000,000","3,014,000,000","1,447,000,000",,"3,279,000,000",,,,,,,,,,,,,,,,,,,,,,,,,,,,,,,"1,870,000,000",,"1,416,000,000","1,447,000,000","1,459,000,000",,"1,397,000,000","1,444,000,000","1,407,000,000",,"1,364,000,000","1,374,000,000","1,297,000,000","-2,402,000,000","1,181,000,000","1,169,000,000","1,166,000,000",,"1,090,000,000","1,162,000,000","1,196,000,000","-3,008,500,000","1,365,200,000","1,439,200,000","1,507,500,000","1,449,400,000","1,573,600,000","1,563,700,000","1,625,400,000","1,550,000,000","1,453,500,000","1,417,200,000","1,198,300,000","1,192,800,000","1,178,600,000","1,282,500,000","1,092,100,000","1,587,200,000","1,579,800,000","1,502,800,000","1,473,800,000",,,,,,,,,,,,,,,,
ReconciledDepreciation,"1,998,000,000","504,000,000",,"501,000,000","492,000,000","499,000,000","544,000,000","589,000,000",,"622,000,000",,,,"570,000,000",,,"610,000,000",,,,"540,000,000","472,000,000","474,000,000","470,000,000",,"451,000,000",,,,,,,,,,,,,"392,000,000","388,000,000","386,000,000","382,000,000","384,000,000","381,000,000","376,000,000","372,000,000","375,000,000","379,000,000","385,000,000","384,000,000","385,000,000","383,000,000","384,000,000","374,000,000","293,000,000","302,000,000","297,000,000","288,000,000","297,000,000","288,000,000","291,000,000","364,000,000","293,000,000","318,000,000","301,000,000","317,000,000","317,000,000","326,000,000","313,000,000","315,000,000","311,000,000","311,000,000","307,000,000","307,000,000","298,000,000","299,000,000","298,000,000","287,000,000","289,000,000","291,000,000","281,000,000","310,000,000","318,000,000","331,000,000","324,000,000","281,000,000","301,000,000","297,000,000","285,000,000","-396,000,000","1,653,000,000","-241,000,000","-233,000,000","-218,000,000","1,488,000,000","-218,000,000","-211,000,000","-198,000,000","1,230,000,000","-180,000,000","-188,000,000","-152,000,000","1,067,000,000","-142,000,000","-145,000,000","-146,000,000","1,045,000,000","-133,000,000","-140,000,000","-150,000,000","1,140,100,000","-154,300,000","-157,000,000","-150,800,000","-92,400,000","-232,500,000","-175,100,000","-175,300,000","-164,500,000","-148,900,000","-137,700,000","-125,500,000","-124,000,000","-115,900,000","-112,700,000","-113,300,000","-119,400,000","-114,500,000","-113,500,000","-111,800,000",,,,,,,,,,,,,,,,
NetIncomeFromContinuingOperationNetMinorityInterest,"280,000,000","-408,000,000","1,212,000,000","652,000,000","-1,177,000,000","-755,000,000","-5,379,000,000","-5,717,000,000","-534,000,000","1,098,000,000","1,495,000,000","1,443,000,000","730,000,000","1,051,000,000","1,312,000,000","1,025,000,000","547,000,000","572,000,000","1,178,000,000","1,224,000,000","603,000,000","622,000,000","1,259,000,000","1,546,000,000","946,000,000","980,000,000","1,315,000,000","1,485,000,000","746,000,000","-712,000,000","357,000,000","801,000,000","213,000,000","8,479,000,000","1,369,000,000","685,000,000","7,000,000","6,000,000","1,047,000,000","-168,000,000","124,000,000","425,000,000","549,000,000","198,000,000","-318,000,000","19,000,000","363,000,000","467,000,000","-256,000,000","-25,000,000","-161,000,000","-257,000,000","-794,000,000","-1,438,000,000","-50,000,000","-1,044,000,000","-6,390,000,000","-70,000,000","220,000,000","1,592,000,000","-130,000,000","-1,981,000,000","52,000,000","-2,205,000,000","-2,069,000,000","-1,235,000,000","-1,130,000,000","-382,000,000","-1,071,000,000","-2,206,000,000","-646,000,000","-1,963,000,000","-383,000,000","-327,000,000","-164,000,000","184,000,000","-466,000,000","-363,000,000","-326,000,000","-186,000,000","-397,000,000","-734,000,000","-259,000,000","-90,000,000","-133,000,000","233,000,000","442,000,000","223,000,000","352,000,000","352,000,000","364,000,000","216,000,000","194,000,000","327,000,000","362,000,000","195,000,000","190,000,000","254,000,000","302,000,000","189,000,000","125,000,000","238,000,000","162,000,000","-276,000,000","70,000,000","201,000,000","251,000,000","-11,000,000","-18,000,000","72,000,000","-250,400,000","-77,900,000","-141,000,000","60,400,000","-47,700,000","-133,900,000","-126,300,000","-106,700,000","-180,100,000","-151,600,000","-187,600,000","13,100,000","19,200,000","-84,100,000","-207,800,000","-51,600,000","74,100,000","31,300,000","64,200,000","133,100,000","190,800,000","85,000,000","85,200,000","100,000,000","103,300,000","56,100,000","88,300,000","59,100,000","58,800,000","26,400,000","125,500,000","53,000,000","22,200,000","-6,400,000","1,900,000","29,500,000"
TotalUnusualItemsExcludingGoodwill,"-581,000,000","-467,000,000","-488,000,000","203,000,000","252,000,000","-327,000,000","-5,554,000,000","-4,504,000,000","-112,000,000","136,000,000","-35,000,000","-82,000,000","100,000,000","185,000,000","50,000,000","-238,000,000","18,000,000",,,,,,,,,"0","0","-25,000,000","-10,000,000","-72,000,000","-704,000,000","-141,000,000","-67,000,000","-160,000,000","-106,000,000","-34,000,000","-102,000,000","-53,000,000","-210,000,000","-284,000,000","-22,000,000","-179,000,000","-87,000,000","-197,000,000","-83,000,000","-1,809,000,000","-594,000,000","-154,000,000","-62,000,000","-107,000,000","-197,000,000","3,000,000","-112,000,000","-1,070,000,000","-86,000,000","-1,260,000,000","-6,125,000,000","-4,000,000","0","7,000,000","29,000,000","-7,000,000","-31,000,000","19,000,000","0","0","0","3,000,000","-4,000,000","-1,719,000,000","-25,000,000","1,000,000","-29,000,000","35,000,000","4,000,000","282,000,000","-28,000,000","-66,000,000","14,000,000","-5,000,000","-26,000,000","115,000,000","-52,000,000","106,000,000","-21,000,000","-54,000,000","199,000,000","102,000,000","612,000,000","266,000,000","51,000,000","29,000,000","19,000,000","3,000,000","50,000,000","3,000,000","-3,000,000","11,000,000","36,000,000","-50,000,000","6,000,000","-13,000,000","-242,000,000","-583,000,000","-4,000,000","-4,000,000","28,000,000","-10,000,000","-1,000,000","14,000,000","-400,800,000","-400,000","-90,300,000","25,400,000","-77,900,000","21,200,000","38,700,000","36,600,000","33,700,000","8,400,000","-27,000,000","24,900,000","13,500,000","14,800,000","4,800,000","14,200,000","17,200,000","8,000,000","29,300,000","20,700,000",,,,,,,,,,,,,,,,
TotalUnusualItems,"-581,000,000","-467,000,000","-488,000,000","203,000,000","252,000,000","-327,000,000","-5,554,000,000","-4,504,000,000","-112,000,000","136,000,000","-35,000,000","-82,000,000","100,000,000","185,000,000","50,000,000","-238,000,000","18,000,000",,,,,,,,,"0","0","-25,000,000","-10,000,000","-72,000,000","-704,000,000","-141,000,000","-67,000,000","-160,000,000","-106,000,000","-34,000,000","-102,000,000","-53,000,000","-210,000,000","-284,000,000","-22,000,000","-179,000,000","-87,000,000","-197,000,000","-83,000,000","-1,809,000,000","-594,000,000","-154,000,000","-62,000,000","-107,000,000","-197,000,000","3,000,000","-112,000,000","-1,070,000,000","-86,000,000","-1,260,000,000","-6,125,000,000","-4,000,000","0","7,000,000","29,000,000","-7,000,000","-31,000,000","19,000,000","0","0","0","3,000,000","-4,000,000","-1,719,000,000","-25,000,000","1,000,000","-29,000,000","35,000,000","4,000,000","282,000,000","-28,000,000","-66,000,000","14,000,000","-5,000,000","-26,000,000","115,000,000","-52,000,000","106,000,000","-21,000,000","-54,000,000","199,000,000","102,000,000","612,000,000","266,000,000","51,000,000","29,000,000","19,000,000","3,000,000","50,000,000","3,000,000","-3,000,000","11,000,000","36,000,000","-50,000,000","6,000,000","-13,000,000","-242,000,000","-583,000,000","-4,000,000","-4,000,000","28,000,000","-10,000,000","-1,000,000","14,000,000","-400,800,000","-400,000","-90,300,000","25,400,000","-77,900,000","21,200,000","38,700,000","36,600,000","33,700,000","8,400,000","-27,000,000","24,900,000","13,500,000","14,800,000","4,800,000","14,200,000","17,200,000","8,000,000","29,300,000","20,700,000",,,,,,,,,,,,,,,,
NormalizedEBITDA,"4,256,000,000","337,000,000","2,334,000,000","911,000,000","-1,406,000,000","-416,000,000","-1,014,000,000","-2,316,000,000","-416,000,000","1,335,000,000","2,052,000,000","2,064,000,000","929,000,000","1,239,000,000","1,708,000,000","1,699,000,000","802,000,000","1,189,000,000","1,905,000,000","1,994,000,000","1,009,000,000","1,045,000,000","1,995,000,000","2,443,000,000","1,541,000,000","1,635,000,000","2,193,000,000","2,518,000,000","1,327,000,000","-931,000,000","1,437,000,000","1,612,000,000","588,000,000","841,000,000","1,682,000,000","933,000,000","325,000,000","446,000,000","1,849,000,000","715,000,000","756,000,000","1,196,000,000","1,247,000,000","1,006,000,000","291,000,000","2,425,000,000","1,591,000,000","1,316,000,000","527,000,000","463,000,000","722,000,000","451,000,000","10,000,000","283,000,000","469,000,000","540,000,000","179,000,000","390,000,000","-2,767,000,000","771,000,000","417,000,000","377,000,000","492,000,000","668,000,000","-184,000,000","-358,000,000","77,000,000","194,000,000","-640,000,000","1,653,000,000","-87,000,000","69,000,000","-52,000,000","-94,000,000","213,000,000","213,000,000","-209,000,000","-9,000,000","-110,000,000","169,000,000","-128,000,000","-927,000,000","119,000,000","111,000,000","230,000,000","845,000,000","678,000,000","550,000,000","-319,000,000","2,875,000,000","-4,623,000,000","2,852,000,000","2,754,000,000","3,129,000,000","-4,507,000,000","2,721,000,000","2,704,000,000","2,831,000,000","-4,648,000,000","2,775,000,000","2,488,000,000","2,738,000,000","-4,341,000,000","2,940,000,000","2,391,000,000","2,636,000,000","-5,314,000,000","2,409,000,000","2,388,000,000","2,614,000,000","-1,921,400,000","1,272,400,000","1,388,000,000","246,900,000","213,300,000","32,700,000","-58,500,000","-23,800,000","-134,700,000","-58,800,000","-72,100,000","127,300,000","161,100,000","-14,000,000","-204,000,000","25,500,000","212,500,000","154,600,000","154,800,000","281,700,000","-5,099,500,000","2,038,100,000","1,858,100,000","1,881,600,000","-4,449,900,000","1,679,400,000","1,664,200,000","1,603,400,000","-3,347,400,000","1,452,900,000","1,197,600,000","1,102,100,000","-3,405,900,000","1,109,800,000","1,119,900,000","1,123,200,000"
TaxRateForCalcs,"0.298","0.27","0.21","0.16","0.223","0.319","0.216","0.185","0.12","0.215","0.232","0.243","0.228","0.242","0.216","0.253","0.238","0.4","0.347","0.353","0.341","0.347","0.337","0.342","0.34","0.361","0.365","0.372","0.371","0.375","0.383","0.383","0.36","0.35","0.35","0.001","0.35","0.35","0.005","0.35","0.024","0.35","0.35","0.35","0.183","0.05","0.008","0.002","0.35","0.35","0.101","0.35","0","0","0","0.102","0","0.333","0.394","0.059","0","0.268","0.4","0.4","0.01","0.4","0.4","0.045","0.119","0.046","0.009","0.4","0.36","0.361","0.354","0.389","0.356","0.381","0.381","0.352","0.341","0.353","0.365","0.091","0.4","0.4","0.4","0.4","0.393","0.396","0.4","0.397","0.394","0.392","0.392","0.394","0.393","0.392","0.39","0.4","0.39","0.4","0.384","0.381","0.4","0.4","0.382","0.4","0.182","0.4","0.358","0.369","0.372","0.234","0.4","0.351","0.349","0.351","0.357","0.355","0.361","0.4","0.4","0.36","0.365","0.337","0.362","0.342","0.346","0.354","0.4","0.4","0.4","0.4","0.4","0.4","0.4","0.4","0.4","0.4","0.4","0.4","0.4","0.4","0.4","0.4"
TaxEffectOfUnusualItems,"-173,138,000","-126,090,000","-102,480,000","32,480,000","56,221,782.178","-104,179,602.888","-1,198,413,762.939","-832,861,134.873","-13,469,522.241","29,184,549.356","-8,125,321.007","-19,951,756.686","22,832,980.973","44,816,149.964","10,812,425.329","-60,193,877.551","4,286,908.078","0","0","0","0","0","0","0","0","0","0","-9,308,960.27","-3,709,949.41","-27,031,578.947","-269,927,461.14","-53,988,443.76","-24,120,000","-56,000,000","-37,100,000","-49,562.682","-35,700,000","-18,550,000","-998,098.859","-99,400,000","-519,685.039","-62,650,000","-30,450,000","-68,950,000","-15,149,100.257","-90,450,000","-4,868,852.459","-329,059.829","-21,700,000","-37,450,000","-19,810,055.866","1,050,000","0","0","0","-128,925,193.465","0","-1,333,333.333","0","409,816.677","0","-1,875,461.936","-12,400,000","7,600,000","0","0","0","135,000","-474,074.074","-79,521,400.778","-230,061.35","400,000","-10,426,421.405","12,646,484.375","1,417,322.835","109,614,617.94","-9,977,900.552","-25,116,040.956","5,339,658.444","-1,759,581.882","-8,853,820.598","40,629,955.947","-18,990,196.078","9,636,363.636","-8,400,000","-21,600,000","79,600,000","40,800,000","240,579,310.345","105,396,226.415","20,400,000","11,502,793.296","7,481,250","1,176,579.926","19,579,831.933","1,183,229.814","-1,178,913.738","4,315,789.474","14,036,363.636","-20,000,000","2,341,463.415","-5,200,000","-92,935,361.217","-222,219,730.942","-1,600,000","-1,600,000","10,689,655.172","-4,000,000","-181,818.182","5,600,000","-143,663,643.351","-147,692.308","-33,611,219.947","5,955,640.051","-31,160,000","7,440,038.778","13,518,083.462","12,831,162.508","12,023,678.571","2,985,714.286","-9,736,196.319","9,960,000","5,400,000","5,334,752.852","1,754,381.679","4,782,005.141","6,231,669.535","2,739,495.798","10,125,076.453","7,318,892.666","0","0","0","0","0","0","0","0","0","0","0","0","0","0","0","0"