name,ttm,01/31/2022,10/31/2021,07/31/2021,04/30/2021,01/31/2021,10/31/2020,07/31/2020,04/30/2020,01/31/2020,10/31/2019,07/31/2019,04/30/2019,01/31/2019,10/31/2018,07/31/2018,04/30/2018,01/31/2018,10/31/2017,07/31/2017,04/30/2017,01/31/2017,10/31/2016,07/31/2016,04/30/2016,01/31/2016,10/31/2015,07/31/2015,04/30/2015,01/31/2015,10/31/2014,07/31/2014,04/30/2014,01/31/2014,10/31/2013,07/31/2013,04/30/2013,01/31/2013,10/31/2012,07/31/2012,04/30/2012,01/31/2012,10/31/2011,07/31/2011,04/30/2011,01/31/2011,10/31/2010,07/31/2010,04/30/2010,01/31/2010,10/31/2009,07/31/2009,04/30/2009,01/31/2009,10/31/2008,07/31/2008,04/30/2008,01/31/2008,10/31/2007,07/31/2007,04/30/2007,01/31/2007,10/31/2006,07/31/2006,04/30/2006,01/31/2006,10/31/2005,07/31/2005,04/30/2005,01/31/2005,10/31/2004,07/31/2004,04/30/2004,01/31/2004,10/31/2003,07/31/2003,04/30/2003,01/31/2003,10/31/2002,07/31/2002,04/30/2002,01/31/2002,10/31/2001,07/31/2001,04/30/2001,01/31/2001,10/31/2000,07/31/2000,04/30/2000,01/31/2000,10/31/1999,07/31/1999,04/30/1999,01/31/1999,10/31/1998,07/31/1998,04/30/1998,01/31/1998,10/31/1997,07/31/1997,04/30/1997,01/31/1997,10/31/1996,07/31/1996,04/30/1996,01/31/1996,10/31/1995,07/31/1995,04/30/1995,01/31/1995,10/31/1994,07/31/1994,04/30/1994,01/31/1994,10/31/1993,07/31/1993,04/30/1993,01/31/1993,10/31/1992,07/31/1992,04/30/1992,01/31/1992,10/31/1991,07/31/1991,04/30/1991,01/31/1991,10/31/1990,07/31/1990,04/30/1990,01/31/1990,10/31/1989,07/31/1989,04/30/1989,01/31/1989,10/31/1988,07/31/1988,04/30/1988,01/31/1988,10/31/1987,07/31/1987,04/30/1987,01/31/1987,10/31/1986,07/31/1986,04/30/1986,01/31/1986,10/31/1985
TotalRevenue,"44,039,000,000","9,569,000,000","10,885,000,000","11,527,000,000","12,058,000,000","9,112,000,000","9,450,000,000","8,925,000,000","9,253,000,000","7,631,000,000","9,579,000,000","10,036,000,000","11,342,400,000","7,983,600,000","9,079,500,000","10,308,300,000","10,720,000,000","6,913,500,000","7,395,600,000","7,807,800,000","8,287,000,000","5,625,200,000","6,239,100,000","6,724,400,000","7,875,400,000","5,524,500,000","6,461,800,000","7,593,700,000","8,170,700,000","6,383,100,000","8,713,600,000","9,500,200,000","9,947,900,000","7,654,000,000","9,276,100,000","10,009,900,000","10,913,500,000","7,421,400,000","9,597,700,000","9,590,400,000","10,008,600,000","6,766,500,000","8,440,900,000","8,371,900,000","8,909,700,000","6,119,200,000","7,069,900,000","6,836,900,000","7,130,900,000","4,834,800,000","5,237,900,000","5,884,600,000","6,747,800,000","5,145,900,000","7,256,400,000","7,738,700,000","8,096,700,000","5,201,000,000","6,140,900,000","6,633,700,000","6,882,500,000","4,425,200,000","5,117,500,000","6,266,700,000","6,029,000,000","4,202,100,000","5,177,000,000","6,005,100,000","6,621,400,000","4,127,100,000","5,206,900,000","5,418,400,000","5,877,000,000","3,483,800,000","3,939,400,000","4,401,600,000","4,400,000,000","2,793,600,000","3,469,400,000","3,969,000,000","3,986,500,000","2,522,100,000","3,252,200,000","3,584,300,000","3,776,100,000","2,618,600,000","3,318,400,000","3,584,400,000","3,755,800,000","2,305,000,000","2,688,300,000","2,968,500,000","3,434,100,000","2,430,700,000","3,092,300,000","3,669,300,000","4,040,200,000","2,824,000,000","3,343,300,000","3,400,500,000","3,501,500,000","2,372,100,000","2,885,400,000","2,880,800,000","3,064,800,000","2,296,800,000","2,606,100,000","2,653,800,000","2,452,900,000","2,090,500,000","2,494,300,000","2,314,700,000","2,446,500,000","1,711,400,000","2,154,200,000","2,035,400,000","2,093,300,000","1,410,800,000","1,889,200,000","1,748,600,000","1,853,200,000","1,439,700,000","1,896,200,000","1,785,000,000","1,919,700,000","1,433,400,000","2,059,300,000","2,052,400,000","2,107,500,000","1,628,400,000","1,736,400,000","1,685,700,000","1,670,400,000","1,370,500,000","1,481,400,000","1,388,000,000","1,450,000,000","1,045,400,000","1,317,400,000","1,195,300,000","1,143,400,000","478,400,000","818,100,000","973,300,000","1,023,600,000","701,300,000","1,145,200,000"
	OperatingRevenue,"43,479,000,000","9,331,000,000","11,104,000,000","11,238,000,000","11,807,000,000","8,885,000,000","9,526,000,000","8,697,000,000","9,073,000,000","7,426,000,000","9,660,000,000","9,853,000,000","11,110,600,000","7,755,800,000","9,186,700,000","10,072,800,000","10,500,900,000","6,696,800,000","7,816,600,000","7,521,800,000","7,924,800,000","5,353,300,000","6,312,400,000","6,499,900,000","7,718,000,000","5,368,200,000","6,546,500,000","7,436,200,000","7,974,800,000","6,198,700,000","8,675,900,000","9,296,500,000","9,790,300,000","7,480,000,000","9,195,500,000","9,846,500,000","10,777,200,000","7,293,800,000","9,576,100,000","9,423,500,000","9,888,500,000","6,594,100,000","8,405,000,000","8,213,800,000","8,796,100,000","5,973,900,000","7,038,300,000","6,672,400,000","6,983,300,000","4,704,500,000","5,200,000,000","5,742,400,000","6,629,100,000","5,026,800,000","8,802,200,000","7,070,200,000","7,468,900,000","4,530,600,000","5,423,400,000","5,984,900,000","6,265,900,000","3,814,900,000","4,486,400,000","5,677,300,000","6,029,000,000","3,691,400,000","4,667,500,000","5,547,600,000","6,195,800,000","3,715,400,000","4,807,800,000","5,048,200,000","5,490,400,000","3,093,000,000","3,548,800,000","4,006,600,000","4,033,400,000","2,424,700,000","3,076,300,000","3,584,500,000","3,579,000,000","2,099,000,000","2,851,900,000","3,184,900,000","3,372,500,000","2,253,200,000","3,318,400,000","3,584,400,000","3,755,800,000","2,305,000,000","2,688,300,000","2,968,500,000","3,434,100,000","2,430,700,000","3,092,300,000","3,669,300,000","4,040,200,000","2,824,000,000","3,343,300,000","3,400,500,000","3,501,500,000","2,372,100,000","2,885,400,000","2,880,800,000","3,064,800,000","2,296,800,000","2,606,100,000","2,653,800,000","2,452,900,000","2,090,500,000","2,494,300,000","2,314,700,000","2,446,500,000","1,711,400,000","2,154,200,000","2,035,400,000","2,093,300,000","1,410,800,000","1,889,200,000","1,748,600,000","1,853,200,000","1,439,700,000","1,896,200,000","1,785,000,000","1,919,700,000","1,433,400,000","2,059,300,000","2,052,400,000","2,107,500,000","1,628,400,000","1,736,400,000","1,685,700,000","1,670,400,000","1,370,500,000","1,481,400,000","1,388,000,000","1,450,000,000","1,045,400,000","1,317,400,000","1,195,300,000","1,143,400,000","478,400,000","818,100,000","973,300,000","1,023,600,000","701,300,000","1,145,200,000"
CostOfRevenue,"31,159,000,000","6,924,000,000","8,221,000,000","7,818,000,000","8,196,000,000","6,076,000,000","6,937,000,000","6,125,000,000","6,636,000,000","5,413,000,000","7,352,000,000","7,244,000,000","8,105,500,000","5,784,600,000","6,914,300,000","7,443,800,000","7,637,000,000","4,990,800,000","5,843,200,000","5,481,400,000","5,671,600,000","4,004,900,000","4,744,400,000","4,694,900,000","5,722,000,000","4,013,300,000","4,993,300,000","5,529,500,000","5,859,700,000","4,600,700,000","6,420,600,000","6,765,200,000","7,037,600,000","5,367,200,000","6,663,000,000","7,020,500,000","7,673,200,000","5,194,900,000","7,163,400,000","6,950,900,000","7,030,200,000","4,768,100,000","6,221,500,000","5,976,500,000","6,299,200,000","4,296,600,000","5,445,000,000","4,712,700,000","4,972,500,000","3,424,000,000","4,504,900,000","4,306,900,000","5,025,800,000","3,817,000,000","6,714,500,000","5,421,900,000","5,508,600,000","3,361,800,000","4,054,200,000","4,542,900,000","4,705,500,000","2,950,200,000","3,524,200,000","4,398,800,000","4,542,700,000","2,896,300,000","4,118,000,000","4,397,800,000","4,778,100,000","2,918,000,000","3,693,300,000","3,915,400,000","4,164,000,000","2,445,100,000","2,915,500,000","3,204,300,000","3,191,100,000","1,977,800,000","2,519,200,000","2,847,900,000","2,891,300,000","1,811,900,000","2,705,500,000","2,627,400,000","2,714,100,000","1,805,400,000","1,733,900,000","2,570,500,000","2,678,600,000","1,624,400,000","1,550,100,000","2,165,200,000","2,488,800,000","1,696,500,000","1,779,200,000","2,538,700,000","2,779,100,000","1,894,100,000","1,996,800,000","2,329,300,000","2,339,600,000","1,543,700,000","1,601,700,000","1,977,300,000","2,055,100,000","1,514,800,000","1,666,600,000","1,820,800,000","1,888,300,000","1,339,200,000","1,430,400,000","1,574,000,000","1,655,400,000","1,128,800,000","1,293,000,000","1,408,200,000","1,449,500,000","1,003,700,000","1,126,700,000","1,247,700,000","1,304,700,000","1,002,700,000","1,097,500,000","1,244,500,000","1,340,500,000","1,033,200,000","1,289,500,000","1,411,700,000","1,448,300,000","1,108,700,000","1,351,200,000","1,328,500,000","1,260,600,000","934,000,000",,,,,,,,,,,,,
GrossProfit,"12,880,000,000","2,645,000,000","2,664,000,000","3,709,000,000","3,862,000,000","3,036,000,000","2,513,000,000","2,800,000,000","2,617,000,000","2,218,000,000","2,227,000,000","2,792,000,000","3,236,900,000","2,199,000,000","2,165,200,000","2,864,500,000","3,083,000,000","1,922,700,000","1,552,400,000","2,326,400,000","2,615,400,000","1,620,300,000","1,494,700,000","2,029,500,000","2,153,400,000","1,511,200,000","1,468,500,000","2,064,200,000","2,311,000,000","1,782,400,000","2,293,000,000","2,735,000,000","2,910,300,000","2,286,800,000","2,613,100,000","2,989,400,000","3,240,300,000","2,226,500,000","2,434,300,000","2,639,500,000","2,978,400,000","1,998,400,000","2,219,400,000","2,395,400,000","2,610,500,000","1,822,600,000","1,624,900,000","2,124,200,000","2,158,400,000","1,410,800,000","733,000,000","1,577,700,000","1,722,000,000","1,328,900,000","541,900,000","2,316,800,000","2,588,100,000","1,839,200,000","2,086,700,000","2,090,800,000","2,177,000,000","1,475,000,000","1,593,300,000","1,867,900,000","1,486,300,000","1,305,800,000","1,059,000,000","1,607,300,000","1,843,300,000","1,209,100,000","1,513,600,000","1,503,000,000","1,713,000,000","1,038,700,000","1,023,900,000","1,197,300,000","1,208,900,000","815,800,000","950,200,000","1,121,100,000","1,095,200,000","710,200,000","546,700,000","956,900,000","1,062,000,000","813,200,000","1,584,500,000","1,013,900,000","1,077,200,000","680,600,000","1,138,200,000","803,300,000","945,300,000","734,200,000","1,313,100,000","1,130,600,000","1,261,100,000","929,900,000","1,346,500,000","1,071,200,000","1,161,900,000","828,400,000","1,283,700,000","903,500,000","1,009,700,000","782,000,000","939,500,000","833,000,000","564,600,000","751,300,000","1,063,900,000","740,700,000","791,100,000","582,600,000","861,200,000","627,200,000","643,800,000","407,100,000","762,500,000","500,900,000","548,500,000","437,000,000","798,700,000","540,500,000","579,200,000","400,200,000","769,800,000","640,700,000","659,200,000","519,700,000","385,200,000","357,200,000","409,800,000","436,500,000",,,,,,,,,,,,,
OperatingExpense,"5,761,000,000","1,494,000,000","1,157,000,000","1,559,000,000","1,550,000,000","1,508,000,000","1,423,000,000","1,530,000,000","1,689,000,000","1,649,000,000","1,427,000,000","1,679,000,000","1,763,500,000","1,521,800,000","1,200,600,000","1,674,400,000","1,699,300,000","1,404,800,000","1,178,300,000","1,436,500,000","1,446,100,000","1,292,300,000","1,076,200,000","1,324,400,000","1,420,100,000","1,160,000,000","1,037,000,000","1,325,700,000","1,294,000,000","1,214,800,000","1,233,400,000","1,442,800,000","1,446,500,000","1,321,900,000","1,384,700,000","1,440,100,000","1,496,500,000","1,280,400,000","1,326,300,000","1,424,800,000","1,381,400,000","1,198,100,000","1,173,300,000","1,316,300,000","1,269,800,000","1,076,600,000","884,600,000","1,202,500,000","1,169,500,000","1,046,500,000","796,900,000","1,068,500,000","1,110,000,000","1,055,200,000","851,100,000","1,177,600,000","1,141,900,000","857,100,000","1,159,200,000","996,900,000","1,004,200,000","842,500,000","950,400,000","925,000,000","983,200,000","735,800,000","509,600,000","827,500,000","768,300,000","696,500,000","838,900,000","774,400,000","820,000,000","629,100,000","773,000,000","664,600,000","650,100,000","558,300,000","662,800,000","674,000,000","698,400,000","601,800,000","838,200,000","632,700,000","645,600,000","583,200,000","1,359,100,000","610,200,000","597,800,000","508,300,000","1,164,300,000","606,700,000","606,000,000","551,600,000","1,061,400,000","579,300,000","593,900,000","516,400,000","1,020,200,000","590,400,000","570,000,000","472,100,000","931,000,000","510,400,000","504,700,000","445,700,000","691,100,000","495,300,000","337,200,000","287,500,000","751,200,000","434,300,000","438,400,000","393,400,000","687,800,000","401,000,000","395,900,000","365,800,000","665,000,000","388,100,000","386,200,000","382,700,000","622,700,000","389,200,000","366,700,000","355,100,000","569,300,000","363,100,000","349,900,000","317,800,000","755,200,000","233,300,000","236,500,000","280,600,000",,,,,,,,,,,,,
	SellingGeneralAndAdministration,"3,447,000,000","781,000,000","987,000,000","841,000,000","838,000,000","769,000,000","1,210,000,000","752,000,000","906,000,000","809,000,000","1,087,000,000","896,000,000","946,900,000","763,700,000","1,073,500,000","912,700,000","939,200,000","705,000,000","1,027,800,000","791,200,000","775,300,000","659,400,000","934,900,000","709,000,000","714,800,000","592,900,000","902,100,000","755,300,000","740,000,000","659,000,000","1,175,400,000","820,700,000","846,500,000","765,900,000","1,151,800,000","919,800,000","956,300,000","781,500,000","1,193,200,000","878,400,000","881,400,000","709,000,000","1,052,700,000","815,800,000","828,200,000","665,000,000","842,200,000","751,200,000","733,300,000","642,100,000","794,200,000","659,500,000","688,000,000","638,900,000","300,500,000","939,500,000","911,700,000","652,800,000","927,800,000","792,600,000","799,900,000","665,700,000","749,400,000","749,100,000","795,400,000","574,800,000","317,400,000","662,100,000","597,900,000","547,200,000","666,300,000","624,300,000","669,400,000","490,900,000","600,800,000","521,300,000","505,800,000","440,800,000","519,500,000","548,800,000","566,400,000","474,600,000","677,700,000","490,900,000","492,100,000","448,900,000","542,400,000","479,200,000","458,100,000","405,700,000","516,400,000","492,000,000","492,900,000","455,700,000","518,500,000","468,600,000","479,700,000","421,700,000","534,800,000","490,900,000","463,400,000","385,600,000","619,600,000","510,400,000","504,700,000","445,700,000","408,000,000","495,300,000","337,200,000","287,500,000","494,500,000","434,300,000","438,400,000","393,400,000","430,600,000","401,000,000","395,900,000","365,800,000","414,600,000","388,100,000","386,200,000","382,700,000","413,500,000","389,200,000","366,700,000","355,100,000","365,500,000","363,100,000","349,900,000","317,800,000","694,800,000","189,100,000","192,200,000","280,600,000",,,,,,,,,,,,,
		GeneralAndAdministrativeExpense,,,,,"838,000,000",,"1,210,000,000","752,000,000","906,000,000","809,000,000","1,087,000,000","896,000,000",,,"1,073,500,000","912,700,000","939,200,000","705,000,000","1,027,800,000","791,200,000","775,300,000","659,400,000","934,900,000","709,000,000","714,800,000","592,900,000","902,100,000","755,300,000","740,000,000","659,000,000","1,175,400,000","820,700,000","846,500,000","765,900,000","1,151,800,000","919,800,000","956,300,000","781,500,000","1,193,200,000","878,400,000","881,400,000","709,000,000","1,052,700,000","815,800,000","828,200,000","665,000,000","842,200,000","751,200,000","733,300,000","642,100,000","794,200,000","659,500,000","688,000,000","638,900,000",,,,,,,,,,,,,,,,,,,,,,,,,,,,,,,,,,,,,,,,,,,,,,,,,,,,,,,,,,,,,,,,,,,,,,,,,,,,,,,,,,,,,,,,,,,,,
			OtherGandA,,,,,"838,000,000",,"1,010,000,000","752,000,000","906,000,000","809,000,000","944,000,000","896,000,000",,,"898,500,000","912,700,000","939,200,000","705,000,000","840,800,000","791,200,000","775,300,000","659,400,000","746,900,000","709,000,000","714,800,000","592,900,000","719,100,000","755,300,000","740,000,000","659,000,000","851,400,000","820,700,000","846,500,000","765,900,000","947,800,000","919,800,000","956,300,000","781,500,000","948,200,000","878,400,000","881,400,000","709,000,000","859,700,000","815,800,000","828,200,000","665,000,000","842,200,000","751,200,000","733,300,000","642,100,000","794,200,000","659,500,000","688,000,000","638,900,000",,,,,,,,,,,,,,,,,,,,,,,,,,,,,,,,,,,,,,,,,,,,,,,,,,,,,,,,,,,,,,,,,,,,,,,,,,,,,,,,,,,,,,,,,,,,,
	ResearchAndDevelopment,"1,623,000,000","402,000,000","450,000,000","394,000,000","377,000,000","366,000,000","443,000,000","370,000,000","406,000,000","425,000,000","488,000,000","431,000,000","457,100,000","406,800,000","469,900,000","415,700,000","415,200,000","356,800,000","397,000,000","335,400,000","324,400,000","310,900,000","386,000,000","338,800,000","345,000,000","319,300,000","404,000,000","346,800,000","341,100,000","333,200,000","412,100,000","362,100,000","354,100,000","323,700,000","405,200,000","338,700,000","376,800,000","356,500,000","401,300,000","367,800,000","352,000,000","312,500,000","346,900,000","312,000,000","298,500,000","268,900,000","294,300,000","256,300,000","266,000,000","235,700,000","258,600,000","243,300,000","255,700,000","219,400,000","270,600,000","238,100,000","230,200,000","204,300,000","231,400,000","204,300,000","204,300,000","176,800,000","201,000,000","175,900,000","187,800,000","161,000,000","192,200,000","165,400,000","170,400,000","149,300,000","172,600,000","150,100,000","150,600,000","138,200,000","172,200,000","143,300,000","144,300,000","117,500,000","143,300,000","125,200,000","132,000,000","127,200,000","160,500,000","141,800,000","153,500,000","134,300,000","168,800,000","131,000,000","139,700,000","102,600,000","134,600,000","114,700,000","113,100,000","95,900,000","124,900,000","110,700,000","114,200,000","94,700,000","119,800,000","99,500,000","106,600,000","86,500,000",,,,,,,,,,,,,,,,,,,,,,,,,,,,,,,,,,,,,,,,,,,,,
	DepreciationAmortizationDepletionIncomeStatement,,,,,,,,,,,,,,,,,,,,,,,,,,,,,,,,,,,,,,,,,,,,,,,,,,,,,,,,,,,,,,,,,,,,,,,,,,,,,,,,,,,,,,,,,,,,,,,,,,,,,,,,,,,,,,,,,,,,,,,,,,,,,,,,,,,"60,400,000","44,200,000","44,300,000",,,,,,,,,,,,,,
		DepreciationAndAmortizationInIncomeStatement,,,,,,,,,,,,,,,,,,,,,,,,,,,,,,,,,,,,,,,,,,,,,,,,,,,,,,,,,,,,,,,,,,,,,,,,,,,,,,,,,,,,,,,,,,,,,,,,,,,,,,,,,,,,,,,,,,,,,,,,,,,,,,,,,,,"60,400,000","44,200,000","44,300,000",,,,,,,,,,,,,,
	OtherOperatingExpenses,"-292,000,000","311,000,000","-1,263,000,000","324,000,000","335,000,000","373,000,000","-1,313,000,000","408,000,000","377,000,000","415,000,000","-1,129,000,000","352,000,000","359,500,000","351,300,000","-1,270,800,000","346,000,000","344,900,000","343,000,000","-1,099,500,000","309,900,000","346,400,000","322,000,000","-986,700,000","276,600,000","360,300,000","247,800,000","-846,100,000","223,600,000","212,900,000","222,600,000","-848,100,000","260,000,000","245,900,000","232,300,000","-561,300,000","181,600,000","163,400,000","142,400,000","-607,200,000","178,600,000","148,000,000","176,600,000","-532,300,000","188,500,000","143,100,000","142,700,000","-539,900,000","195,000,000","170,200,000","168,700,000","-543,900,000","165,700,000","166,300,000","196,900,000",,,,,,,,,,,,,,,,,,,,,,,,,,,,,,,,,,,,,,,,,,,,,,,,,,,,,,,,,,,,,,,,,,,,,,,,,,,,,,,,,,,,,,,,,,,,,
OperatingIncome,"7,119,000,000","1,151,000,000","1,507,000,000","2,150,000,000","2,312,000,000","1,528,000,000","1,090,000,000","1,270,000,000","928,000,000","569,000,000","800,000,000","1,113,000,000","1,473,400,000","677,200,000","964,600,000","1,190,100,000","1,383,700,000","517,900,000","374,100,000","889,900,000","1,169,300,000","328,000,000","418,500,000","705,100,000","733,300,000","351,200,000","431,500,000","738,500,000","1,017,000,000","567,600,000","1,059,600,000","1,292,200,000","1,463,800,000","964,900,000","1,228,400,000","1,549,300,000","1,743,800,000","946,100,000","1,108,000,000","1,214,700,000","1,597,000,000","800,300,000","1,046,100,000","1,079,100,000","1,340,700,000","746,000,000","740,300,000","921,700,000","988,900,000","364,300,000","-63,900,000","509,200,000","612,000,000","273,700,000","-309,200,000","1,139,200,000","1,446,200,000","982,100,000","927,500,000","1,093,900,000","1,172,800,000","632,500,000","642,900,000","942,900,000","503,100,000","570,000,000","549,400,000","779,800,000","1,075,000,000","512,600,000","674,700,000","728,600,000","893,000,000","409,600,000","250,900,000","532,700,000","558,800,000","257,500,000","287,400,000","447,100,000","396,800,000","108,400,000","-291,500,000","324,200,000","416,400,000","230,000,000","225,400,000","403,700,000","479,400,000","172,300,000","-26,100,000","196,600,000","339,300,000","182,600,000","251,700,000","551,300,000","667,200,000","413,500,000","326,300,000","480,800,000","591,900,000","356,300,000","352,700,000","393,100,000","505,000,000","336,300,000","248,400,000","337,700,000","227,400,000","463,800,000","312,700,000","306,400,000","352,700,000","189,200,000","173,400,000","226,200,000","247,900,000","41,300,000","97,500,000","112,800,000","162,300,000","54,300,000","176,000,000","151,300,000","212,500,000","45,100,000","200,500,000","277,600,000","309,300,000","201,900,000","-370,000,000","123,900,000","173,300,000","155,900,000","-3,596,400,000","1,388,000,000","1,450,000,000","1,045,400,000","-3,052,500,000","1,195,300,000","1,143,400,000","478,400,000","-3,185,500,000","973,300,000","1,023,600,000","701,300,000","-2,940,600,000"
OtherIncomeExpense,,,,,,,,,,,,,,,,,,,,,,,,,,,,,,,,,,,,,,,,,,,,,,,,,,,,,,,"-429,700,000","170,200,000","130,500,000","-5,400,000","158,700,000","139,000,000","140,500,000","129,300,000","154,200,000","129,200,000","117,300,000","107,100,000","109,400,000","88,300,000","90,000,000","83,200,000","82,100,000","82,000,000","90,700,000","97,300,000","78,100,000","70,300,000","47,800,000","58,000,000","53,800,000","41,600,000","73,700,000","74,700,000","27,100,000","33,200,000","42,100,000","61,300,000","55,300,000","52,200,000","33,900,000","33,000,000","102,000,000","72,200,000","36,300,000","27,700,000","123,600,000","32,700,000","32,400,000","22,300,000","102,300,000","34,300,000","20,000,000","21,400,000","36,100,000","27,000,000","26,900,000","22,100,000","83,900,000","39,600,000","249,100,000","-153,500,000","28,100,000","16,700,000","15,900,000","17,100,000","24,300,000","17,500,000","-93,000,000","13,100,000","9,300,000","7,300,000","8,000,000","14,000,000","-174,500,000","6,700,000","3,100,000","4,500,000","7,700,000","4,000,000","14,200,000","13,100,000","820,500,000","59,700,000","55,500,000","4,500,000",,,,,,,,,,,,,
	EarningsFromEquityInterest,,,,,,,,,,,,,,,,,,,,,,,,,,,,,,,,,,,,,,,,,,,,,,,,,,,,,,,,"13,300,000","12,000,000","7,600,000","6,400,000","7,100,000","14,300,000","1,400,000","17,100,000","2,300,000","1,700,000","-100,000","-700,000","3,400,000","6,300,000","-2,900,000","-2,200,000","3,900,000","-1,900,000","1,200,000","5,700,000","3,900,000","-900,000",,"-4,400,000","-6,400,000","-5,200,000","-9,100,000","-8,500,000","-4,500,000","-5,200,000","-3,500,000",,,,,,,,,,,,,,,,,,,,,,,,,,,,,,,,,,,,,,,,,,,,,,,,,,,,,,,,,,,,,
	SpecialIncomeCharges,,,,,,,,,,,,,,,,,,,,,,,,,,,,,,,,,,,,,,,,,,,,,,,,,,,,,,,,"156,900,000","118,500,000","-13,000,000","152,300,000","131,900,000","126,200,000","127,900,000","137,100,000","126,900,000","115,600,000","107,200,000","110,100,000","84,900,000","83,700,000","86,100,000","84,300,000","78,100,000","92,600,000","96,100,000","72,400,000","66,400,000","48,700,000","58,000,000","58,200,000","48,000,000","78,900,000","83,800,000","35,600,000","37,700,000","47,300,000","64,800,000","55,300,000","52,200,000","33,900,000","33,000,000","102,000,000","72,200,000","36,300,000","27,700,000","123,600,000","32,700,000","32,400,000","22,300,000","102,300,000","34,300,000","20,000,000","21,400,000","36,100,000","27,000,000","26,900,000","22,100,000","83,900,000","39,600,000","249,100,000","-153,500,000","28,100,000","16,700,000","15,900,000","17,100,000","24,300,000","17,500,000","-93,000,000","13,100,000","9,300,000","7,300,000","8,000,000","14,000,000","-174,500,000","6,700,000","3,100,000","4,500,000","7,700,000","4,000,000","14,200,000","13,100,000","820,500,000","59,700,000","55,500,000","4,500,000",,,,,,,,,,,,,
PretaxIncome,"7,225,000,000","1,151,000,000","1,613,000,000","2,150,000,000","2,312,000,000","1,528,000,000","1,116,000,000","1,270,000,000","928,000,000","569,000,000","825,000,000","1,113,000,000","1,473,400,000","677,200,000","978,900,000","1,190,100,000","1,383,700,000","517,900,000","766,600,000","889,900,000","1,169,300,000","328,000,000","434,400,000","705,100,000","733,300,000","351,200,000","456,900,000","738,500,000","1,017,000,000","567,600,000","1,076,500,000","1,292,200,000","1,463,800,000","964,900,000","1,244,200,000","1,549,300,000","1,743,800,000","946,100,000","1,122,400,000","1,214,700,000","1,597,000,000","800,300,000","1,056,900,000","1,079,100,000","1,340,700,000","746,000,000","750,300,000","921,700,000","988,900,000","364,300,000","-55,100,000","509,200,000","612,000,000","273,700,000","560,700,000","869,000,000","1,162,600,000","531,500,000","618,500,000","802,300,000","889,200,000","365,400,000","367,500,000","681,000,000","785,200,000","340,100,000","332,100,000","583,300,000","894,900,000","345,500,000","525,200,000","584,500,000","741,800,000","262,200,000","97,300,000","370,300,000","398,200,000","105,500,000","127,200,000","288,800,000","234,900,000","-53,500,000","-455,600,000","132,200,000","209,400,000","89,000,000","93,100,000","273,900,000","353,200,000","58,500,000","-64,900,000","129,900,000","232,800,000","76,200,000","238,200,000","445,600,000","570,400,000","321,100,000","315,900,000","404,100,000","508,200,000","282,800,000","288,300,000","320,600,000","428,500,000","259,700,000","230,500,000","277,600,000","373,900,000","221,900,000","257,900,000","245,500,000","297,300,000","135,100,000","111,200,000","153,200,000","57,800,000","-40,600,000","7,500,000","15,500,000","65,800,000","-36,700,000","-110,100,000","48,200,000","100,900,000","-64,400,000","91,200,000","169,900,000","215,600,000","116,500,000","174,000,000","135,200,000","182,700,000","69,500,000",,,,,,,,,,,,,
TaxProvision,"1,600,000,000","250,000,000","330,000,000","491,000,000","530,000,000","308,000,000","330,000,000","457,000,000","245,000,000","50,000,000","104,000,000","221,000,000","343,500,000","184,100,000","203,500,000","288,700,000","177,100,000","1,057,500,000","222,400,000","253,200,000","371,900,000","134,400,000","140,200,000","226,500,000","237,800,000","95,500,000","104,500,000","241,000,000","324,000,000","170,500,000","416,900,000","450,200,000","479,000,000","280,500,000","437,100,000","553,500,000","666,400,000","289,000,000","425,300,000","426,800,000","541,300,000","266,200,000","382,900,000","369,500,000","438,900,000","232,200,000","295,200,000","308,100,000","448,400,000","109,900,000","161,400,000","87,900,000","137,100,000","73,500,000","223,100,000","307,100,000","411,100,000","170,000,000","202,700,000","272,200,000","279,900,000","128,100,000","108,000,000","247,600,000","269,900,000","116,100,000","98,500,000","199,600,000","297,200,000","119,800,000","166,300,000","187,000,000","262,600,000","92,600,000","32,300,000","126,700,000","140,400,000","37,500,000","54,800,000","134,800,000","93,100,000","-24,500,000","-157,000,000","60,400,000","81,600,000","32,600,000","22,000,000","101,500,000","149,500,000","20,800,000","-35,400,000","61,000,000","82,700,000","26,500,000","76,100,000","154,800,000","205,200,000","117,800,000","104,600,000","151,400,000","188,700,000","106,100,000","114,400,000","116,200,000","155,800,000","93,500,000","79,900,000","97,500,000","136,900,000","83,500,000","88,300,000","87,800,000","108,000,000","48,100,000","29,500,000","53,100,000","27,600,000","-13,000,000","3,300,000","6,400,000","21,800,000","-16,800,000","-28,600,000","16,900,000","27,800,000","-21,300,000","16,700,000","55,800,000","71,600,000","38,000,000","70,800,000","37,000,000","52,200,000","21,100,000",,,,,,,,,,,,,
EarningsFromEquityInterestNetOfTax,"20,000,000","3,000,000","0","8,000,000","8,000,000","4,000,000","-28,000,000","-2,000,000","-17,000,000","-1,000,000","1,000,000","7,000,000","6,400,000","6,500,000","9,000,000","9,900,000","3,100,000","4,900,000","-33,500,000","5,600,000","4,800,000","-400,000","-9,700,000","10,000,000","-800,000","-1,900,000","-900,000","14,200,000","-2,200,000","-10,200,000","-9,800,000","8,900,000","-3,600,000","-3,100,000","-100,000","800,000","6,900,000","-7,500,000","-8,200,000","2,300,000","2,400,000","300,000","-2,000,000","5,200,000","4,900,000","500,000","4,300,000","5,900,000","9,300,000","-8,800,000","-6,300,000","-1,300,000","-2,600,000","3,700,000",,,,,,,,,,,,,,,,,,,,,,,,,,,,,,,,,,,,,,,,,,,,,,,,,,,,,,,,,,,,,,,,,,,,,,,,,,,,,,,,,,,,,,,,,,,,,
NetIncomeCommonStockholders,"5,642,000,000","903,000,000","1,283,000,000","1,667,000,000","1,790,000,000","1,224,000,000","758,000,000","811,000,000","666,000,000","517,000,000","721,000,000","899,000,000","1,134,900,000","498,400,000","784,700,000","910,200,000","1,208,100,000","-535,100,000","510,100,000","641,600,000","802,200,000","193,700,000","285,200,000","488,500,000","495,200,000","254,300,000","351,000,000","511,400,000","690,200,000","386,700,000","649,000,000","850,400,000","980,300,000","680,900,000","806,700,000","996,300,000","1,083,900,000","649,600,000","687,500,000","787,800,000","1,055,900,000","532,700,000","669,400,000","712,000,000","904,000,000","513,600,000","457,100,000","616,800,000","547,300,000","243,100,000","-222,800,000","420,000,000","472,300,000","203,900,000","345,100,000","575,200,000","763,500,000","369,100,000","422,200,000","537,200,000","623,600,000","238,700,000","277,300,000","436,000,000","744,600,000","235,900,000","232,900,000","387,100,000","604,000,000","222,800,000","356,700,000","401,400,000","477,300,000","170,800,000","70,700,000","247,500,000","256,900,000","68,000,000","68,000,000","147,600,000","141,800,000","-38,100,000","-320,100,000","71,800,000","127,800,000","56,400,000","71,100,000","172,400,000","203,700,000","37,700,000","-29,500,000","68,900,000","150,100,000","49,700,000","162,100,000","290,800,000","365,200,000","203,300,000","211,300,000","252,700,000","319,500,000","176,700,000","173,900,000","204,400,000","272,700,000","166,200,000","150,600,000","180,100,000","237,000,000","138,400,000","169,600,000","157,700,000","189,300,000","87,000,000","-1,023,600,000","100,100,000","30,200,000","-27,600,000","4,200,000","9,100,000","44,000,000","-19,900,000","-81,500,000","31,300,000","73,100,000","-43,100,000","74,500,000","114,100,000","144,000,000","78,500,000","103,200,000","98,200,000","130,500,000","48,400,000",,,,,,,,,,,,,
	NetIncome,"5,642,000,000","903,000,000","1,283,000,000","1,667,000,000","1,790,000,000","1,224,000,000","758,000,000","811,000,000","666,000,000","517,000,000","721,000,000","899,000,000","1,134,900,000","498,500,000","784,800,000","910,300,000","1,208,300,000","-535,100,000","510,300,000","641,800,000","802,400,000","193,800,000","285,300,000","488,800,000","495,400,000","254,400,000","351,200,000","511,600,000","690,500,000","386,800,000","649,200,000","850,700,000","980,700,000","681,100,000","806,800,000","996,500,000","1,084,200,000","649,700,000","687,600,000","788,000,000","1,056,200,000","532,900,000","669,600,000","712,300,000","904,300,000","513,700,000","457,300,000","617,000,000","547,500,000","243,200,000","-222,800,000","420,000,000","472,300,000","203,900,000","345,100,000","575,200,000","763,500,000","369,100,000","422,200,000","537,200,000","623,600,000","238,700,000","277,300,000","436,000,000","744,600,000","235,900,000","232,900,000","387,100,000","604,000,000","222,800,000","356,700,000","401,400,000","477,300,000","170,800,000","70,700,000","247,500,000","256,900,000","68,000,000","68,000,000","147,600,000","141,800,000","-38,100,000","-320,100,000","71,800,000","127,800,000","56,400,000","71,100,000","172,400,000","203,700,000","37,700,000","-29,500,000","68,900,000","150,100,000","49,700,000","162,100,000","290,800,000","365,200,000","203,300,000","211,300,000","252,700,000","319,500,000","176,700,000","173,900,000","204,400,000","272,700,000","166,200,000","150,600,000","180,100,000","237,000,000","138,400,000","169,600,000","157,700,000","189,300,000","87,000,000","-1,023,600,000","100,100,000","30,200,000","-27,600,000","4,200,000","9,100,000","44,000,000","-19,900,000","-81,500,000","31,300,000","73,100,000","-43,100,000","74,500,000","114,100,000","144,000,000","78,500,000","103,200,000","98,200,000","130,500,000","48,400,000",,,,,,,,,,,,,
		NetIncomeIncludingNoncontrollingInterests,"5,645,000,000","904,000,000","1,283,000,000","1,667,000,000","1,790,000,000","1,224,000,000","758,000,000","811,000,000","666,000,000","518,000,000","722,000,000","899,000,000","1,136,300,000","499,600,000","784,400,000","911,300,000","1,209,700,000","-534,700,000","510,700,000","642,300,000","802,200,000","193,200,000","284,500,000","488,600,000","494,700,000","253,800,000","351,500,000","511,700,000","690,800,000","386,900,000","649,800,000","850,900,000","981,200,000","681,300,000","807,000,000","996,600,000","1,084,300,000","649,600,000","688,900,000","790,200,000","1,058,100,000","534,400,000","672,000,000","714,800,000","906,700,000","514,300,000","459,400,000","619,500,000","549,800,000","245,600,000","-222,800,000","420,000,000","472,300,000","203,900,000","345,100,000","575,200,000","763,500,000","369,100,000","422,200,000","537,200,000","623,600,000","238,700,000","277,300,000","436,000,000","744,600,000","235,900,000","232,900,000","387,100,000","604,000,000","222,800,000","356,700,000","401,400,000","477,300,000","170,800,000","70,700,000","247,500,000","256,900,000","68,000,000","68,000,000","147,600,000","141,800,000","-38,100,000","-320,100,000","71,800,000","127,800,000","56,400,000","71,100,000","172,400,000","203,700,000","37,700,000","-29,500,000","68,900,000","150,100,000","49,700,000","162,100,000","290,800,000","365,200,000","203,300,000","211,300,000","252,700,000","319,500,000","176,700,000","173,900,000","204,400,000","272,700,000","166,200,000","150,600,000","180,100,000","237,000,000","138,400,000","169,600,000","157,700,000","189,300,000","87,000,000","-1,023,600,000","100,100,000","30,200,000","-27,600,000","4,200,000","9,100,000","44,000,000","-19,900,000","-81,500,000","31,300,000","73,100,000","-43,100,000","74,500,000","114,100,000","144,000,000","78,500,000","103,200,000","98,200,000","130,500,000","48,400,000","80,500,000","81,000,000","86,400,000","38,700,000","32,700,000","25,500,000","35,400,000","-192,600,000","-139,700,000","-33,800,000","-28,900,000","-26,900,000","19,400,000"
			NetIncomeContinuousOperations,"5,645,000,000","904,000,000","1,283,000,000","1,667,000,000","1,790,000,000","1,224,000,000","758,000,000","811,000,000","666,000,000","518,000,000","722,000,000","899,000,000","1,136,300,000","499,600,000","784,400,000","911,300,000","1,209,700,000","-534,700,000","510,700,000","642,300,000","802,200,000","193,200,000","284,500,000","488,600,000","494,700,000","253,800,000","351,500,000","511,700,000","690,800,000","386,900,000","649,800,000","850,900,000","981,200,000","681,300,000","807,000,000","996,600,000","1,084,300,000","649,600,000","688,900,000","790,200,000","1,058,100,000","534,400,000","672,000,000","714,800,000","906,700,000","514,300,000","459,400,000","619,500,000","549,800,000","245,600,000","-222,800,000","420,000,000","472,300,000","203,900,000","345,100,000","575,200,000","763,500,000","369,100,000","422,200,000","537,200,000","623,600,000","238,700,000","276,600,000","435,700,000","517,000,000","223,900,000","232,900,000","387,100,000","604,000,000","222,800,000","356,700,000","401,400,000","477,300,000","170,800,000","70,700,000","247,500,000","256,900,000","68,000,000","68,000,000","147,600,000","141,800,000","-38,100,000","-320,100,000","71,800,000","127,800,000","56,400,000","71,100,000","172,400,000","203,700,000","37,700,000","-29,500,000","68,900,000","150,100,000","49,700,000","162,100,000","290,800,000","365,200,000","203,300,000","211,300,000","252,700,000","319,500,000","176,700,000","173,900,000","204,400,000","272,700,000","166,200,000","150,600,000","180,100,000","237,000,000","138,400,000","169,600,000","157,700,000","189,300,000","87,000,000","81,700,000","100,100,000","30,200,000","-27,600,000","4,200,000","9,100,000","44,000,000","-19,900,000","-81,500,000","31,300,000","73,100,000","-43,100,000","74,500,000","114,100,000","144,000,000","78,500,000","103,200,000","98,200,000","130,500,000","48,400,000","80,500,000","81,000,000","86,400,000","38,700,000","32,700,000","25,500,000","35,400,000","-192,600,000","-139,700,000","-33,800,000","-28,900,000","-26,900,000","19,400,000"
			NetIncomeDiscontinuousOperations,,,,,,,,,,,,,,,,,,,,,,,,,,,,,,,,,,,,,,,,,,,,,,,,,,,,,,,,,,,,,,,"700,000","300,000","227,600,000","12,000,000",,,,,,,,,,,,,,,,,,,,,,,,,,,,,,,,,,,,,,,,,,,,,,,,,,,,,,,,,,,,,,,,,,,,,,,,,,,,,,,,,
		MinorityInterests,,"-1,000,000","0",,,,"0",,,"-1,000,000","-1,000,000",,"-1,400,000","-1,100,000","400,000","-1,000,000","-1,400,000","-400,000","-400,000","-500,000","200,000","600,000","800,000","200,000","700,000","600,000","-300,000","-100,000","-300,000","-100,000","-600,000","-200,000","-500,000","-200,000","-200,000","-100,000","-100,000","100,000","-1,300,000","-2,200,000","-1,900,000","-1,500,000","-2,400,000","-2,500,000","-2,400,000","-600,000","-2,100,000","-2,500,000","-2,300,000","-2,400,000",,,,,,,,,,,,,,,,,,,,,,,,,,,,,,,,,,,,,,,,,,,,,,,,,,,,,,,,,,,,,,,,,,,,,,,,,,,,,,,,,,,,,,,,,,,,,,,,,
	OtherunderPreferredStockDividend,,,,,,,,,,,,,,"100,000","100,000","100,000","200,000","0","200,000","200,000","200,000","100,000","100,000","300,000","200,000","100,000","200,000","200,000","300,000","100,000","200,000","300,000","400,000","200,000","100,000","200,000","300,000","100,000","100,000","200,000","300,000","200,000","200,000","300,000","300,000","100,000","200,000","200,000","200,000","100,000",,,,,,,,,,,,,,,,,,,,,,,,,,,,,,,,,,,,,,,,,,,,,,,,,,,,,,,,,,,,,,,,,,,,,,,,,,,,,,,,,,,,,,,,,,,,,,,,,
DilutedNIAvailtoComStockholders,"5,642,000,000","903,000,000","1,283,000,000","1,667,000,000","1,790,000,000","1,224,000,000","758,000,000","811,000,000","666,000,000","517,000,000","721,000,000","899,000,000","1,134,900,000","498,400,000","784,700,000","910,200,000","1,208,100,000","-535,100,000","510,100,000","641,600,000","802,200,000","193,700,000","285,200,000","488,500,000","495,200,000","254,300,000","351,000,000","511,400,000","690,200,000","386,700,000","649,000,000","850,400,000","980,300,000","680,900,000","806,700,000","996,300,000","1,083,900,000","649,600,000","687,500,000","787,800,000","1,055,900,000","532,700,000","669,400,000","712,000,000","904,000,000","513,600,000","457,100,000","616,800,000","547,300,000","243,100,000","-222,800,000","420,000,000","472,300,000","203,900,000","345,100,000","575,200,000","763,500,000","369,100,000","422,200,000","537,200,000","623,600,000","238,700,000","277,300,000","436,000,000","744,600,000","235,900,000","232,900,000","387,100,000","604,000,000","222,800,000","356,700,000","401,400,000","477,300,000","170,800,000","70,700,000","247,500,000","256,900,000","68,000,000","68,000,000","147,600,000","141,800,000","-38,100,000","-320,100,000","71,800,000","127,800,000","56,400,000","71,100,000","172,400,000","203,700,000","37,700,000","-29,500,000","68,900,000","150,100,000","49,700,000","162,100,000","290,800,000","365,200,000","203,300,000","211,300,000","252,700,000","319,500,000","176,700,000","173,900,000","204,400,000","272,700,000","166,200,000","150,600,000","180,100,000","237,000,000","138,400,000","169,600,000","157,700,000","189,300,000","87,000,000","-1,023,600,000","100,100,000","30,200,000","-27,600,000","4,200,000","9,100,000","44,000,000","-19,900,000","-81,500,000","31,300,000","73,100,000","-43,100,000","74,500,000","114,100,000","144,000,000","78,500,000","103,200,000","98,200,000","130,500,000","48,400,000",,,,,,,,,,,,,
BasicEPS,,"2.94","4.15","5.36","5.72","3.9","2.41","2.59","2.13","1.65","2.3","2.84","3.57","1.56","2.45","2.81","3.73","-1.66","1.59","2","2.51","0.61","0.91","1.55","1.57","0.8","1.09","1.54","2.05","1.13","1.84","2.35","2.67","1.83","2.13","2.58","2.79","1.67","1.76","2","2.64","1.32","1.63","1.71","2.15","1.22","1.08","1.45","1.29","0.57","-0.53","0.99","1.12","0.48",,"1.34","1.76","0.84",,"1.2","1.375","0.525",,"0.935","1.58","0.5",,"0.8","1.23","0.45",,"0.805","0.965","0.35",,"0.515","0.54","0.14",,"0.31","0.3","-0.08",,"0.15","0.275","0.12",,"0.37","0.435","0.08",,"0.15","0.325","0.105",,"0.6","0.74","0.405",,"0.5","0.625","0.345",,"0.395","0.52","0.315",,"0.345","0.455","0.265",,"0.305","0.365","0.17",,"0.22","0.065","-0.06",,"0.02","0.095","-0.045",,"0.07","0.16","-0.095",,"0.25","0.315","0.175",,"0.215","0.29","0.11",,"0.19","0.21","0.095",,"0.065","0.085","-0.475",,"-0.085","-0.07","-0.065",
DilutedEPS,,"2.92","4.12","5.32","5.68","3.87","2.39","2.57","2.11","1.63","2.27","2.81","3.52","1.54","2.42","2.78","3.67","-1.66","1.57","1.97","2.49","0.61","0.9","1.55","1.56","0.8","1.08","1.53","2.03","1.12","1.83","2.33","2.65","1.81","2.11","2.56","2.76","1.65","1.75","1.98","2.61","1.3","1.62","1.69","2.12","1.2","1.07","1.44","1.28","0.57","-0.53","0.99","1.11","0.48",,"1.32","1.74","0.83",,"1.185","1.36","0.52",,"0.925","1.565","0.495",,"0.79","1.215","0.445",,"0.79","0.94","0.34",,"0.51","0.535","0.14",,"0.305","0.295","-0.08",,"0.15","0.27","0.12",,"0.36","0.435","0.08",,"0.145","0.325","0.105",,"0.595","0.725","0.405",,"0.495","0.62","0.34",,"0.395","0.52","0.315",,"0.345","0.455","0.265",,"0.305","0.365","0.17",,"0.22","0.065","-0.06",,"0.02","0.095","-0.045",,"0.07","0.16","-0.095",,"0.25","0.315","0.175",,"0.215","0.29","0.11",,"0.185","0.21","0.095",,"0.065","0.085","-0.475",,"-0.085","-0.07","-0.065",
BasicAverageShares,,"307,400,000","309,100,000","311,000,000","312,800,000","313,500,000","314,100,000","313,000,000","313,200,000","313,500,000","313,900,000","315,900,000","317,900,000","318,500,000","320,300,000","323,500,000","324,200,000","322,800,000","321,600,000","320,800,000","319,200,000","316,700,000","314,600,000","314,300,000","315,100,000","316,400,000","323,000,000","331,400,000","337,100,000","343,100,000","352,300,000","361,900,000","366,600,000","371,900,000","378,800,000","386,000,000","389,200,000","388,400,000","389,500,000","394,700,000","400,200,000","404,000,000","410,400,000","417,400,000","420,700,000","421,800,000","423,600,000","424,500,000","424,400,000","423,600,000","423,100,000","422,900,000","422,700,000","422,500,000",,"429,300,000","433,700,000","437,700,000",,"447,600,000","453,000,000","454,400,000",,"467,400,000","470,600,000","471,800,000",,"483,400,000","490,800,000","494,200,000",,"498,633,540","494,611,399","488,000,000",,"480,582,524","475,740,741","485,714,286",,"476,129,032","472,666,667","476,250,000",,"478,666,667","464,727,273","470,000,000",,"465,945,946","468,275,862","471,250,000",,"459,333,333","461,846,154","473,333,333",,"484,666,667","493,513,514","501,975,309",,"505,400,000","511,200,000","512,173,913",,"517,468,354","524,423,077","527,619,048",,"522,028,986","520,879,121","522,264,151",,"517,049,180","518,630,137","511,764,706",,"455,000,000","464,615,385","460,000,000",,"455,000,000","463,157,895","442,222,222",,"447,142,857","456,875,000","453,684,211",,"456,400,000","457,142,857","448,571,429",,"456,744,186","450,000,000","440,000,000",,"413,172,000","408,480,000","408,480,000",,"407,676,000","407,658,000","407,658,000",,"407,634,000","407,538,000","407,436,000",
DilutedAverageShares,,"309,400,000","311,500,000","313,400,000","315,200,000","316,100,000","317,100,000","315,800,000","316,200,000","317,200,000","317,900,000","319,800,000","322,200,000","322,700,000","324,700,000","328,000,000","329,200,000","322,800,000","325,800,000","325,100,000","322,500,000","319,800,000","316,200,000","315,700,000","316,500,000","317,600,000","324,600,000","334,100,000","339,700,000","345,700,000","354,800,000","365,100,000","369,800,000","375,400,000","382,200,000","389,600,000","393,100,000","393,000,000","393,900,000","398,800,000","404,700,000","408,400,000","414,500,000","422,000,000","426,400,000","427,500,000","429,100,000","429,000,000","429,000,000","427,500,000","423,100,000","424,800,000","423,700,000","423,700,000",,"434,400,000","439,600,000","444,200,000",,"453,600,000","458,600,000","459,600,000",,"471,800,000","476,200,000","477,000,000",,"489,400,000","497,400,000","502,000,000",,"508,101,266","507,765,957","502,352,941",,"485,294,118","480,186,916","485,714,286",,"483,934,426","480,677,966","476,250,000",,"478,666,667","473,333,333","470,000,000",,"478,888,889","468,275,862","471,250,000",,"475,172,414","461,846,154","473,333,333",,"488,739,496","503,724,138","501,975,309",,"510,505,051","515,322,581","519,705,882",,"517,468,354","524,423,077","527,619,048",,"522,028,986","520,879,121","522,264,151",,"517,049,180","518,630,137","511,764,706",,"455,000,000","464,615,385","460,000,000",,"455,000,000","463,157,895","442,222,222",,"447,142,857","456,875,000","453,684,211",,"456,400,000","457,142,857","448,571,429",,"456,744,186","450,000,000","440,000,000",,"413,172,000","408,480,000","408,480,000",,"407,676,000","407,658,000","407,658,000",,"407,634,000","407,538,000","407,436,000",
TotalExpenses,"36,920,000,000","8,418,000,000","9,378,000,000","9,377,000,000","9,746,000,000","7,584,000,000","8,360,000,000","7,655,000,000","8,325,000,000","7,062,000,000","8,779,000,000","8,923,000,000","9,869,000,000","7,306,400,000","8,114,900,000","9,118,200,000","9,336,300,000","6,395,600,000","7,021,500,000","6,917,900,000","7,117,700,000","5,297,200,000","5,820,600,000","6,019,300,000","7,142,100,000","5,173,300,000","6,030,300,000","6,855,200,000","7,153,700,000","5,815,500,000","7,654,000,000","8,208,000,000","8,484,100,000","6,689,100,000","8,047,700,000","8,460,600,000","9,169,700,000","6,475,300,000","8,489,700,000","8,375,700,000","8,411,600,000","5,966,200,000","7,394,800,000","7,292,800,000","7,569,000,000","5,373,200,000","6,329,600,000","5,915,200,000","6,142,000,000","4,470,500,000","5,301,800,000","5,375,400,000","6,135,800,000","4,872,200,000","7,565,600,000","6,599,500,000","6,650,500,000","4,218,900,000","5,213,400,000","5,539,800,000","5,709,700,000","3,792,700,000","4,474,600,000","5,323,800,000","5,525,900,000","3,632,100,000","4,627,600,000","5,225,300,000","5,546,400,000","3,614,500,000","4,532,200,000","4,689,800,000","4,984,000,000","3,074,200,000","3,688,500,000","3,868,900,000","3,841,200,000","2,536,100,000","3,182,000,000","3,521,900,000","3,589,700,000","2,413,700,000","3,543,700,000","3,260,100,000","3,359,700,000","2,388,600,000","3,093,000,000","3,180,700,000","3,276,400,000","2,132,700,000","2,714,400,000","2,771,900,000","3,094,800,000","2,248,100,000","2,840,600,000","3,118,000,000","3,373,000,000","2,410,500,000","3,017,000,000","2,919,700,000","2,909,600,000","2,015,800,000","2,532,700,000","2,487,700,000","2,559,800,000","1,960,500,000","2,357,700,000","2,316,100,000","2,225,500,000","1,626,700,000","2,181,600,000","2,008,300,000","2,093,800,000","1,522,200,000","1,980,800,000","1,809,200,000","1,845,400,000","1,369,500,000","1,791,700,000","1,635,800,000","1,690,900,000","1,385,400,000","1,720,200,000","1,633,700,000","1,707,200,000","1,388,300,000","1,858,800,000","1,774,800,000","1,798,200,000","1,426,500,000","2,106,400,000","1,561,800,000","1,497,100,000","1,214,600,000",,,,,,,,,,,,,
NetIncomeFromContinuingAndDiscontinuedOperation,"5,642,000,000","903,000,000","1,283,000,000","1,667,000,000","1,790,000,000","1,224,000,000","758,000,000","811,000,000","666,000,000","517,000,000","721,000,000","899,000,000","1,134,900,000","498,500,000","784,800,000","910,300,000","1,208,300,000","-535,100,000","510,300,000","641,800,000","802,400,000","193,800,000","285,300,000","488,800,000","495,400,000","254,400,000","351,200,000","511,600,000","690,500,000","386,800,000","649,200,000","850,700,000","980,700,000","681,100,000","806,800,000","996,500,000","1,084,200,000","649,700,000","687,600,000","788,000,000","1,056,200,000","532,900,000","669,600,000","712,300,000","904,300,000","513,700,000","457,300,000","617,000,000","547,500,000","243,200,000","-222,800,000","420,000,000","472,300,000","203,900,000","345,100,000","575,200,000","763,500,000","369,100,000","422,200,000","537,200,000","623,600,000","238,700,000","277,300,000","436,000,000","744,600,000","235,900,000","232,900,000","387,100,000","604,000,000","222,800,000","356,700,000","401,400,000","477,300,000","170,800,000","70,700,000","247,500,000","256,900,000","68,000,000","68,000,000","147,600,000","141,800,000","-38,100,000","-320,100,000","71,800,000","127,800,000","56,400,000","71,100,000","172,400,000","203,700,000","37,700,000","-29,500,000","68,900,000","150,100,000","49,700,000","162,100,000","290,800,000","365,200,000","203,300,000","211,300,000","252,700,000","319,500,000","176,700,000","173,900,000","204,400,000","272,700,000","166,200,000","150,600,000","180,100,000","237,000,000","138,400,000","169,600,000","157,700,000","189,300,000","87,000,000","81,700,000","100,100,000","30,200,000","-27,600,000","4,200,000","9,100,000","44,000,000","-19,900,000","-81,500,000","31,300,000","73,100,000","-43,100,000","74,500,000","114,100,000","144,000,000","78,500,000","103,200,000","98,200,000","130,500,000","48,400,000",,,,,,,,,,,,,
NormalizedIncome,"5,559,474,048.443","903,000,000","1,283,000,000","1,667,000,000","1,790,000,000","1,224,000,000","758,000,000","811,000,000","666,000,000","517,000,000","721,000,000","899,000,000","1,134,900,000","498,500,000","784,800,000","910,300,000","1,208,300,000","-535,100,000","510,300,000","641,800,000","802,400,000","193,800,000","285,300,000","488,800,000","495,400,000","254,400,000","351,200,000","511,600,000","690,500,000","386,800,000","649,200,000","850,700,000","980,700,000","681,100,000","806,800,000","996,500,000","1,084,200,000","649,700,000","687,600,000","788,000,000","1,056,200,000","532,900,000","669,600,000","712,300,000","904,300,000","513,700,000","457,300,000","617,000,000","547,500,000","243,200,000","-222,800,000","420,000,000","472,300,000","203,900,000","584,135,491.35","473,747,629.459","686,902,072.94","377,941,956.726","319,813,031.528","450,050,317.836","537,124,898.785","155,638,505.747","179,790,612.245","354,938,678.414","441,135,659.705","153,294,883.858","155,455,374.887","331,252,014.401","548,097,116.996","166,554,645.441","299,092,859.863","348,286,655.261","417,480,749.528","108,639,206.712","22,334,121.274","203,819,092.628","225,370,969.362","30,616,113.744","33,080,000","118,800,000","94,171,136.654","-88,380,000","-343,432,221.247","49,180,000","98,932,091.691","15,335,730.337","28,867,669.173","139,543,921.139","183,360,000","16,433,333.333","-90,700,000","25,580,000","126,695,231.959","31,633,202.1","77,987,657.431","269,459,874.327","344,455,820.477","189,181,065.089","142,873,314.34","231,250,829.003","306,926,210.153","163,328,783.593","152,124,800.555","187,186,026.201","255,580,676.779","152,056,680.786","95,782,906.725","154,408,501.441","79,105,643.22","234,138,621","151,120,899.573","146,972,545.825","179,175,983.855","75,988,156.921","63,846,492.806","88,665,600.522","86,000,000","-36,505,418.719","-1,380,000","4,720,000","38,650,455.927","-28,300,000","47,671,207.993","26,949,170.124","70,854,112.983","-46,111,645.963","68,209,978.07","111,413,713.949","134,515,769.944","69,672,961.373","-389,100,000","54,838,017.751","90,857,142.857","45,266,187.05",,,,,,,,,,,,,
EBIT,"7,119,000,000","1,151,000,000","1,507,000,000","2,150,000,000","2,312,000,000","1,528,000,000","1,090,000,000","1,270,000,000","928,000,000","569,000,000","800,000,000","1,113,000,000","1,473,400,000","677,200,000","964,600,000","1,190,100,000","1,383,700,000","517,900,000","374,100,000","889,900,000","1,169,300,000","328,000,000","418,500,000","705,100,000","733,300,000","351,200,000","431,500,000","738,500,000","1,017,000,000","567,600,000","1,059,600,000","1,292,200,000","1,463,800,000","964,900,000","1,228,400,000","1,549,300,000","1,743,800,000","946,100,000","1,108,000,000","1,214,700,000","1,597,000,000","800,300,000","1,046,100,000","1,079,100,000","1,340,700,000","746,000,000","740,300,000","921,700,000","988,900,000","364,300,000","-63,900,000","509,200,000","612,000,000","273,700,000","-309,200,000","1,139,200,000","1,446,200,000","982,100,000","927,500,000","1,093,900,000","1,172,800,000","632,500,000","642,900,000","942,900,000","503,100,000","570,000,000","549,400,000","779,800,000","1,075,000,000","512,600,000","674,700,000","728,600,000","893,000,000","409,600,000","250,900,000","532,700,000","558,800,000","257,500,000","287,400,000","447,100,000","396,800,000","108,400,000","-291,500,000","324,200,000","416,400,000","230,000,000","225,400,000","403,700,000","479,400,000","172,300,000","-26,100,000","196,600,000","339,300,000","182,600,000","251,700,000","551,300,000","667,200,000","413,500,000","326,300,000","480,800,000","591,900,000","356,300,000","352,700,000","393,100,000","505,000,000","336,300,000","248,400,000","337,700,000","227,400,000","463,800,000","312,700,000","306,400,000","352,700,000","189,200,000","173,400,000","226,200,000","247,900,000","41,300,000","97,500,000","112,800,000","162,300,000","54,300,000","176,000,000","151,300,000","212,500,000","45,100,000","200,500,000","277,600,000","309,300,000","201,900,000","-370,000,000","123,900,000","173,300,000","155,900,000","-3,596,400,000","1,388,000,000","1,450,000,000","1,045,400,000","-3,052,500,000","1,195,300,000","1,143,400,000","478,400,000","-3,185,500,000","973,300,000","1,023,600,000","701,300,000","-2,940,600,000"
EBITDA,"9,117,000,000"
ReconciledCostOfRevenue,"31,159,000,000","6,924,000,000","8,221,000,000","7,818,000,000","8,196,000,000","6,076,000,000","6,937,000,000","6,125,000,000","6,636,000,000","5,413,000,000","7,352,000,000","7,244,000,000","8,105,500,000","5,784,600,000","6,914,300,000","7,443,800,000","7,637,000,000","4,990,800,000","5,843,200,000","5,481,400,000","5,671,600,000","4,004,900,000","4,744,400,000","4,694,900,000","5,722,000,000","4,013,300,000","4,993,300,000","5,529,500,000","5,859,700,000","4,600,700,000","6,420,600,000","6,765,200,000","7,037,600,000","5,367,200,000","6,663,000,000","7,020,500,000","7,673,200,000","5,194,900,000","7,163,400,000","6,950,900,000","7,030,200,000","4,768,100,000","6,221,500,000","5,976,500,000","6,299,200,000","4,296,600,000","5,445,000,000","4,712,700,000","4,972,500,000","3,424,000,000","4,504,900,000","4,306,900,000","5,025,800,000","3,817,000,000","6,714,500,000","5,421,900,000","5,508,600,000","3,361,800,000","4,054,200,000","4,542,900,000","4,705,500,000","2,950,200,000","3,524,200,000","4,398,800,000","4,542,700,000","2,896,300,000","4,118,000,000","4,397,800,000","4,778,100,000","2,918,000,000","3,693,300,000","3,915,400,000","4,164,000,000","2,445,100,000","2,915,500,000","3,204,300,000","3,191,100,000","1,977,800,000","2,519,200,000","2,847,900,000","2,891,300,000","1,811,900,000","2,705,500,000","2,627,400,000","2,714,100,000","1,805,400,000","1,733,900,000","2,570,500,000","2,678,600,000","1,624,400,000","1,550,100,000","2,165,200,000","2,488,800,000","1,696,500,000","1,779,200,000","2,538,700,000","2,779,100,000","1,894,100,000","1,996,800,000","2,329,300,000","2,339,600,000","1,543,700,000","1,601,700,000","1,977,300,000","2,055,100,000","1,514,800,000","1,666,600,000","1,820,800,000","1,888,300,000","1,339,200,000","1,430,400,000","1,574,000,000","1,655,400,000","1,128,800,000","1,293,000,000","1,408,200,000","1,449,500,000","1,003,700,000","1,126,700,000","1,247,700,000","1,304,700,000","1,002,700,000","1,097,500,000","1,244,500,000","1,340,500,000","1,033,200,000","1,289,500,000","1,411,700,000","1,448,300,000","1,108,700,000","1,351,200,000","1,328,700,000","1,260,600,000","934,000,000",,,,,,,,,,,,,
ReconciledDepreciation,"1,998,000,000","486,000,000","481,000,000","515,000,000","516,000,000","538,000,000","504,000,000","547,000,000","529,000,000","538,000,000","497,000,000","505,500,000","513,200,000","503,300,000","482,300,000","494,000,000","487,600,000","463,200,000","436,500,000","435,900,000","427,400,000","415,700,000","401,400,000","396,600,000","387,600,000","374,200,000","353,200,000","346,300,000","340,000,000","342,900,000","349,100,000","327,100,000","287,200,000","343,100,000","299,100,000","286,800,000","277,300,000","277,100,000","261,500,000","244,000,000","255,400,000","243,300,000","237,000,000","229,200,000","229,700,000","219,000,000","221,900,000","229,500,000","222,000,000","241,400,000","220,100,000","222,500,000","213,800,000","216,900,000","204,100,000","218,800,000","208,400,000","199,700,000","190,900,000","186,100,000","181,700,000","185,700,000","188,900,000","170,600,000","170,700,000","161,200,000","164,700,000","158,000,000","153,500,000","160,300,000",,,,,,,,,,,,,,,,,,,,,,,,,,,,,,,,,,,,,,,,,,,,,,,,,,,,,,,,,,,,,"60,400,000","44,000,000","44,300,000",,,,,,,,,,,,,,
NetIncomeFromContinuingOperationNetMinorityInterest,"5,642,000,000","903,000,000","1,283,000,000","1,667,000,000","1,790,000,000","1,224,000,000","758,000,000","811,000,000","666,000,000","517,000,000","721,000,000","899,000,000","1,134,900,000","498,500,000","784,800,000","910,300,000","1,208,300,000","-535,100,000","510,300,000","641,800,000","802,400,000","193,800,000","285,300,000","488,800,000","495,400,000","254,400,000","351,200,000","511,600,000","690,500,000","386,800,000","649,200,000","850,700,000","980,700,000","681,100,000","806,800,000","996,500,000","1,084,200,000","649,700,000","687,600,000","788,000,000","1,056,200,000","532,900,000","669,600,000","712,300,000","904,300,000","513,700,000","457,300,000","617,000,000","547,500,000","243,200,000","-222,800,000","420,000,000","472,300,000","203,900,000","345,100,000","575,200,000","763,500,000","369,100,000","422,200,000","537,200,000","623,600,000","238,700,000","276,600,000","435,700,000","517,000,000","223,900,000","232,900,000","387,100,000","604,000,000","222,800,000","356,700,000","401,400,000","477,300,000","170,800,000","70,700,000","247,500,000","256,900,000","68,000,000","68,000,000","147,600,000","141,800,000","-38,100,000","-320,100,000","71,800,000","127,800,000","56,400,000","71,100,000","172,400,000","203,700,000","37,700,000","-29,500,000","68,900,000","150,100,000","49,700,000","162,100,000","290,800,000","365,200,000","203,300,000","211,300,000","252,700,000","319,500,000","176,700,000","173,900,000","204,400,000","272,700,000","166,200,000","150,600,000","180,100,000","237,000,000","138,400,000","169,600,000","157,700,000","189,300,000","87,000,000","81,700,000","100,100,000","30,200,000","-27,600,000","4,200,000","9,100,000","44,000,000","-19,900,000","-81,500,000","31,300,000","73,100,000","-43,100,000","74,500,000","114,100,000","144,000,000","78,500,000","103,200,000","98,200,000","130,500,000","48,400,000",,,,,,,,,,,,,
TotalUnusualItemsExcludingGoodwill,"106,000,000",,,,,,,,,,,,,,,,,,,,,,,,,,,,,,,,,,,,,,,,,,,,,,,,,,,,,,"-397,000,000","156,900,000","118,500,000","-13,000,000","152,300,000","131,900,000","126,200,000","127,900,000","137,100,000","126,900,000","115,600,000","107,200,000","110,100,000","84,900,000","83,700,000","86,100,000","84,300,000","78,100,000","92,600,000","96,100,000","72,400,000","66,400,000","48,700,000","58,000,000","58,200,000","48,000,000","78,900,000","83,800,000","35,600,000","37,700,000","47,300,000","64,800,000","55,300,000","52,200,000","33,900,000","33,000,000","102,000,000","72,200,000","36,300,000","27,700,000","123,600,000","32,700,000","32,400,000","22,300,000","102,300,000","34,300,000","20,000,000","21,400,000","36,100,000","27,000,000","26,900,000","22,100,000","83,900,000","39,600,000","249,100,000","-153,500,000","28,100,000","16,700,000","15,900,000","17,100,000","24,300,000","17,500,000","-93,000,000","13,100,000","9,300,000","7,300,000","8,000,000","14,000,000","-174,500,000","6,700,000","3,100,000","4,500,000","7,700,000","4,000,000","14,200,000","13,100,000","820,500,000","59,700,000","55,500,000","4,500,000",,,,,,,,,,,,,
TotalUnusualItems,"106,000,000",,,,,,,,,,,,,,,,,,,,,,,,,,,,,,,,,,,,,,,,,,,,,,,,,,,,,,"-397,000,000","156,900,000","118,500,000","-13,000,000","152,300,000","131,900,000","126,200,000","127,900,000","137,100,000","126,900,000","115,600,000","107,200,000","110,100,000","84,900,000","83,700,000","86,100,000","84,300,000","78,100,000","92,600,000","96,100,000","72,400,000","66,400,000","48,700,000","58,000,000","58,200,000","48,000,000","78,900,000","83,800,000","35,600,000","37,700,000","47,300,000","64,800,000","55,300,000","52,200,000","33,900,000","33,000,000","102,000,000","72,200,000","36,300,000","27,700,000","123,600,000","32,700,000","32,400,000","22,300,000","102,300,000","34,300,000","20,000,000","21,400,000","36,100,000","27,000,000","26,900,000","22,100,000","83,900,000","39,600,000","249,100,000","-153,500,000","28,100,000","16,700,000","15,900,000","17,100,000","24,300,000","17,500,000","-93,000,000","13,100,000","9,300,000","7,300,000","8,000,000","14,000,000","-174,500,000","6,700,000","3,100,000","4,500,000","7,700,000","4,000,000","14,200,000","13,100,000","820,500,000","59,700,000","55,500,000","4,500,000",,,,,,,,,,,,,
NormalizedEBITDA,"9,011,000,000","1,637,000,000","1,988,000,000","2,665,000,000","2,828,000,000","2,066,000,000","1,594,000,000","1,817,000,000","1,457,000,000","1,107,000,000","1,297,000,000","1,618,500,000","1,986,600,000","1,180,500,000","1,446,900,000","1,684,100,000","1,871,300,000","981,100,000","810,600,000","1,325,800,000","1,596,700,000","743,700,000","819,900,000","1,101,700,000","1,120,900,000","725,400,000","784,700,000","1,084,800,000","1,357,000,000","910,500,000","1,408,700,000","1,619,300,000","1,751,000,000","1,308,000,000","1,527,500,000","1,836,100,000","2,021,100,000","1,223,200,000","1,369,500,000","1,458,700,000","1,852,400,000","1,043,600,000","1,283,100,000","1,308,300,000","1,570,400,000","965,000,000","962,200,000","1,151,200,000","1,210,900,000","605,700,000","156,200,000","731,700,000","825,800,000","490,600,000","291,900,000","1,201,100,000","1,536,100,000","1,194,800,000","966,100,000","1,148,100,000","1,228,300,000","690,300,000","694,700,000","986,600,000","558,200,000","624,000,000","604,000,000","852,900,000","1,144,800,000","586,800,000","590,400,000","650,500,000","800,400,000","313,500,000","178,500,000","466,300,000","510,100,000","199,500,000","229,200,000","399,100,000","317,900,000","24,600,000","-327,100,000","286,500,000","369,100,000","165,200,000","170,100,000","351,500,000","445,500,000","139,300,000","-128,100,000","124,400,000","303,000,000","154,900,000","128,100,000","518,600,000","634,800,000","391,200,000","224,000,000","446,500,000","571,900,000","334,900,000","316,600,000","366,100,000","478,100,000","314,200,000","164,500,000","298,100,000","-21,700,000","617,300,000","284,600,000","289,700,000","336,800,000","172,100,000","149,100,000","208,700,000","340,900,000","28,200,000","88,200,000","105,500,000","154,300,000","40,300,000","350,500,000","144,600,000","209,400,000","40,600,000","192,800,000","273,600,000","295,100,000","188,800,000","-1,130,100,000","108,400,000","162,100,000","151,400,000","-3,596,400,000","1,388,000,000","1,450,000,000","1,045,400,000","-3,052,500,000","1,195,300,000","1,143,400,000","478,400,000","-3,185,500,000","973,300,000","1,023,600,000","701,300,000","-2,940,600,000"
TaxRateForCalcs,"0.221","0.217","0.205","0.228","0.229","0.202","0.296","0.36","0.264","0.088","0.126","0.199","0.233","0.272","0.208","0.243","0.128","0.27","0.29","0.285","0.318","0.4","0.323","0.321","0.324","0.272","0.229","0.326","0.319","0.3","0.387","0.348","0.327","0.291","0.351","0.357","0.382","0.305","0.379","0.351","0.339","0.333","0.362","0.342","0.327","0.311","0.393","0.334","0.35","0.302","0.35","0.173","0.224","0.269","0.398","0.353","0.354","0.32","0.328","0.339","0.315","0.351","0.294","0.364","0.344","0.341","0.297","0.342","0.332","0.347","0.317","0.32","0.354","0.353","0.332","0.342","0.353","0.355","0.4","0.4","0.396","0.4","0.345","0.4","0.39","0.366","0.236","0.371","0.4","0.356","0.4","0.4","0.355","0.348","0.319","0.347","0.36","0.367","0.331","0.375","0.371","0.375","0.397","0.362","0.364","0.36","0.347","0.351","0.366","0.376","0.342","0.358","0.363","0.356","0.265","0.347","0.4","0.32","0.4","0.4","0.331","0.4","0.26","0.351","0.276","0.331","0.183","0.328","0.332","0.326","0.4","0.274","0.286","0.304",,,,,,,,,,,,,
TaxEffectOfUnusualItems,"23,474,048.443","0","0","0","0","0","0","0","0","0","0","0","0","0","0","0","0","0","0","0","0","0","0","0","0","0","0","0","0","0","0","0","0","0","0","0","0","0","0","0","0","0","0","0","0","0","0","0","0","0","0","0","0","0","-157,964,508.65","55,447,629.459","41,902,072.94","-4,158,043.274","49,913,031.528","44,750,317.836","39,724,898.785","44,838,505.747","40,290,612.245","46,138,678.414","39,735,659.705","36,594,883.858","32,655,374.887","29,052,014.401","27,797,116.996","29,854,645.441","26,692,859.863","24,986,655.261","32,780,749.528","33,939,206.712","24,034,121.274","22,719,092.628","17,170,969.362","20,616,113.744","23,280,000","19,200,000","31,271,136.654","33,520,000","12,267,778.753","15,080,000","18,432,091.691","23,735,730.337","13,067,669.173","19,343,921.139","13,560,000","11,733,333.333","40,800,000","28,880,000","12,895,231.959","9,633,202.1","39,487,657.431","11,359,874.327","11,655,820.477","8,181,065.089","33,873,314.34","12,850,829.003","7,426,210.153","8,028,783.593","14,324,800.555","9,786,026.201","9,780,676.779","7,956,680.786","29,082,906.725","13,908,501.441","91,205,643.22","-57,761,379","9,620,899.573","5,972,545.825","5,775,983.855","6,088,156.921","6,446,492.806","6,065,600.522","-37,200,000","4,194,581.281","3,720,000","2,920,000","2,650,455.927","5,600,000","-45,328,792.007","2,349,170.124","854,112.983","1,488,354.037","1,409,978.07","1,313,713.949","4,715,769.944","4,272,961.373","328,200,000","16,338,017.751","15,857,142.857","1,366,187.05",,,,,,,,,,,,,