name,ttm,01/31/2022,10/31/2021,07/31/2021,04/30/2021,01/31/2021,10/31/2020,07/31/2020,04/30/2020,01/31/2020,10/31/2019,07/31/2019,04/30/2019,01/31/2019,10/31/2018,07/31/2018,04/30/2018,01/31/2018,10/31/2017,07/31/2017,04/30/2017,01/31/2017,10/31/2016,07/31/2016,04/30/2016,01/31/2016,10/31/2015,07/31/2015,04/30/2015,01/31/2015,10/31/2014,07/31/2014,04/30/2014,01/31/2014,10/31/2013,07/31/2013,04/30/2013,01/31/2013,10/31/2012,07/31/2012,04/30/2012,01/31/2012,10/31/2011,07/31/2011,04/30/2011,01/31/2011,10/31/2010,07/31/2010,04/30/2010,01/31/2010,10/31/2009,07/31/2009,04/30/2009,01/31/2009,10/31/2008,07/31/2008,04/30/2008,01/31/2008,10/31/2007,07/31/2007,04/30/2007,01/31/2007,10/31/2006,07/31/2006,04/30/2006,01/31/2006,10/31/2005,07/31/2005,04/30/2005,01/31/2005,10/31/2004,07/31/2004,04/30/2004,01/31/2004,10/31/2003,07/31/2003,04/30/2003,01/31/2003,10/31/2002,07/31/2002,04/30/2002,01/31/2002,10/31/2001,07/31/2001,04/30/2001,01/31/2001,10/31/2000,07/31/2000,04/30/2000,01/31/2000,10/31/1999,07/31/1999,04/30/1999,01/31/1999,10/31/1998,07/31/1998,04/30/1998,01/31/1998,10/31/1997,07/31/1997,04/30/1997,01/31/1997,10/31/1996,07/31/1996,04/30/1996,01/31/1996,10/31/1995,07/31/1995,04/30/1995,01/31/1995,10/31/1994,07/31/1994,04/30/1994,01/31/1994,10/31/1993,07/31/1993,04/30/1993,01/31/1993,10/31/1992,07/31/1992,04/30/1992,01/31/1992,10/31/1991,07/31/1991,04/30/1991,01/31/1991,10/31/1990,07/31/1990,04/30/1990,01/31/1990,10/31/1989,07/31/1989,04/30/1989,01/31/1989,10/31/1988,07/31/1988,04/30/1988,12/31/1987,09/30/1987,06/30/1987,03/31/1987,12/31/1986,09/30/1986,06/30/1986,03/31/1986,12/31/1985,09/30/1985
TotalRevenue,"34,220,449,000","8,651,448,000","8,517,839,000","8,650,198,000","8,400,964,000","8,414,524,000","8,199,625,000","8,684,241,000","8,448,449,000","7,157,642,000","6,991,393,000","6,981,753,000","6,623,185,000","6,649,809,000","6,417,462,000","6,443,309,000","6,114,463,000","6,129,431,000","5,903,606,000","5,828,305,000","5,609,625,000","6,009,246,000","5,320,029,000","5,391,891,000","5,265,432,000","5,286,938,000","5,067,048,000","5,095,904,000","4,918,672,000","4,939,059,000","4,724,409,000","4,724,039,000","4,522,081,000","4,493,945,000","4,381,838,000","4,394,651,000","4,233,733,000","4,207,621,000","3,964,647,000","3,948,655,000","3,901,205,000","4,185,073,000","3,595,224,000","3,575,194,000","3,451,697,000","3,486,104,000","3,223,427,000","3,214,155,000","3,111,314,000","3,185,785,000","2,928,751,000","2,901,907,000","2,779,937,000","2,845,848,000","2,598,938,000","2,609,384,000","2,403,498,000","2,559,573,000","2,312,842,000","2,347,564,000","2,275,267,000","2,553,986,000","2,213,396,000","2,251,053,000","2,151,387,000","2,480,504,000","2,057,888,000","2,066,016,000","1,977,829,000","2,197,538,000","1,879,187,000","1,836,243,000","1,747,959,000","1,966,488,000","1,685,346,000","1,651,094,000","1,569,064,000","1,759,563,000","1,497,702,000","1,453,727,000","1,389,412,000","1,586,012,000","1,309,125,000","1,225,254,000","1,202,504,000","1,441,714,000","1,094,360,000","1,017,418,000","997,079,000","1,177,764,000","950,400,000","915,200,000","844,600,000","992,989,000","781,400,000","741,400,000","705,300,000","861,125,000","649,400,000","596,800,000","520,000,000","675,198,000","509,000,000","494,400,000","455,900,000","575,388,000","437,200,000","408,200,000","343,400,000","484,809,000","359,400,000","317,300,000","287,100,000","383,100,000","272,600,000","255,600,000","221,800,000","291,700,000","223,500,000","216,900,000","188,600,000","243,000,000","189,700,000","173,300,000","148,300,000","201,900,000","164,600,000","153,000,000","133,800,000","192,000,000","145,600,000","147,600,000","129,900,000","190,100,000","153,100,000","145,600,000","124,200,000","189,500,000","136,900,000","146,000,000","116,000,000","186,200,000","134,000,000","135,900,000","108,700,000","182,000,000","138,700,000"
	OperatingRevenue,"34,220,449,000","8,651,448,000","8,517,839,000","8,650,198,000","8,400,964,000","8,414,524,000","8,199,625,000","8,684,241,000","8,448,449,000","7,157,642,000","6,991,393,000","6,981,753,000","6,623,185,000","6,649,809,000","6,417,462,000","6,443,309,000","6,114,463,000","6,129,431,000","5,903,606,000","5,828,305,000","5,609,625,000","6,009,246,000","5,320,029,000","5,391,891,000","5,265,432,000","5,286,938,000","5,067,048,000","5,095,904,000","4,918,672,000","4,939,059,000","4,724,409,000","4,724,039,000","4,522,081,000","4,493,945,000","4,381,838,000","4,394,651,000","4,233,733,000","4,207,621,000","3,964,647,000","3,948,655,000","3,901,205,000","4,185,073,000","3,595,224,000","3,575,194,000","3,451,697,000","3,486,104,000","3,223,427,000","3,214,155,000","3,111,314,000","3,185,785,000","2,928,751,000","2,901,907,000","2,779,937,000","2,845,848,000","2,598,938,000","2,609,384,000","2,403,498,000","2,559,573,000","2,312,842,000","2,347,564,000","2,275,267,000","2,553,986,000","2,213,396,000","2,251,053,000","2,151,387,000","2,480,504,000","2,057,888,000","2,066,016,000","1,977,829,000","2,197,538,000","1,879,187,000","1,836,243,000","1,747,959,000","1,966,488,000","1,685,346,000","1,651,094,000","1,569,064,000","1,759,563,000","1,497,702,000","1,453,727,000","1,389,412,000","1,586,012,000","1,309,125,000","1,225,254,000","1,202,504,000","1,441,714,000","1,094,360,000","1,017,418,000","997,079,000","1,177,764,000","950,400,000","915,200,000","844,600,000","992,989,000","781,400,000","741,400,000","705,300,000","861,125,000","649,400,000","596,800,000","520,000,000","675,198,000","509,000,000","494,400,000","455,900,000","575,388,000","437,200,000","408,200,000","343,400,000","484,809,000","359,400,000","317,300,000","287,100,000","383,100,000","272,600,000","255,600,000","221,800,000","291,700,000","223,500,000","216,900,000","188,600,000","243,000,000","189,700,000","173,300,000","148,300,000","201,900,000","164,600,000","153,000,000","133,800,000","192,000,000","145,600,000","147,600,000","129,900,000","190,100,000","153,100,000","145,600,000","124,200,000","189,500,000","136,900,000","146,000,000","116,000,000","186,200,000","134,000,000","135,900,000","108,700,000","182,000,000","138,700,000"
CostOfRevenue,"23,407,443,000","5,951,208,000","5,898,400,000","5,912,539,000","5,645,296,000","5,677,829,000","5,631,385,000","5,866,006,000","5,852,757,000","4,884,879,000","4,926,307,000","4,832,817,000","4,620,909,000","4,578,120,000","4,522,403,000","4,468,436,000","4,252,214,000","4,164,033,000","4,137,150,000","4,037,783,000","3,910,642,000","4,108,499,000","3,732,519,000","3,710,124,000","3,652,818,000","3,604,669,000","3,530,086,000","3,507,749,000","3,419,967,000","3,373,620,000","3,300,661,000","3,268,465,000","3,164,335,000","3,059,134,000","3,053,345,000","3,017,361,000","2,938,585,000","2,839,822,000","2,738,524,000","2,685,432,000","2,672,949,000","2,838,704,000","2,479,422,000","2,426,852,000","2,364,300,000","2,355,951,000","2,212,759,000","2,178,176,000","2,111,558,000","2,160,396,000","2,025,669,000","1,995,865,000","1,924,579,000","2,008,150,000","1,826,651,000","1,851,349,000","1,710,421,000","1,819,202,000","1,666,042,000","1,724,326,000","1,642,207,000","1,908,036,000","1,686,949,000","1,639,519,000","1,567,113,000","1,749,575,000","1,478,872,000","1,474,486,000","1,414,480,000","1,537,561,000","1,325,202,000","1,299,263,000","1,235,709,000","1,389,992,000","1,168,449,000","1,178,264,000","1,117,158,000","1,231,599,000","1,069,119,000","1,066,300,000","1,009,120,000","1,110,489,000","927,944,000","893,971,000","881,079,000","1,066,857,000","772,996,000","735,445,000","724,370,000","880,073,000","656,100,000","650,100,000","603,800,000","746,412,000","543,200,000","523,000,000","502,600,000","632,590,000","455,600,000","427,500,000","369,600,000","499,103,000","352,200,000","353,100,000","325,200,000","428,269,000","302,400,000","288,300,000","241,700,000","341,730,000","251,700,000","225,700,000","203,400,000","277,100,000","187,300,000","179,900,000","156,800,000","200,300,000","157,000,000","153,900,000","134,200,000","171,800,000","133,200,000","122,200,000","105,000,000","141,400,000","115,200,000","107,800,000","94,800,000","129,800,000","101,800,000","103,800,000",,,,,,,,,,,,,,,
GrossProfit,"10,813,006,000","2,700,240,000","2,619,439,000","2,737,659,000","2,755,668,000","2,736,695,000","2,568,240,000","2,818,235,000","2,595,692,000","2,272,763,000","2,065,086,000","2,148,936,000","2,002,276,000","2,071,689,000","1,895,059,000","1,974,873,000","1,862,249,000","1,965,398,000","1,766,456,000","1,790,522,000","1,698,983,000","1,900,747,000","1,587,510,000","1,681,767,000","1,612,614,000","1,682,269,000","1,536,962,000","1,588,155,000","1,498,705,000","1,565,439,000","1,423,748,000","1,455,574,000","1,357,746,000","1,434,811,000","1,328,493,000","1,377,290,000","1,295,148,000","1,367,799,000","1,226,123,000","1,263,223,000","1,228,256,000","1,346,369,000","1,115,802,000","1,148,342,000","1,087,397,000","1,130,153,000","1,010,668,000","1,035,979,000","999,756,000","1,025,389,000","903,082,000","906,042,000","855,358,000","837,698,000","772,287,000","758,035,000","693,077,000","740,371,000","646,800,000","623,238,000","633,060,000","645,950,000","526,447,000","611,534,000","584,274,000","730,929,000","579,016,000","591,530,000","563,349,000","659,977,000","553,985,000","536,980,000","512,250,000","576,496,000","516,897,000","472,830,000","451,906,000","527,964,000","428,583,000","387,427,000","380,292,000","475,523,000","381,181,000","331,283,000","321,425,000","374,857,000","321,364,000","281,973,000","272,709,000","297,691,000","294,300,000","265,100,000","240,800,000","246,577,000","238,200,000","218,400,000","202,700,000","228,535,000","193,800,000","169,300,000","150,400,000","176,095,000","156,800,000","141,300,000","130,700,000","147,119,000","134,800,000","119,900,000","101,700,000","143,079,000","107,700,000","91,600,000","83,700,000","106,000,000","85,300,000","75,700,000","65,000,000","91,400,000","66,500,000","63,000,000","54,400,000","71,200,000","56,500,000","51,100,000","43,300,000","60,500,000","49,400,000","45,200,000","39,000,000","62,200,000","43,800,000","43,800,000",,,,,,,,,,,,,,,
OperatingExpense,"7,592,331,000","1,903,571,000","1,953,851,000","1,888,091,000","1,846,818,000","1,864,471,000","1,795,110,000","1,775,608,000","1,728,908,000","1,551,888,000","1,573,669,000","1,571,161,000","1,490,039,000","1,433,186,000","1,452,916,000","1,429,397,000","1,372,065,000","1,341,952,000","1,349,025,000","1,297,376,000","1,225,188,000","1,220,129,000","1,194,519,000","1,172,670,000","1,131,871,000","1,069,840,000","1,113,103,000","1,112,343,000","1,070,511,000","998,723,000","1,029,605,000","1,027,048,000","978,038,000","896,689,000","938,252,000","964,468,000","900,148,000","845,450,000","864,734,000","876,009,000","843,932,000","838,129,000","804,885,000","798,313,000","765,779,000","721,902,000","736,334,000","735,222,000","709,033,000","746,456,000","686,843,000","672,825,000","630,489,000","617,370,000","634,055,000","614,980,000","582,504,000","553,905,000","581,097,000","675,378,000","577,692,000","562,875,000","523,108,000","530,957,000","502,989,000","498,665,000","477,404,000","470,460,000","456,428,000","439,633,000","440,029,000","428,854,000","397,700,000","391,373,000","385,551,000","370,987,000","348,955,000","350,419,000","335,152,000","313,667,000","297,304,000","312,639,000","295,103,000","276,069,000","251,990,000","280,512,000","236,524,000","215,985,000","201,878,000","155,489,000","212,300,000","197,900,000","182,900,000","128,013,000","171,900,000","163,300,000","153,300,000","123,492,000","138,200,000","125,900,000","118,900,000","92,719,000","112,300,000","104,900,000","105,200,000","83,812,000","99,800,000","89,400,000","81,700,000","89,592,000","78,800,000","68,500,000","68,000,000","70,000,000","67,600,000","59,400,000","54,900,000","63,200,000","52,100,000","51,600,000","47,500,000","51,000,000","48,400,000","44,300,000","40,700,000","45,700,000","43,300,000","39,500,000","37,300,000","49,100,000","37,800,000","37,800,000",,,,,,,,,,,,,,,
	SellingGeneralAndAdministration,"7,592,331,000","1,903,571,000","1,953,851,000","1,888,091,000","1,846,818,000","1,864,471,000","1,795,110,000","1,775,608,000","1,728,908,000","1,551,888,000","1,573,669,000","1,571,161,000","1,490,039,000","1,433,186,000","1,452,916,000","1,429,397,000","1,372,065,000","1,341,952,000","1,349,025,000","1,297,376,000","1,225,188,000","1,220,129,000","1,194,519,000","1,172,670,000","1,131,871,000","1,069,840,000","1,113,103,000","1,112,343,000","1,070,511,000","998,723,000","1,029,605,000","1,027,048,000","978,038,000","896,689,000","938,252,000","964,468,000","900,148,000","845,450,000","864,734,000","876,009,000","843,932,000","838,129,000","804,885,000","798,313,000","765,779,000","721,902,000","736,334,000","735,222,000","709,033,000","746,456,000","686,843,000","672,825,000","630,489,000","617,370,000","634,055,000","614,980,000","582,504,000","553,905,000","581,097,000","675,378,000","577,692,000","562,875,000","523,108,000","530,957,000","502,989,000","498,665,000","477,404,000","470,460,000","456,428,000","439,633,000","440,029,000","428,854,000","397,700,000","391,373,000","385,551,000","370,987,000","348,955,000","350,419,000","335,152,000","313,667,000","297,304,000","312,639,000","295,103,000","276,069,000","251,990,000","280,512,000","236,524,000","215,985,000","201,878,000","202,289,000","195,800,000","182,400,000","168,100,000","166,813,000","158,400,000","150,400,000","140,900,000","151,292,000","128,200,000","116,700,000","110,300,000","115,719,000","104,200,000","97,300,000","97,900,000","101,712,000","93,300,000","83,400,000","76,300,000","93,992,000","76,600,000","64,600,000","64,300,000","74,800,000","62,000,000","56,700,000","52,400,000","61,000,000","49,900,000","49,700,000","45,600,000","49,100,000","46,700,000","42,700,000","39,200,000","44,000,000","41,600,000","37,900,000","35,800,000","47,200,000","36,400,000","36,400,000",,,,,,,,,,,,,,,
	DepreciationAmortizationDepletionIncomeStatement,,,,,,,,,,,,,,,,,,,,,,,,,,,,,,,,,,,,,,,,,,,,,,,,,,,,,,,,,,,,,,,,,,,,,,,,,,,,,,,,,,,,,,,,,,,"16,500,000","15,500,000","14,800,000",,"13,500,000","12,900,000","12,400,000",,"10,000,000","9,200,000","8,600,000",,"8,100,000","7,600,000","7,300,000",,"6,500,000","6,000,000","5,400,000",,"2,200,000","3,900,000","3,700,000","-4,800,000","5,600,000","2,700,000","2,500,000","2,200,000","2,200,000","1,900,000","1,900,000","1,900,000","1,700,000","1,600,000","1,500,000","1,700,000","1,700,000","1,600,000","1,500,000","1,900,000","1,400,000","1,400,000",,,,,,,,,,,,,,,
		DepreciationAndAmortizationInIncomeStatement,,,,,,,,,,,,,,,,,,,,,,,,,,,,,,,,,,,,,,,,,,,,,,,,,,,,,,,,,,,,,,,,,,,,,,,,,,,,,,,,,,,,,,,,,,,"16,500,000","15,500,000","14,800,000",,"13,500,000","12,900,000","12,400,000",,"10,000,000","9,200,000","8,600,000",,"8,100,000","7,600,000","7,300,000",,"6,500,000","6,000,000","5,400,000",,"2,200,000","3,900,000","3,700,000","-4,800,000","5,600,000","2,700,000","2,500,000","2,200,000","2,200,000","1,900,000","1,900,000","1,900,000","1,700,000","1,600,000","1,500,000","1,700,000","1,700,000","1,600,000","1,500,000","1,900,000","1,400,000","1,400,000",,,,,,,,,,,,,,,
			DepreciationIncomeStatement,,,,,,,,,,,,,,,,,,,,,,,,,,,,,,,,,,,,,,,,,,,,,,,,,,,,,,,,,,,,,,,,,,,,,,,,,,,,,,,,,,,,,,,,,,,"16,500,000","15,500,000","14,800,000",,"13,500,000","12,900,000","12,400,000",,"10,000,000","9,200,000","8,600,000",,"8,100,000","7,600,000","7,300,000",,"6,500,000","6,000,000","5,400,000",,"2,200,000","3,900,000","3,700,000","-4,800,000","5,600,000","2,700,000","2,500,000","2,200,000","2,200,000","1,900,000","1,900,000","1,900,000","1,700,000","1,600,000","1,500,000","1,700,000","1,700,000","1,600,000","1,500,000","1,900,000","1,400,000","1,400,000",,,,,,,,,,,,,,,
OperatingIncome,"3,220,675,000","796,669,000","665,588,000","849,568,000","908,850,000","872,224,000","773,130,000","1,042,627,000","866,784,000","720,875,000","491,417,000","577,775,000","512,237,000","638,503,000","442,143,000","545,476,000","490,184,000","623,446,000","417,431,000","493,146,000","473,795,000","680,618,000","392,991,000","509,097,000","480,743,000","612,429,000","423,859,000","475,812,000","428,194,000","566,716,000","394,143,000","428,526,000","379,708,000","538,122,000","390,241,000","412,822,000","395,000,000","522,349,000","361,389,000","387,214,000","384,324,000","508,240,000","310,917,000","350,029,000","321,618,000","408,251,000","274,334,000","300,757,000","290,723,000","278,933,000","216,239,000","233,217,000","224,869,000","220,328,000","138,232,000","143,055,000","110,573,000","186,466,000","65,703,000","-52,140,000","55,368,000","83,075,000","3,339,000","80,577,000","81,285,000","232,264,000","101,612,000","121,070,000","106,921,000","220,344,000","113,956,000","108,126,000","114,550,000","185,123,000","131,346,000","101,843,000","102,951,000","177,545,000","93,431,000","73,760,000","82,988,000","162,884,000","86,078,000","55,214,000","69,435,000","94,345,000","84,840,000","65,988,000","70,831,000","142,202,000","82,000,000","67,200,000","57,900,000","118,564,000","66,300,000","55,100,000","49,400,000","105,043,000","55,600,000","43,400,000","31,500,000","83,376,000","44,500,000","36,400,000","25,500,000","63,307,000","35,000,000","30,500,000","20,000,000","53,487,000","28,900,000","23,100,000","15,700,000","36,000,000","17,700,000","16,300,000","10,100,000","28,200,000","14,400,000","11,400,000","6,900,000","20,200,000","8,100,000","6,800,000","2,600,000","14,800,000","6,100,000","5,700,000","1,700,000","13,100,000","6,000,000","6,000,000","129,900,000","-400,400,000","153,100,000","145,600,000","124,200,000","-380,600,000","136,900,000","146,000,000","116,000,000","-364,100,000","134,000,000","135,900,000","108,700,000","-360,300,000","138,700,000"
NetNonOperatingInterestIncomeExpense,"-157,526,000","-38,506,000","-39,198,000","-39,430,000","-40,392,000","-40,268,000","-40,298,000","-39,326,000","-30,493,000","-25,567,000","-24,264,000","-24,810,000","-25,933,000","-25,061,000","-24,586,000","-25,451,000","-24,773,000","-24,289,000","-23,995,000","-23,748,000","-25,004,000","-25,511,000","-23,877,000","-24,352,000","-24,081,000","-23,275,000","-21,394,000","-20,699,000","-21,576,000","-21,532,000","-21,835,000","-22,598,000","-22,267,000","-22,313,000","-21,524,000","-20,631,000","-24,516,000","-27,460,000","-27,726,000","-35,666,000","-37,074,000","-40,069,000","-38,632,000","-60,627,000","-65,572,000","-65,537,000","-67,145,000","-69,298,000","-72,012,000","-78,943,000","-87,586,000","-89,930,000","-89,141,000","-92,966,000","-97,774,000","-98,217,000","-99,914,000","-103,042,000","-110,569,000","-37,146,000","-3,594,000","-5,681,000","-10,019,000","-7,416,000","-4,797,000","-5,034,000","-3,651,000","-5,188,000","-3,352,000","-5,372,000","-6,364,000","-4,041,000","-6,442,000","-6,217,000","-7,976,000","-7,899,000","-9,411,000","-9,333,000","-11,537,000","-11,337,000","-10,432,000","-10,752,000","-11,480,000","-11,957,000","-11,600,000",,,,,,,,,,,,,,,,,,,,,,,,,,,,,,,,,,,,,,,,,,,,,,,,,,,,,,,,,,,,,,
	InterestIncomeNonOperating,,,,,,,,,,,,,,,,,,,,,,,,,,,,,,,,,,,,,,,,,,"36,000","10,000","26,000","19,000","92,000","90,000","32,000","6,000","9,000","26,000","15,000","94,000","268,000","619,000","1,217,000","957,000","1,378,000","1,388,000","3,506,000","2,573,000","2,210,000","885,000","1,457,000","2,450,000","2,559,000","1,670,000","2,156,000","2,616,000",,,,,,,,,,,,,,,,,,,,,,,,,,,,,,,,,,,,,,,,,,,,,,,,,,,,,,,,,,,,,,,,,,,,,,,,,,,,,,
	InterestExpenseNonOperating,"157,526,000","38,506,000","39,198,000","39,430,000","40,392,000","40,268,000","40,298,000","39,326,000","30,493,000","25,567,000","24,264,000","24,810,000","25,933,000","25,061,000","24,586,000","25,451,000","24,773,000","24,289,000","23,995,000","23,748,000","25,004,000","25,511,000","23,877,000","24,352,000","24,081,000","23,275,000","21,394,000","20,699,000","21,576,000","21,532,000","21,835,000","22,598,000","22,267,000","22,313,000","21,524,000","20,631,000","24,516,000","27,460,000","27,726,000","35,666,000","37,074,000","40,105,000","38,642,000","60,653,000","65,591,000","65,629,000","67,235,000","69,330,000","72,018,000","78,952,000","87,612,000","89,945,000","89,235,000","93,234,000","98,393,000","99,434,000","100,871,000","104,420,000","111,957,000","40,652,000","6,167,000","7,891,000","10,904,000","8,873,000","7,247,000","7,593,000","5,321,000","7,344,000","5,968,000",,,,,,,,,,,"11,337,000","10,432,000","10,752,000","11,480,000","11,957,000","11,600,000",,,,,,,,,,,,,,,,,,,,,,,,,,,,,,,,,,,,,,,,,,,,,,,,,,,,,,,,,,,,,,
	TotalOtherFinanceCost,,,,,,,,,,,,,,,,,,,,,,,,,,,,,,,,,,,,,,,,,,,,,,,,,,,,,,,,,,,,,,,,,,,,,,,"6,364,000","4,041,000","6,442,000","6,217,000","7,976,000","7,899,000","9,411,000",,"11,537,000",,,,,,,,,,,,,,,,,,,,,,,,,,,,,,,,,,,,,,,,,,,,,,,,,,,,,,,,,,,,,,,,,,,,
OtherIncomeExpense,,,,,,,,,,,,,,"0",,"-1,019,000",,"0",,,"-3,502,000",,,,,"0","-326,000",,,,,,,"0",,,"-18,871,000","0","-1,728,000","-26,557,000","-1,671,000","-51,000","-53,000","-58,239,000","-2,272,000","-118,000","-8,312,000","-6,526,000","-145,000","-55,757,000","-513,000","2,395,000","-1,667,000","6,144,000","-34,766,000","-292,000",,"4,593,000","-6,784,000","567,000",,,,,,,,,,,,,,,,,,"0","25,041,000","4,500,000",,,,,,,,,,,,,,,,,,,,,,,,,,,,,,,,,,,,,,,,,,,,,,,,,,,,,,,,,,,,,,,,,,,
	SpecialIncomeCharges,,,,,,,,,,,,,,,,,,,,,,,,,,,,,,,,,,,,,,,"-1,728,000","-26,557,000","-1,671,000","-51,000","-53,000","-58,239,000","-2,272,000","-118,000","-8,312,000","-6,526,000","-145,000","-55,757,000","-513,000","2,395,000","-1,667,000","6,144,000","-34,766,000","-292,000",,"4,593,000","-6,784,000","567,000",,,,,,,,,,,,,,"-10,000,000","0","0",,"0","25,041,000","4,500,000",,,,,,,,,,,,,,,,,,,,,,,,,,,,,,,,,,,,,,,,,,,,,,,,,,,,,,,,,,,,,,,,,,,
		OtherSpecialCharges,,,,,,,,,,,,,,,,,,,,,,,,,,,,,,,,,,,,,,,"1,728,000","26,557,000","1,671,000","51,000","53,000","58,239,000","2,272,000",,,,,"55,757,000","513,000","-2,395,000","1,667,000","-6,144,000","34,766,000",,,"-4,593,000","6,784,000",,,,,,,,,,,,,,,,,,,,,,,,,,,,,,,,,,,,,,,,,,,,,,,,,,,,,,,,,,,,,,,,,,,,,,,,,,,,,,,,,,,,,,,,
	OtherNonOperatingIncomeExpenses,,,,,,,,,,,,,,"0",,"-1,019,000",,"0",,,"-3,502,000",,,,,"0","-326,000",,,,,,,"0",,,"-18,871,000",,,,,,,,,,,,,,,,,,,,,,,,,,,,,,,,,,,,,,,,,,,,,,,,,,,,,,,,,,,,,,,,,,,,,,,,,,,,,,,,,,,,,,,,,,,,,,,,,,,,,,,,,,,,,,
PretaxIncome,"3,063,149,000","758,163,000","626,390,000","810,138,000","868,458,000","831,956,000","732,832,000","1,003,301,000","836,291,000","695,308,000","467,153,000","552,965,000","486,304,000","613,442,000","417,557,000","519,006,000","465,411,000","599,157,000","393,436,000","469,398,000","445,289,000","655,107,000","369,114,000","484,745,000","456,662,000","589,154,000","402,139,000","455,113,000","406,618,000","545,184,000","372,308,000","405,928,000","357,441,000","515,809,000","368,717,000","392,191,000","351,613,000","494,889,000","331,935,000","324,991,000","345,579,000","468,120,000","272,232,000","231,163,000","253,774,000","342,596,000","198,877,000","224,933,000","218,566,000","144,233,000","128,140,000","145,682,000","134,061,000","133,506,000","5,692,000","44,546,000","10,659,000","88,017,000","-51,650,000","-88,719,000","51,774,000","77,394,000","-6,680,000","73,161,000","76,488,000","227,230,000","97,961,000","115,882,000","103,569,000","214,972,000","107,592,000","104,085,000","108,108,000","168,906,000","123,370,000","93,944,000","93,540,000","168,212,000","106,935,000","66,923,000","72,556,000","152,132,000","74,598,000","43,257,000","57,835,000","-102,553,000","79,985,000","61,662,000","69,553,000","142,045,000","79,800,000","65,300,000","57,000,000","116,515,000","62,900,000","53,100,000","48,400,000","103,879,000","54,000,000","42,900,000","31,000,000","82,417,000","42,900,000","35,300,000","24,200,000","61,446,000","32,500,000","28,800,000","12,700,000","52,788,000","27,800,000","22,500,000","15,300,000","35,500,000","17,200,000","15,600,000","9,600,000","27,900,000","13,400,000","10,800,000","6,300,000","19,600,000","7,000,000","6,200,000","1,900,000","13,800,000","4,600,000","4,100,000","600,000","11,800,000","4,700,000","4,600,000",,,,,,,,,,,,,,,
TaxProvision,"663,917,000","160,730,000","139,359,000","173,119,000","190,709,000","189,213,000","158,572,000","215,700,000","185,845,000","159,871,000","101,603,000","126,410,000","101,291,000","130,201,000","83,415,000","111,769,000","100,559,000","-112,998,000","140,903,000","174,615,000","165,800,000","240,931,000","133,799,000","178,227,000","161,538,000","212,979,000","148,818,000","172,764,000","153,383,000","189,813,000","135,992,000","154,668,000","135,043,000","193,636,000","131,332,000","146,716,000","131,530,000","177,467,000","124,250,000","110,851,000","132,164,000","175,610,000","101,068,000","85,121,000","96,805,000","120,050,000","70,757,000","83,738,000","82,570,000","57,036,000","52,491,000","52,092,000","51,055,000","51,652,000","12,998,000","16,828,000","4,743,000","32,628,000","-18,618,000","-19,901,000","16,899,000","27,304,000","-1,395,000","27,693,000","28,818,000","81,958,000","33,536,000","40,324,000","38,669,000","81,079,000","36,466,000","32,763,000","40,259,000","66,077,000","45,467,000","34,008,000","33,208,000","60,126,000","38,365,000","24,561,000","26,628,000","54,689,000","27,861,000","16,157,000","21,602,000","-38,555,000","28,995,000","22,352,000","25,213,000","51,418,000","28,900,000","23,700,000","20,700,000","38,482,000","22,600,000","19,800,000","18,000,000","38,851,000","20,400,000","16,200,000","11,700,000","30,917,000","16,300,000","13,400,000","9,200,000","22,928,000","12,500,000","11,100,000","1,100,000","19,954,000","10,500,000","8,500,000","5,800,000","13,400,000","6,200,000","6,000,000","3,700,000","11,100,000","5,100,000","4,100,000","2,400,000","7,300,000","2,700,000","2,400,000","700,000","4,900,000","1,800,000","1,600,000","200,000","4,500,000","1,900,000","1,800,000",,,,,,,,,,,,,,,
NetIncomeCommonStockholders,"2,399,232,000","597,433,000","487,031,000","637,019,000","677,749,000","642,743,000","574,260,000","787,601,000","650,446,000","535,437,000","365,550,000","426,555,000","385,013,000","483,241,000","334,142,000","407,237,000","364,852,000","712,155,000","252,533,000","294,783,000","279,489,000","414,176,000","235,315,000","306,518,000","295,124,000","376,175,000","253,321,000","282,349,000","253,235,000","355,371,000","236,316,000","251,260,000","222,398,000","322,173,000","237,385,000","245,475,000","220,083,000","317,422,000","207,685,000","214,140,000","213,415,000","292,510,000","171,164,000","146,042,000","156,969,000","222,546,000","128,120,000","141,195,000","135,996,000","87,197,000","75,649,000","93,590,000","83,006,000","81,854,000","-7,306,000","27,718,000","5,916,000","55,389,000","-33,032,000","-68,818,000","34,875,000","50,090,000","-5,285,000","45,468,000","47,670,000","145,272,000","64,425,000","75,558,000","64,900,000","133,893,000","71,126,000","71,322,000","67,849,000","102,829,000","77,903,000","59,936,000","60,332,000","108,086,000","68,570,000","42,362,000","45,928,000","97,443,000","46,737,000","27,100,000","36,233,000","-63,998,000","50,990,000","39,310,000","44,340,000","91,805,000","50,900,000","41,600,000","35,122,000","80,633,000","39,400,000","32,300,000","29,400,000","67,428,000","33,600,000","25,900,000","18,500,000","51,500,000","26,600,000","21,900,000","14,400,000","38,518,000","20,000,000","17,700,000","11,600,000","32,834,000","17,300,000","14,000,000","9,500,000","22,100,000","11,000,000","9,600,000","5,900,000","16,800,000","8,300,000","6,700,000","3,900,000","12,300,000","4,300,000","3,800,000","1,200,000","8,900,000","2,800,000","2,500,000","400,000","7,300,000","2,800,000","2,800,000","-400,000","6,200,000","2,500,000","2,400,000","-800,000","5,300,000","700,000","2,000,000","-1,500,000","2,500,000","1,100,000","2,400,000","-1,700,000","7,600,000","4,100,000"
	NetIncome,"2,399,232,000","597,433,000","487,031,000","637,019,000","677,749,000","642,743,000","574,260,000","787,601,000","650,446,000","535,437,000","365,550,000","426,555,000","385,013,000","483,241,000","334,142,000","407,237,000","364,852,000","712,155,000","252,533,000","294,783,000","279,489,000","414,176,000","235,315,000","306,518,000","295,124,000","376,175,000","253,321,000","282,349,000","253,235,000","355,371,000","236,316,000","251,260,000","222,398,000","322,173,000","237,385,000","245,475,000","220,083,000","317,422,000","207,685,000","214,140,000","213,415,000","292,510,000","171,164,000","146,042,000","156,969,000","222,546,000","128,120,000","141,195,000","135,996,000","87,197,000","75,649,000","93,590,000","83,006,000","81,854,000","-7,306,000","27,718,000","5,916,000","55,389,000","-33,032,000","-68,818,000","34,875,000","50,090,000","-5,285,000","45,468,000","47,670,000","145,272,000","64,425,000","75,558,000","64,900,000","133,893,000","71,126,000","71,322,000","67,849,000","102,829,000","77,903,000","59,936,000","60,332,000","108,086,000","68,570,000","42,362,000","45,928,000","97,443,000","46,737,000","27,100,000","36,233,000","-63,998,000","50,990,000","39,310,000","44,340,000","90,627,000","50,900,000","41,600,000","36,300,000","78,033,000","40,300,000","33,300,000","30,400,000","65,028,000","33,600,000","26,700,000","19,300,000","51,500,000","26,600,000","21,900,000","15,000,000","38,518,000","20,000,000","17,700,000","11,600,000","32,834,000","17,300,000","14,000,000","9,500,000","22,100,000","11,000,000","9,600,000","5,900,000","16,800,000","8,300,000","6,700,000","3,900,000","12,300,000","4,300,000","3,800,000","1,200,000","8,900,000","2,800,000","2,500,000","400,000","7,300,000","2,800,000","2,800,000","-400,000","6,200,000","2,500,000","2,400,000","-800,000","5,300,000","700,000","2,000,000","-1,500,000","2,500,000","1,100,000","2,400,000","-1,700,000","7,600,000","4,100,000"
		NetIncomeIncludingNoncontrollingInterests,"2,399,232,000","597,433,000","487,031,000","637,019,000","677,749,000","642,743,000","574,260,000","787,601,000","650,446,000","535,437,000","365,550,000","426,555,000","385,013,000","483,241,000","334,142,000","407,237,000","364,852,000","712,155,000","252,533,000","294,783,000","279,489,000","414,176,000","235,315,000","306,518,000","295,124,000","376,175,000","253,321,000","282,349,000","253,235,000","355,371,000","236,316,000","251,260,000","222,398,000","322,173,000","237,385,000","245,475,000","220,083,000","317,422,000","207,685,000","214,140,000","213,415,000","292,510,000","171,164,000","146,042,000","156,969,000","222,546,000","128,120,000","141,195,000","135,996,000","87,197,000","75,649,000","93,590,000","83,006,000","81,854,000","-7,306,000","27,718,000","5,916,000","55,389,000","-33,032,000","-68,818,000","34,875,000","50,090,000","-5,285,000","45,468,000","47,670,000","145,272,000","64,425,000","75,558,000","64,900,000","133,893,000","71,126,000","71,322,000","67,849,000","102,829,000","77,903,000","59,936,000","60,332,000","108,086,000","68,570,000","42,362,000","45,928,000","97,443,000","46,737,000","27,100,000","36,233,000","-63,998,000","50,990,000","39,310,000","44,340,000","90,627,000","50,900,000","41,600,000","36,300,000","78,033,000","40,300,000","33,300,000","30,400,000","65,028,000","33,600,000","26,700,000","19,300,000","51,500,000","26,600,000","21,900,000","15,000,000","38,518,000","20,000,000","17,700,000","11,600,000","32,834,000","17,300,000","14,000,000","9,500,000","22,100,000","11,000,000","9,600,000","5,900,000","16,800,000","8,300,000","6,700,000","3,900,000","12,300,000","4,300,000","3,800,000","1,200,000","8,900,000","2,800,000","2,500,000","400,000","7,300,000","2,800,000","2,800,000","-400,000","6,200,000","2,500,000","2,400,000","-800,000","5,300,000","700,000","2,000,000","-1,500,000","2,500,000","1,100,000","2,400,000","-1,700,000","7,600,000","4,100,000"
			NetIncomeContinuousOperations,"2,399,232,000","597,433,000","487,031,000","637,019,000","677,749,000","642,743,000","574,260,000","787,601,000","650,446,000","535,437,000","365,550,000","426,555,000","385,013,000","483,241,000","334,142,000","407,237,000","364,852,000","712,155,000","252,533,000","294,783,000","279,489,000","414,176,000","235,315,000","306,518,000","295,124,000","376,175,000","253,321,000","282,349,000","253,235,000","355,371,000","236,316,000","251,260,000","222,398,000","322,173,000","237,385,000","245,475,000","220,083,000","317,422,000","207,685,000","214,140,000","213,415,000","292,510,000","171,164,000","146,042,000","156,969,000","222,546,000","128,120,000","141,195,000","135,996,000","87,197,000","75,649,000","93,590,000","83,006,000","81,854,000","-7,306,000","27,718,000","5,916,000","55,389,000","-33,032,000","-68,818,000","34,875,000","50,090,000","-5,285,000","45,468,000","47,670,000","145,272,000","64,425,000","75,558,000","64,900,000","133,893,000","71,126,000","71,322,000","67,849,000","102,829,000","77,903,000","59,936,000","60,332,000","108,086,000","68,570,000","42,362,000","45,928,000","97,443,000","46,737,000","27,100,000","36,233,000","-63,998,000","50,990,000","39,310,000","44,340,000","90,627,000","50,900,000","41,600,000","36,300,000","78,033,000","40,300,000","33,300,000","30,400,000","65,028,000","33,600,000","26,700,000","19,300,000","51,500,000","26,600,000","21,900,000","15,000,000","38,518,000","20,000,000","17,700,000","11,600,000","32,834,000","17,300,000","14,000,000","9,500,000","22,100,000","11,000,000","9,600,000","5,900,000","16,800,000","8,300,000","6,700,000","3,900,000","12,300,000","4,300,000","3,800,000","1,200,000","8,900,000","2,800,000","2,500,000","400,000","7,300,000","2,800,000","2,800,000","-400,000","6,200,000","2,500,000","2,400,000","-800,000","5,300,000","700,000","2,000,000","-1,500,000","2,500,000","1,100,000","2,400,000","-1,700,000","7,600,000","4,100,000"
	PreferredStockDividends,,,,,,,,,,,,,,,,,,,,,,,,,,,,,,,,,,,,,,,,,,,,,,,,,,,,,,,,,,,,,,,,,,,,,,,,,,,,,,,,,,,,,,,,,,,,,"1,178,000",,"900,000","1,000,000","1,000,000",,,"800,000","800,000",,,,"600,000",,,,,,,,,,,,,,,,,,,,,,,,,,,,,,,,,,,,,,,,,,
DilutedNIAvailtoComStockholders,"2,399,232,000","597,433,000","487,031,000","637,019,000","677,749,000","642,743,000","574,260,000","787,601,000","650,446,000","535,437,000","365,550,000","426,555,000","385,013,000","483,241,000","334,142,000","407,237,000","364,852,000","712,155,000","252,533,000","294,783,000","279,489,000","414,176,000","235,315,000","306,518,000","295,124,000","376,175,000","253,321,000","282,349,000","253,235,000","355,371,000","236,316,000","251,260,000","222,398,000","322,173,000","237,385,000","245,475,000","220,083,000","317,422,000","207,685,000","214,140,000","213,415,000","292,510,000","171,164,000","146,042,000","156,969,000","222,546,000","128,120,000","141,195,000","135,996,000","87,197,000","75,649,000","93,590,000","83,006,000","81,854,000","-7,306,000","27,718,000","5,916,000","55,389,000","-33,032,000","-68,818,000","34,875,000","50,090,000","-5,285,000","45,468,000","47,670,000","145,272,000","64,425,000","75,558,000","64,900,000","133,893,000","71,126,000","71,322,000","67,849,000","102,829,000","77,903,000","59,936,000","60,332,000","108,086,000","68,570,000","42,362,000","45,928,000","97,443,000","46,737,000","27,100,000","36,233,000","-63,998,000","50,990,000","39,310,000","44,340,000","91,805,000","50,900,000","41,600,000","35,122,000","80,633,000","39,400,000","32,300,000","29,400,000","67,428,000","33,600,000","25,900,000","18,500,000","51,500,000","26,600,000","21,900,000","14,400,000","38,518,000","20,000,000","17,700,000","11,600,000","32,834,000","17,300,000","14,000,000","9,500,000","22,100,000","11,000,000","9,600,000","5,900,000","16,800,000","8,300,000","6,700,000","3,900,000","12,300,000","4,300,000","3,800,000","1,200,000","8,900,000","2,800,000","2,500,000","400,000","7,300,000","2,800,000","2,800,000","-400,000","6,200,000","2,500,000","2,400,000","-800,000","5,300,000","700,000","2,000,000","-1,500,000","2,500,000","1,100,000","2,400,000","-1,700,000","7,600,000","4,100,000"
BasicEPS,,"2.59","2.09","2.71","2.84","2.64","2.32","3.15","2.58","2.11","1.43","1.65","1.49","1.85","1.26","1.53","1.36","2.63","0.93","1.08","1.02","1.5","0.84","1.08","1.03","1.3","0.87","0.95","0.84","1.17","0.78","0.83","0.72","1.01","0.74","0.76","0.67",,"0.62","0.64","0.64",,"0.5","0.43","0.46",,"0.38","0.41","0.4",,"0.24","0.294","0.261",,"-0.023","0.087","0.019",,"-0.105","-0.219","0.11",,"-0.02","0.15","0.15",,"0.2","0.23","0.2",,"0.22","0.22","0.2",,"0.23","0.18","0.18",,"0.21","0.13","0.14",,"0.14","0.08","0.11",,"0.15","0.12","0.13",,"0.15","0.14","0.13",,"0.14","0.11","0.11",,"0.1","0.08","0.06",,"0.08","0.06","0.05",,"0.06","0.05","0.04",,"0.05","0.04","0.02",,"0.03","0.03","0.02",,"0.02","0.02","0.02",,"0.02","0.02","0.02",,"0.02","0.02","0.01",,"0.02","0.02","-0.02",,"0.02","0.02","-0.02",,"0.02","0.02","-0.02",,"0.02","0.02","-0.02",,"0.02"
DilutedEPS,,"2.57","2.08","2.69","2.82","2.62","2.31","3.12","2.56","2.1","1.42","1.65","1.48","1.84","1.26","1.52","1.36","2.63","0.93","1.08","1.02","1.49","0.84","1.08","1.03","1.3","0.86","0.95","0.84","1.17","0.78","0.83","0.72","1.01","0.74","0.75","0.67",,"0.62","0.64","0.63",,"0.5","0.42","0.45",,"0.37","0.41","0.39",,"0.24","0.292","0.259",,"-0.023","0.086","0.018",,"-0.105","-0.219","0.11",,"-0.02","0.15","0.15",,"0.2","0.23","0.2",,"0.22","0.22","0.2",,"0.23","0.18","0.18",,"0.2","0.13","0.14",,"0.14","0.08","0.11",,"0.15","0.12","0.13",,"0.15","0.12","0.11",,"0.12","0.1","0.09",,"0.1","0.08","0.06",,"0.08","0.06","0.05",,"0.06","0.05","0.04",,"0.05","0.04","0.02",,"0.03","0.03","0.02",,"0.02","0.02","0.02",,"0.02","0.02","0.02",,"0.02","0.02","0.01",,"0.02","0.02","-0.02",,"0.02","0.02","-0.02",,"0.02","0.02","-0.02",,"0.02","0.02","-0.02",,"0.02"
BasicAverageShares,,"231,079,000","232,491,000","234,924,000","238,548,000","243,490,000","247,131,000","250,281,000","251,780,000","253,357,000","256,041,000","257,793,000","259,021,000","261,408,000","264,490,000","266,457,000","268,267,000","270,305,000","272,319,000","273,690,000","274,692,000","276,204,000","280,441,000","283,130,000","285,886,000","288,401,000","292,037,000","295,679,000","301,202,000","303,108,000","303,080,000","303,015,000","309,331,000","318,090,000","321,711,000","324,770,000","326,975,000",,"332,337,000","333,001,000","336,080,000",,"341,955,000","341,534,000","341,522,000",,"341,062,000","341,001,000","340,819,000",,"317,945,000","317,945,000","317,945,000",,"317,945,000","317,945,000","317,945,000",,"313,567,000","313,567,000","313,567,000",,"312,049,000","311,947,000","313,997,000",,"319,520,000","323,836,000","328,208,000",,"327,844,000","327,799,000","334,109,000",,"335,411,000","333,871,000","333,243,000",,"333,227,000","333,067,000","332,665,000",,"332,491,000","332,330,000","331,588,000",,"333,556,000","333,038,000","341,076,923",,"265,466,000","281,161,250","278,511,250",,"281,428,571","293,636,364","267,272,727",,"336,000,000","323,750,000","308,333,333",,"332,500,000","365,000,000","288,000,000",,"333,333,333","354,000,000","290,000,000",,"346,000,000","350,000,000","475,000,000",,"366,666,667","320,000,000","295,000,000",,"415,000,000","335,000,000","195,000,000",,"215,000,000","190,000,000","60,000,000",,"140,000,000","125,000,000","40,000,000",,"140,000,000","140,000,000","20,000,000",,"125,000,000","120,000,000","40,000,000",,"35,000,000","100,000,000","75,000,000",,"55,000,000","120,000,000","85,000,000",,"205,000,000"
DilutedAverageShares,,"232,513,000","234,026,000","236,406,000","240,301,000","245,423,000","249,063,000","252,190,000","253,627,000","255,146,000","257,699,000","259,102,000","260,265,000","262,536,000","265,522,000","267,226,000","269,135,000","271,218,000","272,881,000","274,132,000","275,215,000","277,059,000","281,283,000","284,116,000","286,978,000","289,322,000","292,904,000","296,528,000","302,089,000","304,435,000","304,108,000","303,888,000","310,295,000","319,104,000","322,543,000","325,639,000","328,132,000",,"334,004,000","335,521,000","339,490,000",,"345,777,000","345,625,000","345,393,000",,"344,739,000","344,746,000","344,397,000",,"320,558,000","320,558,000","320,558,000",,"320,558,000","320,558,000","320,558,000",,"315,928,000","315,928,000","315,928,000",,"312,049,000","312,594,000","315,233,000",,"321,443,000","326,340,000","331,218,000",,"330,313,000","330,298,000","337,257,000",,"339,238,000","336,841,000","334,597,000",,"334,970,000","335,737,000","334,834,000",,"334,857,000","335,402,000","335,184,000",,"333,556,000","333,038,000","341,076,923",,"270,391,000","338,836,250","336,376,250",,"328,333,333","323,000,000","326,666,667",,"336,000,000","323,750,000","308,333,333",,"332,500,000","365,000,000","288,000,000",,"333,333,333","354,000,000","290,000,000",,"346,000,000","350,000,000","475,000,000",,"366,666,667","320,000,000","295,000,000",,"415,000,000","335,000,000","195,000,000",,"215,000,000","190,000,000","60,000,000",,"140,000,000","125,000,000","40,000,000",,"140,000,000","140,000,000","20,000,000",,"125,000,000","120,000,000","40,000,000",,"35,000,000","100,000,000","75,000,000",,"55,000,000","120,000,000","85,000,000",,"205,000,000"
TotalOperatingIncomeAsReported,"3,220,675,000","796,669,000","665,588,000","849,568,000","908,850,000","872,224,000","773,130,000","1,042,627,000","866,784,000","720,875,000","491,417,000","577,775,000","512,237,000","638,503,000","442,143,000","545,476,000","490,184,000","623,446,000","417,431,000","493,146,000","473,795,000","680,618,000","392,991,000","509,097,000","480,743,000","612,429,000","423,859,000","475,812,000","428,194,000","566,716,000","394,143,000","428,526,000","379,708,000","538,122,000","390,241,000","412,822,000","395,000,000","522,349,000","361,389,000","387,214,000","384,324,000","508,240,000","310,917,000","350,029,000","321,618,000","408,251,000","274,334,000","300,757,000","290,723,000","278,933,000","216,239,000","233,217,000","224,869,000","222,828,000","103,732,000","143,055,000","110,573,000","186,466,000","65,703,000","-52,140,000","55,368,000","83,075,000","3,339,000","80,577,000","81,285,000","232,264,000","101,612,000","121,070,000","106,921,000","220,344,000","113,956,000","108,126,000","114,550,000","175,123,000","131,346,000","101,843,000","102,951,000","177,545,000","118,472,000","78,260,000","82,988,000","162,884,000","86,078,000","55,214,000","69,435,000","-67,655,000","84,840,000","65,988,000","70,831,000",,,,,,,,,,,,,,,,,,,,,,,,,,,,,,,,,,,,,,,,,,,,,,,,,,,,,,,,,,
TotalExpenses,"30,999,774,000","7,854,779,000","7,852,251,000","7,800,630,000","7,492,114,000","7,542,300,000","7,426,495,000","7,641,614,000","7,581,665,000","6,436,767,000","6,499,976,000","6,403,978,000","6,110,948,000","6,011,306,000","5,975,319,000","5,897,833,000","5,624,279,000","5,505,985,000","5,486,175,000","5,335,159,000","5,135,830,000","5,328,628,000","4,927,038,000","4,882,794,000","4,784,689,000","4,674,509,000","4,643,189,000","4,620,092,000","4,490,478,000","4,372,343,000","4,330,266,000","4,295,513,000","4,142,373,000","3,955,823,000","3,991,597,000","3,981,829,000","3,838,733,000","3,685,272,000","3,603,258,000","3,561,441,000","3,516,881,000","3,676,833,000","3,284,307,000","3,225,165,000","3,130,079,000","3,077,853,000","2,949,093,000","2,913,398,000","2,820,591,000","2,906,852,000","2,712,512,000","2,668,690,000","2,555,068,000","2,625,520,000","2,460,706,000","2,466,329,000","2,292,925,000","2,373,107,000","2,247,139,000","2,399,704,000","2,219,899,000","2,470,911,000","2,210,057,000","2,170,476,000","2,070,102,000","2,248,240,000","1,956,276,000","1,944,946,000","1,870,908,000","1,977,194,000","1,765,231,000","1,728,117,000","1,633,409,000","1,781,365,000","1,554,000,000","1,549,251,000","1,466,113,000","1,582,018,000","1,404,271,000","1,379,967,000","1,306,424,000","1,423,128,000","1,223,047,000","1,170,040,000","1,133,069,000","1,347,369,000","1,009,520,000","951,430,000","926,248,000","1,035,562,000","868,400,000","848,000,000","786,700,000","874,425,000","715,100,000","686,300,000","655,900,000","756,082,000","593,800,000","553,400,000","488,500,000","591,822,000","464,500,000","458,000,000","430,400,000","512,081,000","402,200,000","377,700,000","323,400,000","431,322,000","330,500,000","294,200,000","271,400,000","347,100,000","254,900,000","239,300,000","211,700,000","263,500,000","209,100,000","205,500,000","181,700,000","222,800,000","181,600,000","166,500,000","145,700,000","187,100,000","158,500,000","147,300,000","132,100,000","178,900,000","139,600,000","141,600,000",,,,,,,,,,,,,,,
NetIncomeFromContinuingAndDiscontinuedOperation,"2,399,232,000","597,433,000","487,031,000","637,019,000","677,749,000","642,743,000","574,260,000","787,601,000","650,446,000","535,437,000","365,550,000","426,555,000","385,013,000","483,241,000","334,142,000","407,237,000","364,852,000","712,155,000","252,533,000","294,783,000","279,489,000","414,176,000","235,315,000","306,518,000","295,124,000","376,175,000","253,321,000","282,349,000","253,235,000","355,371,000","236,316,000","251,260,000","222,398,000","322,173,000","237,385,000","245,475,000","220,083,000","317,422,000","207,685,000","214,140,000","213,415,000","292,510,000","171,164,000","146,042,000","156,969,000","222,546,000","128,120,000","141,195,000","135,996,000","87,197,000","75,649,000","93,590,000","83,006,000","81,854,000","-7,306,000","27,718,000","5,916,000","55,389,000","-33,032,000","-68,818,000","34,875,000","50,090,000","-5,285,000","45,468,000","47,670,000","145,272,000","64,425,000","75,558,000","64,900,000","133,893,000","71,126,000","71,322,000","67,849,000","102,829,000","77,903,000","59,936,000","60,332,000","108,086,000","68,570,000","42,362,000","45,928,000","97,443,000","46,737,000","27,100,000","36,233,000","-63,998,000","50,990,000","39,310,000","44,340,000","90,627,000","50,900,000","41,600,000","36,300,000","78,033,000","40,300,000","33,300,000","30,400,000","65,028,000","33,600,000","26,700,000","19,300,000","51,500,000","26,600,000","21,900,000","15,000,000","38,518,000","20,000,000","17,700,000","11,600,000","32,834,000","17,300,000","14,000,000","9,500,000","22,100,000","11,000,000","9,600,000","5,900,000","16,800,000","8,300,000","6,700,000","3,900,000","12,300,000","4,300,000","3,800,000","1,200,000","8,900,000","2,800,000","2,500,000","400,000","7,300,000","2,800,000","2,800,000","-400,000","6,200,000","2,500,000","2,400,000","-800,000","5,300,000","700,000","2,000,000","-1,500,000","2,500,000","1,100,000","2,400,000","-1,700,000","7,600,000","4,100,000"
NormalizedIncome,"2,399,232,000","597,433,000","487,031,000","637,019,000","677,749,000","642,743,000","574,260,000","787,601,000","650,446,000","535,437,000","365,550,000","426,555,000","385,013,000","483,241,000","334,142,000","407,237,000","364,852,000","712,155,000","252,533,000","294,783,000","279,489,000","414,176,000","235,315,000","306,518,000","295,124,000","376,175,000","253,321,000","282,349,000","253,235,000","355,371,000","236,316,000","251,260,000","222,398,000","322,173,000","237,385,000","245,475,000","220,083,000","317,422,000","208,766,174.567","231,638,687.594","214,446,939.05","292,541,867.918","171,197,323.386","182,835,691.196","158,374,319.568","222,622,651.298","133,474,734.032","145,291,502.381","136,086,221.809","120,905,257.673","75,982,450","92,051,388.161","84,038,149.559","78,087,045.886","15,291,900","27,899,692.094","5,916,000","52,498,630.219","-28,693,392.294","-69,257,813.411","34,875,000","50,090,000","-5,285,000","45,468,000","47,670,000","145,272,000","64,425,000","75,558,000","64,900,000","133,893,000","71,126,000","71,322,000","67,849,000","108,916,942.406","77,903,000","59,936,000","60,332,000","108,086,000","52,512,943.19","39,513,517.416","45,928,000","97,443,000","46,737,000","27,100,000","36,233,000","-63,998,000","50,990,000","39,310,000","44,340,000","90,627,000","50,900,000","41,600,000","36,300,000","78,033,000","40,300,000","33,300,000","30,400,000","65,028,000","33,600,000","26,700,000","19,300,000","51,500,000","26,600,000","21,900,000","15,000,000","38,518,000","20,000,000","17,700,000","11,600,000","32,834,000","17,300,000","14,000,000","9,500,000","22,100,000","11,000,000","9,600,000","5,900,000","16,800,000","8,300,000","6,700,000","3,900,000","12,300,000","4,300,000","3,800,000","1,200,000","8,900,000","2,800,000","2,500,000","400,000","7,300,000","2,800,000","2,800,000","-400,000","6,200,000","2,500,000","2,400,000","-800,000","5,300,000","700,000","2,000,000","-1,500,000","2,500,000","1,100,000","2,400,000","-1,700,000","7,600,000","4,100,000"
InterestIncome,,,,,,,,,,,,,,,,,,,,,,,,,,,,,,,,,,,,,,,,,,"36,000","10,000","26,000","19,000","92,000","90,000","32,000","6,000","9,000","26,000","15,000","94,000","268,000","619,000","1,217,000","957,000","1,378,000","1,388,000","3,506,000","2,573,000","2,210,000","885,000","1,457,000","2,450,000","2,559,000","1,670,000","2,156,000","2,616,000",,,,,,,,,,,,,,,,,,,,,,,,,,,,,,,,,,,,,,,,,,,,,,,,,,,,,,,,,,,,,,,,,,,,,,,,,,,,,,
InterestExpense,"157,526,000","38,506,000","39,198,000","39,430,000","40,392,000","40,268,000","40,298,000","39,326,000","30,493,000","25,567,000","24,264,000","24,810,000","25,933,000","25,061,000","24,586,000","25,451,000","24,773,000","24,289,000","23,995,000","23,748,000","25,004,000","25,511,000","23,877,000","24,352,000","24,081,000","23,275,000","21,394,000","20,699,000","21,576,000","21,532,000","21,835,000","22,598,000","22,267,000","22,313,000","21,524,000","20,631,000","24,516,000","27,460,000","27,726,000","35,666,000","37,074,000","40,105,000","38,642,000","60,653,000","65,591,000","65,629,000","67,235,000","69,330,000","72,018,000","78,952,000","87,612,000","89,945,000","89,235,000","93,234,000","98,393,000","99,434,000","100,871,000","104,420,000","111,957,000","40,652,000","6,167,000","7,891,000","10,904,000","8,873,000","7,247,000","7,593,000","5,321,000","7,344,000","5,968,000",,,,,,,,,,,"11,337,000","10,432,000","10,752,000","11,480,000","11,957,000","11,600,000",,,,,,,,,,,,,,,,,,,,,,,,,,,,,,,,,,,,,,,,,,,,,,,,,,,,,,,,,,,,,,
NetInterestIncome,"-157,526,000","-38,506,000","-39,198,000","-39,430,000","-40,392,000","-40,268,000","-40,298,000","-39,326,000","-30,493,000","-25,567,000","-24,264,000","-24,810,000","-25,933,000","-25,061,000","-24,586,000","-25,451,000","-24,773,000","-24,289,000","-23,995,000","-23,748,000","-25,004,000","-25,511,000","-23,877,000","-24,352,000","-24,081,000","-23,275,000","-21,394,000","-20,699,000","-21,576,000","-21,532,000","-21,835,000","-22,598,000","-22,267,000","-22,313,000","-21,524,000","-20,631,000","-24,516,000","-27,460,000","-27,726,000","-35,666,000","-37,074,000","-40,069,000","-38,632,000","-60,627,000","-65,572,000","-65,537,000","-67,145,000","-69,298,000","-72,012,000","-78,943,000","-87,586,000","-89,930,000","-89,141,000","-92,966,000","-97,774,000","-98,217,000","-99,914,000","-103,042,000","-110,569,000","-37,146,000","-3,594,000","-5,681,000","-10,019,000","-7,416,000","-4,797,000","-5,034,000","-3,651,000","-5,188,000","-3,352,000","-5,372,000","-6,364,000","-4,041,000","-6,442,000","-6,217,000","-7,976,000","-7,899,000","-9,411,000","-9,333,000","-11,537,000","-11,337,000","-10,432,000","-10,752,000","-11,480,000","-11,957,000","-11,600,000",,,,,,,,,,,,,,,,,,,,,,,,,,,,,,,,,,,,,,,,,,,,,,,,,,,,,,,,,,,,,,
EBIT,"3,220,675,000","796,669,000","665,588,000","849,568,000","908,850,000","872,224,000","773,130,000","1,042,627,000","866,784,000","720,875,000","491,417,000","577,775,000","512,237,000","638,503,000","442,143,000","544,457,000","490,184,000","623,446,000","417,431,000","493,146,000","470,293,000","680,618,000","392,991,000","509,097,000","480,743,000","612,429,000","423,533,000","475,812,000","428,194,000","566,716,000","394,143,000","428,526,000","379,708,000","538,122,000","390,241,000","412,822,000","376,129,000","522,349,000","359,661,000","360,657,000","382,653,000","508,225,000","310,874,000","291,816,000","319,365,000","408,225,000","266,112,000","294,263,000","290,584,000","223,185,000","215,752,000","235,627,000","223,296,000","226,740,000","104,085,000","143,980,000","111,530,000","192,437,000","60,307,000","-48,067,000","57,941,000","85,285,000","4,224,000","82,034,000","83,735,000","234,823,000","103,282,000","123,226,000","109,537,000","226,919,000","113,956,000","108,126,000","114,550,000","185,123,000","131,346,000","101,843,000","102,951,000","207,086,000","93,431,000","78,260,000","82,988,000","162,884,000","86,078,000","55,214,000","69,435,000","-67,655,000","84,840,000","65,988,000","70,831,000","142,202,000","82,000,000","67,200,000","57,900,000","118,564,000","66,300,000","55,100,000","49,400,000","105,043,000","55,600,000","43,400,000","31,500,000","83,376,000","44,500,000","36,400,000","25,500,000","63,307,000","35,000,000","30,500,000","20,000,000","53,487,000","28,900,000","23,100,000","15,700,000","36,000,000","17,700,000","16,300,000","10,100,000","28,200,000","14,400,000","11,400,000","6,900,000","20,200,000","8,100,000","6,800,000","2,600,000","14,800,000","6,100,000","5,700,000","1,700,000","13,100,000","6,000,000","6,000,000","129,900,000","-400,400,000","153,100,000","145,600,000","124,200,000","-380,600,000","136,900,000","146,000,000","116,000,000","-364,100,000","134,000,000","135,900,000","108,700,000","-360,300,000","138,700,000"
EBITDA,"3,861,991,000"
ReconciledCostOfRevenue,"23,407,443,000","5,951,208,000","5,898,400,000","5,912,539,000","5,645,296,000","5,677,829,000","5,631,385,000","5,866,006,000","5,852,757,000","4,884,879,000","4,926,307,000","4,832,817,000","4,620,909,000","4,578,120,000","4,522,403,000","4,468,436,000","4,252,214,000","4,164,033,000","4,137,150,000","4,037,783,000","3,910,642,000","4,108,499,000","3,732,519,000","3,710,124,000","3,652,818,000","3,604,669,000","3,530,086,000","3,507,749,000","3,419,967,000","3,373,620,000","3,300,661,000","3,268,465,000","3,164,335,000","3,059,134,000","3,053,345,000","3,017,361,000","2,938,585,000","2,839,822,000","2,738,524,000","2,685,432,000","2,672,949,000","2,838,704,000","2,479,422,000","2,426,852,000","2,364,300,000","2,355,951,000","2,212,759,000","2,178,176,000","2,111,558,000","2,160,396,000","2,025,669,000","1,995,865,000","1,924,579,000","2,008,150,000","1,826,651,000","1,851,349,000","1,710,421,000","1,819,202,000","1,666,042,000","1,724,326,000","1,642,207,000","1,908,036,000","1,686,949,000","1,639,519,000","1,567,113,000","1,749,575,000","1,478,872,000","1,474,486,000","1,414,480,000","1,537,561,000","1,325,202,000","1,299,263,000","1,235,709,000","1,389,992,000","1,168,449,000","1,178,264,000","1,117,158,000","1,231,599,000","1,069,119,000","1,066,300,000","1,009,120,000","1,110,489,000","927,944,000","893,971,000","881,079,000","1,066,857,000","772,996,000","735,445,000","724,370,000","880,073,000","689,100,000","681,100,000","633,400,000","746,412,000","570,200,000","548,800,000","527,400,000","632,590,000","475,600,000","445,900,000","386,800,000","499,103,000","368,400,000","368,300,000","339,800,000","428,269,000","315,400,000","300,300,000","252,500,000","341,730,000","250,500,000","233,700,000","210,800,000","267,500,000","196,000,000","185,300,000","161,800,000","204,700,000","161,400,000","157,700,000","138,000,000","175,600,000","136,600,000","125,400,000","108,000,000","144,800,000","118,600,000","111,000,000","97,800,000","133,600,000","104,600,000","103,800,000",,,,,,,,,,,,,,,
ReconciledDepreciation,"641,316,000","166,371,000","162,263,000","158,536,000","154,146,000","149,771,000","145,849,000","140,962,000","137,655,000","132,426,000","126,470,000","123,423,000","122,485,000","117,771,000","114,852,000","112,176,000","109,335,000","105,660,000","100,955,000","99,030,000","98,586,000","97,545,000","95,444,000","94,618,000","92,324,000","89,144,000","88,553,000","87,582,000","87,152,000","86,594,000","86,261,000","85,340,000","84,158,000","85,165,000","84,435,000","82,744,000","80,493,000","80,513,000","76,138,000","73,989,000","72,271,000","70,637,000","68,900,000","68,385,000","67,486,000","65,188,000","63,583,000","62,904,000","63,252,000","62,726,000","62,977,000","66,537,000","64,531,000","63,744,000","62,132,000","60,617,000","61,406,000","59,306,000","65,332,000","59,041,000","50,451,000","51,697,000","51,431,000","48,702,000","48,778,000","49,007,000","47,501,000","46,310,000","44,006,000","41,596,000","42,185,000","41,061,000","39,636,000","39,285,000","38,231,000","38,127,000","36,756,000","32,657,000","36,283,000","34,015,000","32,004,000","30,863,000","31,124,000","31,090,000","29,890,000","52,828,000","20,619,000","19,345,000","18,607,000","110,744,000","-16,500,000","-15,500,000","-14,800,000","91,912,000","-13,500,000","-12,900,000","-12,400,000","66,534,000","-10,000,000","-9,200,000","-8,600,000","53,965,000","-8,100,000","-7,600,000","-7,300,000","43,145,000","-6,500,000","-6,000,000","-5,400,000","21,663,000","3,400,000","-4,100,000","-3,700,000","4,800,000","-3,100,000","-2,700,000","-2,500,000","-2,200,000","-2,200,000","-1,900,000","-1,900,000","-1,900,000","-1,700,000","-1,600,000","-1,500,000","-1,700,000","-1,700,000","-1,600,000","-1,500,000","-1,900,000","-1,400,000","1,400,000",,,,,,,,,,,,,,,
NetIncomeFromContinuingOperationNetMinorityInterest,"2,399,232,000","597,433,000","487,031,000","637,019,000","677,749,000","642,743,000","574,260,000","787,601,000","650,446,000","535,437,000","365,550,000","426,555,000","385,013,000","483,241,000","334,142,000","407,237,000","364,852,000","712,155,000","252,533,000","294,783,000","279,489,000","414,176,000","235,315,000","306,518,000","295,124,000","376,175,000","253,321,000","282,349,000","253,235,000","355,371,000","236,316,000","251,260,000","222,398,000","322,173,000","237,385,000","245,475,000","220,083,000","317,422,000","207,685,000","214,140,000","213,415,000","292,510,000","171,164,000","146,042,000","156,969,000","222,546,000","128,120,000","141,195,000","135,996,000","87,197,000","75,649,000","93,590,000","83,006,000","81,854,000","-7,306,000","27,718,000","5,916,000","55,389,000","-33,032,000","-68,818,000","34,875,000","50,090,000","-5,285,000","45,468,000","47,670,000","145,272,000","64,425,000","75,558,000","64,900,000","133,893,000","71,126,000","71,322,000","67,849,000","102,829,000","77,903,000","59,936,000","60,332,000","108,086,000","68,570,000","42,362,000","45,928,000","97,443,000","46,737,000","27,100,000","36,233,000","-63,998,000","50,990,000","39,310,000","44,340,000","90,627,000","50,900,000","41,600,000","36,300,000","78,033,000","40,300,000","33,300,000","30,400,000","65,028,000","33,600,000","26,700,000","19,300,000","51,500,000","26,600,000","21,900,000","15,000,000","38,518,000","20,000,000","17,700,000","11,600,000","32,834,000","17,300,000","14,000,000","9,500,000","22,100,000","11,000,000","9,600,000","5,900,000","16,800,000","8,300,000","6,700,000","3,900,000","12,300,000","4,300,000","3,800,000","1,200,000","8,900,000","2,800,000","2,500,000","400,000","7,300,000","2,800,000","2,800,000","-400,000","6,200,000","2,500,000","2,400,000","-800,000","5,300,000","700,000","2,000,000","-1,500,000","2,500,000","1,100,000","2,400,000","-1,700,000","7,600,000","4,100,000"
TotalUnusualItemsExcludingGoodwill,,,,,,,,,,,,,,,,,,,,,,,,,,,,,,,,,,,,,,,"-1,728,000","-26,557,000","-1,671,000","-51,000","-53,000","-58,239,000","-2,272,000","-118,000","-8,312,000","-6,526,000","-145,000","-55,757,000","-513,000","2,395,000","-1,667,000","6,144,000","-34,766,000","-292,000",,"4,593,000","-6,784,000","567,000",,,,,,,,,,,,,,"-10,000,000","0","0",,"0","25,041,000","4,500,000",,,,,,,,,,,,,,,,,,,,,,,,,,,,,,,,,,,,,,,,,,,,,,,,,,,,,,,,,,,,,,,,,,,
TotalUnusualItems,,,,,,,,,,,,,,,,,,,,,,,,,,,,,,,,,,,,,,,"-1,728,000","-26,557,000","-1,671,000","-51,000","-53,000","-58,239,000","-2,272,000","-118,000","-8,312,000","-6,526,000","-145,000","-55,757,000","-513,000","2,395,000","-1,667,000","6,144,000","-34,766,000","-292,000",,"4,593,000","-6,784,000","567,000",,,,,,,,,,,,,,"-10,000,000","0","0",,"0","25,041,000","4,500,000",,,,,,,,,,,,,,,,,,,,,,,,,,,,,,,,,,,,,,,,,,,,,,,,,,,,,,,,,,,,,,,,,,,
NormalizedEBITDA,"3,861,991,000","963,040,000","827,851,000","1,008,104,000","1,062,996,000","1,021,995,000","918,979,000","1,183,589,000","1,004,439,000","853,301,000","617,887,000","701,198,000","634,722,000","756,274,000","556,995,000","656,633,000","599,519,000","729,106,000","518,386,000","592,176,000","568,879,000","778,163,000","488,435,000","603,715,000","573,067,000","701,573,000","512,086,000","563,394,000","515,346,000","653,310,000","480,404,000","513,866,000","463,866,000","623,287,000","474,676,000","495,566,000","456,622,000","602,862,000","437,527,000","461,203,000","456,595,000","578,913,000","379,827,000","418,440,000","389,123,000","473,531,000","338,007,000","363,693,000","353,981,000","341,668,000","279,242,000","299,769,000","289,494,000","284,340,000","200,983,000","204,889,000","172,936,000","247,150,000","132,423,000","10,407,000","108,392,000","136,982,000","55,655,000","130,736,000","132,513,000","283,830,000","150,783,000","169,536,000","153,543,000","268,515,000","156,141,000","149,187,000","154,186,000","234,408,000","169,577,000","139,970,000","139,707,000","239,743,000","104,673,000","107,775,000","114,992,000","193,747,000","117,202,000","86,304,000","99,325,000","-14,827,000","105,459,000","85,333,000","89,438,000","252,946,000","98,500,000","82,700,000","72,700,000","210,476,000","79,800,000","68,000,000","61,800,000","171,577,000","65,600,000","52,600,000","40,100,000","137,341,000","52,600,000","44,000,000","32,800,000","106,452,000","41,500,000","36,500,000","25,400,000","75,150,000","32,300,000","27,000,000","19,400,000","40,800,000","23,300,000","19,000,000","12,600,000","30,400,000","16,600,000","13,300,000","8,800,000","22,100,000","9,800,000","8,400,000","4,100,000","16,500,000","7,800,000","7,300,000","3,200,000","15,000,000","7,400,000","7,400,000","129,900,000","-400,400,000","153,100,000","145,600,000","124,200,000","-380,600,000","136,900,000","146,000,000","116,000,000","-364,100,000","134,000,000","135,900,000","108,700,000","-360,300,000","138,700,000"
TaxRateForCalcs,"0.217","0.212","0.222","0.214","0.22","0.227","0.216","0.215","0.222","0.23","0.217","0.229","0.208","0.212","0.2","0.215","0.216","0.27","0.358","0.372","0.372","0.368","0.362","0.368","0.354","0.362","0.37","0.38","0.377","0.348","0.365","0.381","0.378","0.375","0.356","0.374","0.374","0.359","0.374","0.341","0.382","0.375","0.371","0.368","0.381","0.35","0.356","0.372","0.378","0.395","0.35","0.358","0.381","0.387","0.35","0.378","0.35","0.371","0.36","0.224","0.326","0.353","0.209","0.379","0.377","0.361","0.342","0.348","0.373","0.377","0.339","0.315","0.372","0.391","0.369","0.362","0.355","0.357","0.359","0.367","0.367","0.359","0.373","0.374","0.374","0.376","0.363","0.362","0.363","0.362","0.362","0.363","0.363","0.33","0.359","0.373","0.372","0.374","0.378","0.378","0.377","0.375","0.38","0.38","0.38","0.373","0.385","0.385","0.087","0.378","0.378","0.378","0.379","0.377","0.36","0.385","0.385","0.398","0.381","0.38","0.381","0.372","0.386","0.387","0.368","0.355","0.391","0.39","0.333","0.381","0.4","0.391","0.4","0.4","0.4","0.4","0.4","0.4","0.4","0.4","0.4","0.4","0.4","0.4","0.4","0.4","0.4"
TaxEffectOfUnusualItems,"0","0","0","0","0","0","0","0","0","0","0","0","0","0","0","0","0","0","0","0","0","0","0","0","0","0","0","0","0","0","0","0","0","0","0","0","0","0","-646,825.433","-9,058,312.406","-639,060.95","-19,132.082","-19,676.614","-21,445,308.804","-866,680.432","-41,348.702","-2,957,265.968","-2,429,497.619","-54,778.191","-22,048,742.327","-179,550","856,388.161","-634,850.441","2,377,045.886","-12,168,100","-110,307.906","0","1,702,630.219","-2,445,392.294","127,186.589","0","0","0","0","0","0","0","0","0","0","0","0","0","-3,912,057.594","0","0","0","0","8,983,943.19","1,651,517.416","0","0","0","0","0","0","0","0","0","0","0","0","0","0","0","0","0","0","0","0","0","0","0","0","0","0","0","0","0","0","0","0","0","0","0","0","0","0","0","0","0","0","0","0","0","0","0","0","0","0","0","0","0","0","0","0","0","0","0","0","0","0","0","0","0","0","0"