name,ttm,12/31/2021,09/30/2021,06/30/2021,03/31/2021,12/31/2020,09/30/2020,06/30/2020,03/31/2020,12/31/2019,09/30/2019,06/30/2019,03/31/2019,12/31/2018,09/30/2018,06/30/2018,03/31/2018,12/31/2017,09/30/2017,06/30/2017,03/31/2017,12/31/2016,09/30/2016,06/30/2016,03/31/2016,12/31/2015,09/30/2015,06/30/2015,03/31/2015,12/31/2014,09/30/2014,06/30/2014,03/31/2014,12/31/2013,09/30/2013,06/30/2013,03/31/2013,12/31/2012,09/30/2012,06/30/2012,03/31/2012,12/31/2011,09/30/2011,06/30/2011,03/31/2011,12/31/2010,09/30/2010,06/30/2010,03/31/2010,12/31/2009,09/30/2009,06/30/2009,03/31/2009,12/31/2008,09/30/2008,06/30/2008,03/31/2008,12/31/2007,09/30/2007,06/30/2007,03/31/2007,12/31/2006,09/30/2006,06/30/2006,03/31/2006,12/31/2005,09/30/2005,06/30/2005,03/31/2005,12/31/2004,09/30/2004,06/30/2004,03/31/2004,12/31/2003,09/30/2003,06/30/2003,03/31/2003,12/31/2002,09/30/2002,06/30/2002,03/31/2002,12/31/2001,09/30/2001,06/30/2001,03/31/2001,12/31/2000,09/30/2000,06/30/2000,03/31/2000,12/31/1999,09/30/1999,06/30/1999,03/31/1999,12/31/1998,09/30/1998,06/30/1998,03/31/1998,12/31/1997,09/30/1997,06/30/1997,03/31/1997
TotalRevenue,"10,788,000,000","2,744,000,000","2,774,000,000","2,550,000,000","2,720,000,000","3,002,000,000","2,786,000,000","1,827,000,000","1,822,000,000","1,926,000,000","1,956,000,000","1,953,000,000","1,891,000,000","1,839,000,000","1,889,000,000","1,919,000,000","1,884,000,000","1,936,000,000","1,931,000,000","1,943,000,000","1,899,000,000","1,861,000,000","1,885,000,000","1,906,000,000","1,863,000,000","1,849,000,000","1,880,000,000","1,925,000,000","1,839,000,000","1,883,000,000","1,904,000,000","1,902,000,000","1,746,000,000","1,756,473,000","1,787,140,000","1,815,740,000","1,786,647,000","1,687,857,000","1,851,439,000","1,906,810,000","1,936,456,000","1,879,307,000","1,906,405,000","1,903,201,000","1,821,577,000","1,824,040,000","1,864,655,000","1,874,727,000","1,805,503,000","1,848,273,000","1,897,146,000","1,901,818,000","1,808,006,000","1,800,306,000","1,826,603,000","1,837,901,000","1,784,637,000","1,770,473,000","1,767,070,000","1,641,156,000","1,526,208,000","1,549,270,000","1,583,202,000","1,584,335,000","1,555,408,000","1,434,876,000","1,371,821,000","1,377,529,000","1,319,485,000","1,283,288,000","1,289,897,000","1,297,674,000","1,255,742,000","1,204,005,000","1,221,221,000","1,219,935,000","1,092,797,000","1,033,765,000","1,058,714,000","1,068,810,000","946,762,000","910,440,000","903,189,000","931,589,000","882,553,000","836,334,000","850,236,000","877,113,000","857,479,000","814,500,000","614,800,000","394,000,000","381,800,000","363,300,000","360,700,000","366,700,000","367,900,000","365,400,000","373,600,000","401,500,000","388,100,000"
	OperatingRevenue,"10,788,000,000","2,744,000,000","2,774,000,000","2,550,000,000","2,720,000,000","3,002,000,000","2,786,000,000","1,827,000,000","1,822,000,000","1,926,000,000","1,956,000,000","1,953,000,000","1,891,000,000","1,839,000,000","1,889,000,000","1,919,000,000","1,884,000,000","1,936,000,000","1,931,000,000","1,943,000,000","1,899,000,000","1,861,000,000","1,885,000,000","1,906,000,000","1,863,000,000","1,849,000,000","1,880,000,000","1,925,000,000","1,839,000,000","1,883,000,000","1,904,000,000","1,902,000,000","1,746,000,000","1,756,473,000","1,787,140,000","1,815,740,000","1,786,647,000","1,687,857,000","1,851,439,000","1,906,810,000","1,936,456,000","1,879,307,000","1,906,405,000","1,903,201,000","1,821,577,000","1,824,040,000","1,864,655,000","1,874,727,000","1,805,503,000","1,848,273,000","1,897,146,000","1,901,818,000","1,808,006,000","1,800,306,000","1,826,603,000","1,837,901,000","1,784,637,000","1,770,473,000","1,767,070,000","1,641,156,000","1,526,208,000","1,549,270,000","1,583,202,000","1,584,335,000","1,555,408,000","1,434,876,000","1,371,821,000","1,377,529,000","1,319,485,000","1,283,288,000","1,289,897,000","1,297,674,000","1,255,742,000","1,204,005,000","1,221,221,000","1,219,935,000","1,092,797,000","1,033,765,000","1,058,714,000","1,068,810,000","946,762,000","910,440,000","903,189,000","931,589,000","882,553,000","836,334,000","850,236,000","877,113,000","857,479,000","814,500,000","614,800,000","394,000,000","381,800,000","363,300,000","360,700,000","366,700,000","367,900,000","365,400,000","373,600,000","401,500,000","388,100,000"
CostOfRevenue,"6,579,000,000","1,718,000,000","1,670,000,000","1,565,000,000","1,626,000,000","1,733,000,000","1,580,000,000","1,221,000,000","1,270,000,000","1,264,000,000","1,264,000,000","1,265,000,000","1,244,000,000","1,235,000,000","1,222,000,000","1,243,000,000","1,226,000,000","1,194,000,000","1,190,000,000","1,170,000,000","1,165,000,000","1,160,000,000","1,157,000,000","1,155,000,000","1,144,000,000","1,150,000,000","1,162,000,000","1,182,000,000","1,163,000,000","1,184,000,000","1,178,000,000","1,174,000,000","1,101,000,000","1,051,987,000","1,088,503,000","1,093,666,000","1,091,834,000","1,047,929,000","1,089,718,000","1,110,514,000","1,116,538,000","1,077,367,000","1,116,574,000","1,104,394,000","1,096,998,000","1,080,438,000","1,091,465,000","1,078,971,000","1,066,373,000","1,070,239,000","1,097,535,000","1,100,212,000","1,053,489,000","1,040,925,000","1,073,123,000","1,083,481,000","1,058,627,000","1,042,723,000","1,026,598,000","968,742,000","931,785,000","919,414,000","933,735,000","936,432,000","922,984,000","871,555,000","807,020,000","798,678,000","780,082,000","757,430,000","748,424,000","758,195,000","737,281,000","706,222,000","711,180,000","703,124,000","648,097,000","619,317,000","625,075,000","630,258,000","557,738,000","537,574,000","535,564,000","549,391,000","494,800,000","496,382,000","474,230,000","489,202,000","507,792,000","536,000,000","353,100,000","214,300,000","215,600,000","202,600,000","199,200,000","206,000,000","206,100,000","207,100,000","216,300,000","226,400,000","225,700,000"
GrossProfit,"4,209,000,000","1,026,000,000","1,104,000,000","985,000,000","1,094,000,000","1,269,000,000","1,206,000,000","606,000,000","552,000,000","662,000,000","692,000,000","688,000,000","647,000,000","604,000,000","667,000,000","676,000,000","658,000,000","742,000,000","741,000,000","773,000,000","734,000,000","701,000,000","728,000,000","751,000,000","719,000,000","699,000,000","718,000,000","743,000,000","676,000,000","699,000,000","726,000,000","728,000,000","645,000,000","704,486,000","698,637,000","722,074,000","694,813,000","639,928,000","761,721,000","796,296,000","819,918,000","801,940,000","789,831,000","798,807,000","724,579,000","743,602,000","773,190,000","795,756,000","739,130,000","778,034,000","799,611,000","801,606,000","754,517,000","759,381,000","753,480,000","754,420,000","726,010,000","727,750,000","740,472,000","672,414,000","594,423,000","629,856,000","649,467,000","647,903,000","632,424,000","563,321,000","564,801,000","578,851,000","539,403,000","525,858,000","541,473,000","539,479,000","518,461,000","497,783,000","510,041,000","516,811,000","444,700,000","414,448,000","433,639,000","438,552,000","389,024,000","372,866,000","367,625,000","382,198,000","387,753,000","339,952,000","376,006,000","387,911,000","349,687,000","278,500,000","261,700,000","179,700,000","166,200,000","160,700,000","161,500,000","160,700,000","161,800,000","158,300,000","157,300,000","175,100,000","162,400,000"
OperatingExpense,"1,828,000,000","490,000,000","452,000,000","452,000,000","434,000,000","474,000,000","488,000,000","323,000,000","377,000,000","299,000,000","379,000,000","381,000,000","399,000,000","380,000,000","363,000,000","371,000,000","386,000,000","473,000,000","443,000,000","454,000,000","455,000,000","425,000,000","406,000,000","447,000,000","462,000,000","460,000,000","421,000,000","442,000,000","448,000,000","442,000,000","470,000,000","466,000,000","437,000,000","434,540,000","483,298,000","433,353,000","467,819,000","382,197,000","452,988,000","461,548,000","520,333,000","476,759,000","467,778,000","481,953,000","693,619,000","449,390,000","436,323,000","429,862,000","440,568,000","447,641,000","451,331,000","442,231,000","433,454,000","442,324,000","436,545,000","446,297,000","445,749,000","415,685,000","434,480,000","400,005,000","393,553,000","350,754,000","356,606,000","385,278,000","387,883,000","329,472,000","321,605,000","317,651,000","309,490,000","295,019,000","309,773,000","309,460,000","309,582,000","301,798,000","292,518,000","298,130,000","281,222,000","269,160,000","274,610,000","278,886,000","260,558,000","269,782,000","262,490,000","268,613,000","298,167,000","263,467,000","293,217,000","296,035,000","283,020,000","225,600,000","216,800,000","148,200,000","143,500,000","139,300,000","140,000,000","133,300,000","137,700,000","149,200,000","138,700,000","147,100,000","143,600,000"
	SellingGeneralAndAdministration,"1,727,000,000","464,000,000","427,000,000","429,000,000","407,000,000","447,000,000","396,000,000","360,000,000","347,000,000","349,000,000","362,000,000","362,000,000","384,000,000","356,000,000","354,000,000","351,000,000","363,000,000","453,000,000","423,000,000","437,000,000","437,000,000","400,000,000","409,000,000","430,000,000","442,000,000","429,000,000","402,000,000","429,000,000","419,000,000","427,000,000","446,000,000","440,000,000","415,000,000","414,630,000","422,963,000","418,548,000","447,869,000","371,144,000","432,627,000","440,788,000","500,641,000","457,073,000","446,595,000","462,789,000","447,858,000","430,966,000","426,562,000","419,412,000","430,733,000","432,992,000","441,569,000","448,756,000","424,301,000","435,640,000","428,179,000","438,037,000","436,485,000","408,626,000","424,334,000","395,105,000","389,093,000","372,726,000","354,631,000","383,021,000","358,190,000","320,327,000","313,426,000","316,765,000","308,348,000","304,551,000","308,248,000","307,402,000","307,545,000","298,026,000","292,413,000","296,062,000","279,199,000","267,030,000","272,587,000","276,821,000","258,403,000","258,356,000","251,048,000","256,474,000","252,802,000","247,543,000","251,219,000","252,846,000","249,835,000","192,000,000","192,700,000","131,600,000","127,000,000","122,200,000","122,800,000","116,100,000","120,400,000","130,600,000","119,700,000","127,900,000","124,000,000"
	DepreciationAmortizationDepletionIncomeStatement,"103,000,000","26,000,000","25,000,000","25,000,000","27,000,000","26,000,000","27,000,000","25,000,000","25,000,000","24,000,000","23,000,000","25,000,000","24,000,000","24,000,000","22,000,000","22,000,000","22,000,000","20,000,000","19,000,000","18,000,000","17,000,000","18,000,000","18,000,000","17,000,000","19,000,000","20,000,000","20,000,000","20,000,000","21,000,000","23,000,000","24,000,000","25,000,000","22,000,000","19,802,000","20,158,000","19,756,000","19,284,000","14,387,000","19,961,000","20,169,000","20,231,000","19,189,000","19,402,000","18,592,000","9,849,000","10,677,000","9,915,000","9,270,000","9,359,000","9,526,000","9,154,000","9,377,000","9,005,000","9,323,000","8,790,000","9,916,000","9,264,000","9,162,000","8,932,000","5,350,000","4,460,000","3,203,000","3,045,000","2,257,000","2,338,000","1,954,000","912,000","933,000","931,000","917,000","1,664,000","2,058,000","2,064,000","2,055,000","2,055,000","2,068,000","2,023,000","2,130,000","2,023,000","2,065,000","2,155,000","11,426,000","11,442,000","12,139,000","45,365,000","15,924,000","41,998,000","43,189,000","33,185,000","33,600,000","24,100,000","16,600,000","16,500,000","17,100,000","17,200,000","17,200,000","17,300,000","18,600,000","19,000,000","19,200,000","19,600,000"
		DepreciationAndAmortizationInIncomeStatement,"103,000,000","26,000,000","25,000,000","25,000,000","27,000,000","26,000,000","27,000,000","25,000,000","25,000,000","24,000,000","23,000,000","25,000,000","24,000,000","24,000,000","22,000,000","22,000,000","22,000,000","20,000,000","19,000,000","18,000,000","17,000,000","18,000,000","18,000,000","17,000,000","19,000,000","20,000,000","20,000,000","20,000,000","21,000,000","23,000,000","24,000,000","25,000,000","22,000,000","19,802,000","20,158,000","19,756,000","19,284,000","14,387,000","19,961,000","20,169,000","20,231,000","19,189,000","19,402,000","18,592,000","9,849,000","10,677,000","9,915,000","9,270,000","9,359,000","9,526,000","9,154,000","9,377,000","9,005,000","9,323,000","8,790,000","9,916,000","9,264,000","9,162,000","8,932,000","5,350,000","4,460,000","3,203,000","3,045,000","2,257,000","2,338,000","1,954,000","912,000","933,000","931,000","917,000","1,664,000","2,058,000","2,064,000","2,055,000","2,055,000","2,068,000","2,023,000","2,130,000","2,023,000","2,065,000","2,155,000","11,426,000","11,442,000","12,139,000","45,365,000","15,924,000","41,998,000","43,189,000","33,185,000","33,600,000","24,100,000","16,600,000","16,500,000","17,100,000","17,200,000","17,200,000","17,300,000","18,600,000","19,000,000","19,200,000","19,600,000"
			DepreciationIncomeStatement,,,,,,,,,,,,,,,,,,,,,,,,,,,,,,,,,,,,,,,,,,,,,,,,,,,,,,,,,,,,,,,,,,,,,,,,,,,,,,,,,,,,,"34,265,000",,,,,,,,,,,,,,,,
			Amortization,"103,000,000","26,000,000","25,000,000","25,000,000","27,000,000","26,000,000","27,000,000","25,000,000","25,000,000","24,000,000","23,000,000","25,000,000","24,000,000","24,000,000","22,000,000","22,000,000","22,000,000","20,000,000","19,000,000","18,000,000","17,000,000","18,000,000","18,000,000","17,000,000","19,000,000","20,000,000","20,000,000","20,000,000","21,000,000","23,000,000","24,000,000","25,000,000","22,000,000","19,802,000","20,158,000","19,756,000","19,284,000","14,387,000","19,961,000","20,169,000","20,231,000","19,189,000","19,402,000","18,592,000","9,849,000","10,677,000","9,915,000","9,270,000","9,359,000","9,526,000","9,154,000","9,377,000","9,005,000","9,323,000","8,790,000","9,916,000","9,264,000","9,162,000","8,932,000","5,350,000","4,460,000","3,203,000","3,045,000","2,257,000","2,338,000","1,954,000","912,000","933,000","931,000","917,000","1,664,000","2,058,000","2,064,000","2,055,000","2,055,000","2,068,000","2,023,000","2,130,000","2,023,000","2,065,000","2,155,000","11,426,000","11,442,000","12,139,000","11,100,000",,,,,,,,,,,,,,,,
				AmortizationOfIntangiblesIncomeStatement,"103,000,000","26,000,000","25,000,000","25,000,000","27,000,000","26,000,000","27,000,000","25,000,000","25,000,000","24,000,000","23,000,000","25,000,000","24,000,000","24,000,000","22,000,000","22,000,000","22,000,000","20,000,000","19,000,000","18,000,000","17,000,000","18,000,000","18,000,000","17,000,000","19,000,000","20,000,000","20,000,000","20,000,000","21,000,000","23,000,000","24,000,000","25,000,000","22,000,000","19,802,000","20,158,000","19,756,000","19,284,000","14,387,000","19,961,000","20,169,000","20,231,000","19,189,000","19,402,000","18,592,000","9,849,000","10,677,000","9,915,000","9,270,000","9,359,000","9,526,000","9,154,000","9,377,000","9,005,000","9,323,000","8,790,000","9,916,000","9,264,000","9,162,000","8,932,000","5,350,000","4,460,000","3,203,000","3,045,000","2,257,000","2,338,000","1,954,000","912,000","933,000","931,000","917,000","1,664,000","2,058,000","2,064,000","2,055,000","2,055,000","2,068,000","2,023,000","2,130,000","2,023,000","2,065,000","2,155,000","11,426,000","11,442,000","12,139,000","11,100,000",,,,,,,,,,,,,,,,
	OtherOperatingExpenses,"-2,000,000","0",,"-2,000,000",,"1,000,000","65,000,000","-62,000,000","5,000,000","-74,000,000","-6,000,000","-6,000,000","-9,000,000","0","-13,000,000","-2,000,000","1,000,000","0","1,000,000","-1,000,000","1,000,000","7,000,000","-21,000,000",,"1,000,000","11,000,000","-1,000,000","-7,000,000","8,000,000","-8,000,000",,"1,000,000",,"108,000","40,177,000","-4,951,000","666,000","-3,334,000","400,000","591,000","-539,000","497,000","1,781,000","572,000","235,912,000","7,747,000","-154,000","1,180,000","476,000","5,123,000","608,000","-15,902,000","148,000","-2,639,000","-424,000","-1,656,000",,"-2,103,000","1,214,000","-450,000",,"-25,175,000","-1,070,000",,"27,355,000","7,191,000","7,267,000","-47,000","211,000",,"-139,000",,"-27,000",,"-1,950,000",,,,,,,,,,,,,,,,,,,,,,,,,,
OperatingIncome,"2,381,000,000","536,000,000","652,000,000","533,000,000","660,000,000","795,000,000","718,000,000","283,000,000","175,000,000","363,000,000","313,000,000","307,000,000","248,000,000","224,000,000","304,000,000","305,000,000","272,000,000","269,000,000","298,000,000","319,000,000","279,000,000","276,000,000","322,000,000","304,000,000","257,000,000","239,000,000","297,000,000","301,000,000","228,000,000","257,000,000","256,000,000","262,000,000","208,000,000","269,946,000","215,339,000","288,721,000","226,994,000","257,731,000","308,733,000","334,748,000","299,585,000","325,181,000","322,053,000","316,854,000","30,960,000","294,212,000","336,867,000","365,894,000","298,562,000","330,393,000","348,280,000","359,375,000","321,063,000","317,057,000","316,935,000","308,123,000","280,261,000","312,065,000","305,992,000","272,409,000","200,870,000","279,102,000","292,861,000","262,625,000","244,541,000","233,849,000","243,196,000","261,200,000","229,913,000","230,839,000","231,700,000","230,019,000","208,879,000","195,985,000","217,523,000","218,681,000","163,478,000","145,288,000","159,029,000","159,666,000","128,466,000","103,084,000","105,135,000","113,585,000","89,586,000","76,485,000","82,789,000","91,876,000","66,667,000","52,900,000","44,900,000","31,500,000","22,700,000","21,400,000","21,500,000","27,400,000","24,100,000","9,100,000","18,600,000","28,000,000","18,800,000"
NetNonOperatingInterestIncomeExpense,"-151,000,000","-37,000,000","-38,000,000","-38,000,000","-38,000,000","-39,000,000","-42,000,000","-41,000,000","-41,000,000","-42,000,000","-44,000,000","-45,000,000","-44,000,000","-43,000,000","-41,000,000","-42,000,000","-41,000,000","-39,000,000","-38,000,000","-38,000,000","-36,000,000","-36,000,000","-37,000,000","-34,000,000","-36,000,000","-36,000,000","-35,000,000","-37,000,000","-45,000,000","-42,000,000","-41,000,000","-42,000,000","-39,000,000","-39,246,000","-39,968,000","-39,921,000","-39,865,000","-39,386,000","-41,028,000","-41,942,000","-42,333,000","-42,665,000","-43,408,000","-46,581,000","-37,929,000","-37,566,000","-36,200,000","-36,367,000","-35,955,000","-34,749,000","-33,065,000","-36,846,000","-39,408,000",,,,,,,,,,,,,,,,,,,,,,,,,,,,,,,,,,,,,,,,,,,,,,,,
	InterestIncomeNonOperating,"1,000,000","1,000,000","0","0","0","1,000,000","0","1,000,000",,"2,000,000","1,000,000","1,000,000","1,000,000","0","1,000,000","1,000,000","0","0","1,000,000","0","1,000,000","0","0","1,000,000",,"0","0","0","0","1,000,000","1,000,000","0","1,000,000","1,032,000","689,000","658,000","621,000","991,000","657,000",,"654,000","1,114,000","651,000","650,000","351,000","294,000","272,000","273,000","575,000","275,000","1,693,000","115,000","436,000",,,,,,,,,,,,,,,,,,,,,,,,,,,,,,,,,,,,,,,,,,,,,,,,
	InterestExpenseNonOperating,"152,000,000","38,000,000","38,000,000","38,000,000","38,000,000","40,000,000","42,000,000","42,000,000","41,000,000","44,000,000","45,000,000","46,000,000","45,000,000","43,000,000","42,000,000","43,000,000","41,000,000","39,000,000","39,000,000","38,000,000","37,000,000","36,000,000","37,000,000","35,000,000","36,000,000","36,000,000","35,000,000","37,000,000","45,000,000","43,000,000","42,000,000","42,000,000","40,000,000","40,278,000","40,657,000","40,579,000","40,486,000","40,377,000","41,685,000","41,942,000","42,987,000","43,779,000","44,059,000","47,231,000","38,280,000","37,860,000","36,472,000","36,640,000","36,530,000","35,024,000","34,758,000","36,961,000","39,844,000",,,,,,,,,,,,,,,,,,,,,,,,,,,,,,,,,,,,,,,,,,,,,,,,
	TotalOtherFinanceCost,,,,,,,,,"41,000,000","42,000,000","44,000,000","45,000,000","44,000,000","43,000,000","41,000,000","42,000,000","41,000,000","39,000,000","38,000,000",,"36,000,000","36,000,000","37,000,000","34,000,000","36,000,000","36,000,000","35,000,000","37,000,000","45,000,000","42,000,000","41,000,000","42,000,000","39,000,000","39,000,000","40,000,000","39,900,000","39,900,000","40,000,000","41,000,000",,,,"43,400,000",,"37,900,000",,"36,200,000","36,300,000",,,,,,,,,,,,,,,,,,,,,,,,,,,,,,,,,,,,,,,,,,,,,,,,,,,,,
OtherIncomeExpense,"369,000,000","3,000,000","40,000,000","322,000,000","4,000,000","2,000,000","77,000,000","13,000,000","-16,000,000","7,000,000","1,000,000","3,000,000","9,000,000","-14,000,000","3,000,000","1,000,000","-2,000,000","4,000,000","-2,000,000","11,000,000","3,000,000","2,000,000","4,000,000","113,000,000","-49,000,000","3,000,000","330,000,000","-57,000,000","-71,000,000","8,000,000","6,000,000","9,000,000","7,000,000","6,988,000","481,964,000","7,511,000","9,537,000","6,671,000","7,134,000","6,116,000","12,366,000","9,713,000","4,624,000","7,523,000","9,907,000","10,295,000","10,351,000","-36,101,000","13,976,000","-3,281,000","11,022,000","-713,000","5,861,000","-2,851,000","-4,455,000","9,796,000","6,962,000","5,099,000","5,834,000","7,384,000","8,912,000","23,109,000","4,329,000","-6,054,000","-1,903,000","-1,263,000","-7,751,000","5,896,000","7,758,000","5,956,000","5,693,000","4,174,000","5,783,000","4,491,000","6,259,000","6,005,000","3,028,000","8,036,000","4,165,000","5,660,000","614,000","4,116,000","2,437,000","-4,565,000","-298,000","-6,756,000","2,803,000","-219,000","428,000","-41,200,000","-31,500,000","-2,000,000","-1,300,000","-4,500,000","-1,100,000","-100,000","-1,200,000","-49,900,000","-2,000,000","-1,200,000","300,000"
	EarningsFromEquityInterest,,,,,,,,,,,,,,,,,,,,,,,,,,"0","334,000,000","7,000,000","7,000,000","7,000,000","7,000,000","6,000,000","6,000,000","5,697,000","4,904,000","7,253,000","6,146,000","5,982,000","4,662,000","7,372,000","7,609,000","6,085,000","7,301,000","7,869,000","7,699,000","7,007,000","7,201,000","7,385,000","7,964,000","7,683,000","8,572,000","8,382,000","8,570,000","6,615,000","7,530,000","7,592,000","7,999,000","6,915,000","6,553,000","6,597,000","6,904,000","7,204,000","6,621,000","6,632,000","8,012,000","6,679,000","5,852,000","6,440,000","7,214,000","5,547,000","5,548,000","5,397,000","4,557,000","4,458,000","4,371,000",,,,,,,,,,,,,,,,,,,,,,,,,,
	SpecialIncomeCharges,,,,,,,,,,,,,,"-4,000,000",,,,"0","0","0",,"0","0","118,000,000",,,,,,"0","0",,,"-138,000","474,138,000",,,,"2,472,000","-1,256,000","4,757,000","3,628,000","-2,677,000","-346,000","2,208,000","3,288,000","3,150,000","-43,486,000","6,012,000","-10,964,000","2,450,000","-9,095,000","-2,709,000","-9,466,000","-11,985,000","2,204,000","-1,037,000","-1,816,000","-719,000","787,000","2,008,000","15,905,000","-2,292,000","-12,686,000","-9,915,000","-7,942,000","-13,603,000","-544,000","544,000","409,000","145,000","-1,223,000","1,226,000","33,000","1,888,000","6,005,000","3,028,000","8,036,000","4,165,000","5,660,000","614,000","4,116,000","2,437,000","-4,565,000","-298,000","-6,756,000","2,803,000","-219,000","428,000","-41,200,000","-31,500,000","-2,000,000","-1,300,000","-4,500,000","-1,100,000","-100,000","-1,200,000","-49,900,000","-2,000,000","-1,200,000","300,000"
		GainOnSaleOfBusiness,,,,,,,,,,,,,,"-4,000,000",,,,"0","0","0",,"0","0","118,000,000",,,,,,,,,,,,,,,,,,,,,,,,,,,,,,,,,,,,,,,,,,,,,,,,,,,,,,,,,,,,,,,,,,,,,,,,,,,,,
		GainOnSaleOfPPE,,,,,,,,,,,,,,,,,,,,,,,,,,,,,,"0","0",,,"-138,000","474,138,000",,,,,,,,,,,,,,,,,,,,,,,,,,,,,,,,,,,,,,,,,,,,,,,,,,,,,,,,,,,,,,,,,,
	OtherNonOperatingIncomeExpenses,"369,000,000","3,000,000","40,000,000","322,000,000","4,000,000","2,000,000","77,000,000","13,000,000","-16,000,000","7,000,000","1,000,000","3,000,000","9,000,000","-10,000,000","3,000,000","1,000,000","-2,000,000","4,000,000","-2,000,000","11,000,000","3,000,000","2,000,000","4,000,000","-5,000,000","-49,000,000","3,000,000","-4,000,000","-64,000,000","-78,000,000","1,000,000","-1,000,000","3,000,000","1,000,000","1,429,000","2,922,000","258,000","3,391,000","600,000",,,,,,,,,,,,,,,,,,,,,,,,,,,,,,,,,,,,,,,,,,,,,,,,,,,,,,,,,,,,,,,
PretaxIncome,"2,599,000,000","502,000,000","654,000,000","817,000,000","626,000,000","758,000,000","753,000,000","255,000,000","118,000,000","328,000,000","270,000,000","265,000,000","213,000,000","167,000,000","266,000,000","264,000,000","229,000,000","234,000,000","258,000,000","292,000,000","246,000,000","242,000,000","289,000,000","383,000,000","172,000,000","206,000,000","592,000,000","207,000,000","112,000,000","223,000,000","221,000,000","229,000,000","176,000,000","237,688,000","657,335,000","256,311,000","196,666,000","225,016,000","274,839,000","298,922,000","269,618,000","292,229,000","283,269,000","277,796,000","2,938,000","266,941,000","311,018,000","329,793,000","276,583,000","292,363,000","326,237,000","321,816,000","287,516,000","263,077,000","260,318,000","263,005,000","232,552,000","253,720,000","247,725,000","233,832,000","177,125,000","247,949,000","267,266,000","228,059,000","241,061,000","214,992,000","226,039,000","249,337,000","220,086,000","208,030,000","218,731,000","212,828,000","195,537,000","182,846,000","202,753,000","203,405,000","148,794,000","137,237,000","146,145,000","146,472,000","112,523,000","91,535,000","89,886,000","85,711,000","65,472,000","53,553,000","54,019,000","58,213,000","35,196,000","-18,600,000","-5,600,000","24,500,000","14,000,000","10,000,000","12,100,000","18,300,000","13,600,000","-50,200,000","6,300,000","16,500,000","8,400,000"
TaxProvision,"597,000,000","114,000,000","153,000,000","177,000,000","153,000,000","191,000,000","177,000,000","66,000,000","26,000,000","72,000,000","62,000,000","63,000,000","50,000,000","40,000,000","48,000,000","42,000,000","52,000,000","-23,000,000","92,000,000","94,000,000","78,000,000","84,000,000","95,000,000","183,000,000","68,000,000","14,000,000","239,000,000","78,000,000","42,000,000","28,000,000","82,000,000","87,000,000","65,000,000","86,298,000","245,874,000","94,491,000","73,337,000","84,786,000","103,340,000","112,394,000","101,377,000","92,886,000","101,126,000","105,762,000","49,226,000","91,600,000","102,902,000","125,651,000","105,378,000","101,605,000","125,145,000","123,535,000","110,189,000","93,481,000","100,642,000","100,787,000","91,858,000","99,711,000","97,400,000","91,853,000","69,610,000","96,674,000","103,413,000","96,082,000","96,425,000","84,663,000","90,791,000","100,248,000","88,475,000","81,957,000","88,587,000","85,999,000","79,388,000","74,601,000","82,729,000","82,993,000","60,758,000","55,540,000","59,528,000","59,321,000","45,834,000","40,597,000","39,764,000","38,607,000","29,724,000","25,294,000","25,307,000","28,045,000","17,387,000","-4,100,000","1,700,000","11,400,000","6,600,000","4,600,000","6,000,000","9,400,000","7,000,000","-12,800,000","3,300,000","8,400,000","4,400,000"
EarningsFromEquityInterestNetOfTax,"78,000,000","25,000,000","26,000,000","10,000,000","17,000,000","42,000,000","15,000,000","4,000,000","14,000,000","9,000,000","18,000,000","17,000,000","13,000,000","12,000,000","9,000,000","11,000,000","12,000,000","10,000,000","9,000,000","9,000,000","7,000,000","9,000,000","11,000,000","9,000,000","10,000,000","8,000,000","1,000,000",,,,,,,,,,,,,,,,,,,,,,,,,,,,,,,,,,,,,,,,,,,,,,,,,,,,,,,,,,,,,,,,,,,,,,,,,,
NetIncomeCommonStockholders,"1,988,000,000","389,000,000","503,000,000","631,000,000","468,000,000","576,000,000","566,000,000","184,000,000","99,000,000","250,000,000","215,000,000","226,000,000","163,000,000","126,000,000","212,000,000","219,000,000","176,000,000","253,000,000","160,000,000","193,000,000","163,000,000","155,000,000","190,000,000","194,000,000","102,000,000","188,000,000","340,000,000","117,000,000","61,000,000","190,000,000","128,000,000","133,000,000","103,000,000","142,020,000","403,659,000","164,906,000","135,414,000","53,310,000","163,082,000","177,705,000","159,118,000","189,437,000","171,848,000","163,143,000","-53,861,000","165,756,000","198,075,000","194,615,000","162,448,000","181,590,000","192,219,000","188,200,000","175,656,000","169,813,000","110,742,000","161,328,000","139,607,000","-5,251,000","97,965,000","141,332,000","105,893,000","149,286,000","160,522,000","131,977,000","144,636,000","130,329,000","135,248,000","149,089,000","131,611,000","126,073,000","130,144,000","126,829,000","116,149,000","108,245,000","120,024,000","120,412,000","88,036,000","81,697,000","86,617,000","87,151,000","66,689,000","50,938,000","50,122,000","25,495,000","35,748,000","25,363,000","28,712,000","30,168,000","17,809,000","-14,500,000","-9,400,000","13,100,000","7,400,000","5,400,000","6,100,000","8,900,000","6,600,000","-37,400,000","3,000,000","8,100,000","4,000,000"
	NetIncome,"1,995,000,000","390,000,000","505,000,000","631,000,000","469,000,000","579,000,000","568,000,000","185,000,000","99,000,000","253,000,000","215,000,000","226,000,000","164,000,000","127,000,000","213,000,000","219,000,000","177,000,000","254,000,000","161,000,000","193,000,000","164,000,000","155,000,000","192,000,000","195,000,000","102,000,000","188,000,000","342,000,000","118,000,000","61,000,000","190,000,000","129,000,000","133,000,000","104,000,000","142,610,000","405,143,000","165,468,000","135,779,000","55,816,000","163,082,000","177,705,000","159,118,000","189,437,000","171,848,000","163,143,000","-53,861,000","165,756,000","198,075,000","194,615,000","162,448,000","181,590,000","192,219,000","188,200,000","175,656,000","169,813,000","110,742,000","161,328,000","139,607,000","-5,251,000","97,965,000","141,332,000","105,893,000","149,286,000","160,522,000","131,977,000","144,636,000","130,329,000","135,248,000","149,089,000","131,611,000","126,073,000","130,144,000","126,829,000","116,149,000","108,245,000","120,024,000","120,412,000","88,036,000","81,697,000","86,617,000","87,151,000","66,689,000","50,938,000","50,122,000","25,495,000","35,748,000","25,363,000","28,712,000","30,168,000","17,809,000","-14,500,000","-9,400,000","13,100,000","7,400,000","5,400,000","6,100,000","8,900,000","6,600,000","-37,400,000","3,000,000","8,100,000","4,000,000"
		NetIncomeIncludingNoncontrollingInterests,"2,080,000,000","413,000,000","527,000,000","650,000,000","490,000,000","609,000,000","591,000,000","193,000,000","106,000,000","265,000,000","226,000,000","239,000,000","176,000,000","139,000,000","227,000,000","233,000,000","189,000,000","267,000,000","175,000,000","207,000,000","175,000,000","167,000,000","205,000,000","209,000,000","114,000,000","200,000,000","354,000,000","129,000,000","70,000,000","200,000,000","139,000,000","142,000,000","111,000,000","150,893,000","413,867,000","174,623,000","143,617,000","65,608,000","171,538,000","186,473,000","168,515,000","198,892,000","181,893,000","171,527,000","-46,662,000","174,232,000","207,756,000","203,876,000","171,153,000","190,562,000","201,635,000","198,369,000","175,656,000","178,034,000","119,346,000","169,154,000","146,661,000","2,148,000","104,593,000","147,685,000","112,023,000","155,875,000","166,575,000","137,827,000","150,044,000","134,906,000","140,081,000","154,161,000","136,624,000","131,060,000","135,037,000","131,848,000","120,603,000","113,050,000","124,631,000","124,827,000","91,839,000","85,090,000","90,278,000","91,089,000","70,571,000","54,048,000","52,998,000","28,346,000","36,864,000","17,877,000","30,822,000","33,408,000","19,945,000","-14,500,000","-9,400,000","13,100,000","7,400,000","5,400,000","6,100,000","8,900,000","6,600,000","-37,400,000","3,000,000","8,100,000","4,000,000"
			NetIncomeContinuousOperations,"2,080,000,000","413,000,000","527,000,000","650,000,000","490,000,000","609,000,000","591,000,000","193,000,000","106,000,000","265,000,000","226,000,000","219,000,000","176,000,000","139,000,000","227,000,000","233,000,000","189,000,000","267,000,000","175,000,000","207,000,000","175,000,000","167,000,000","205,000,000","209,000,000","114,000,000","200,000,000","354,000,000","129,000,000","70,000,000","195,000,000","139,000,000","142,000,000","111,000,000","151,390,000","411,461,000","161,820,000","123,329,000","140,230,000","171,499,000","186,528,000","168,241,000","199,343,000","182,143,000","172,034,000","-46,288,000","175,341,000","208,116,000","204,142,000","171,205,000","190,758,000","201,092,000","198,281,000","177,327,000","169,596,000","159,676,000","162,218,000","140,694,000","154,009,000","150,325,000","141,979,000","107,515,000","151,275,000","163,853,000","131,977,000","144,636,000","130,329,000","135,248,000","149,089,000","131,611,000","126,073,000","130,144,000","126,829,000","116,149,000","108,245,000","120,024,000","120,412,000","88,036,000","81,697,000","86,617,000","87,151,000","66,689,000","50,938,000","50,122,000","47,104,000","35,748,000","28,259,000","28,712,000","30,168,000","17,809,000","-14,500,000","-7,300,000","13,100,000","7,400,000","5,400,000","6,100,000","8,900,000","6,600,000","-37,400,000","3,000,000","8,100,000","4,000,000"
			NetIncomeDiscontinuousOperations,"0",,,,,"0","0","0",,"0","0","20,000,000",,,,,,,,,,,,,,"0",,,,"5,000,000","0","0","0","-497,000","2,406,000","12,803,000","20,288,000","-74,622,000","39,000","-55,000","274,000","-451,000","-250,000","-507,000","-374,000","-1,109,000","-360,000","-266,000","-52,000","-196,000","543,000","88,000","-1,671,000","217,000","-48,934,000","-890,000","-1,087,000","-159,260,000","-52,360,000","-647,000","-1,622,000","-1,989,000","-3,331,000",,,,,,,,,,,,,,,,,,,,,,,,,,,,,,,,,,,,,,
			NetIncomeExtraordinary,,,,,,,,,,,,,,,,,,,,,,,,,,,,,,,,,,,,,,,,,,,,,,,,,,,,,,,,,,,,,,,,,,,,,,,,,,,,,,,,,,"0",,"-21,609,000",,,,,,,,,,,,,,,,,
			NetIncomeFromTaxLossCarryforward,,,,,,,,,,,,,,,,,,,,,,,,,,,,,,,,,,,,,,,,,,,,,,,,,,,,,,,,,,,,,,,,,,,,,,,,,,,,,,,,,,,,,,,,,,"0","-2,100,000",,,,,,,,,,
		MinorityInterests,"-85,000,000","-23,000,000","-22,000,000","-19,000,000","-21,000,000","-30,000,000","-23,000,000","-8,000,000","-7,000,000","-12,000,000","-11,000,000","-13,000,000","-12,000,000","-12,000,000","-14,000,000","-14,000,000","-12,000,000","-13,000,000","-14,000,000","-14,000,000","-11,000,000","-12,000,000","-13,000,000","-14,000,000","-12,000,000","-12,000,000","-12,000,000","-11,000,000","-9,000,000","-10,000,000","-10,000,000","-9,000,000","-7,000,000","-8,283,000","-8,724,000","-9,155,000","-7,838,000","-9,792,000","-8,456,000","-8,768,000","-9,397,000","-9,455,000","-10,045,000","-8,384,000","-7,199,000","-8,476,000","-9,681,000","-9,261,000","-8,705,000","-8,972,000","-9,416,000","-10,169,000",,"-8,221,000","-8,604,000","-7,826,000","-7,054,000","-7,399,000","-6,628,000","-6,353,000","-6,130,000","-6,589,000","-6,053,000","-5,850,000","-5,408,000","-4,577,000","-4,833,000","-5,072,000","-5,013,000","-4,987,000","-4,893,000","-5,019,000","-4,454,000","-4,805,000","-4,607,000","-4,415,000","-3,803,000","-3,393,000","-3,661,000","-3,938,000","-3,882,000","-3,110,000","-2,876,000","-2,851,000","-1,116,000",,"-2,110,000","-3,240,000","-2,136,000",,,,,,,,,,,,
	OtherunderPreferredStockDividend,"7,000,000","1,000,000","2,000,000","3,000,000","1,000,000","3,000,000","2,000,000","1,000,000",,,,,"1,000,000","1,000,000","1,000,000","0","1,000,000","1,000,000","1,000,000","0","1,000,000","0","2,000,000","1,000,000","0","0","2,000,000","1,000,000","0","0","1,000,000","0","1,000,000","590,000","1,484,000","562,000","365,000","600,000",,,,,,,,,,,,,,,,,,,,,,,,,,,,,,,,,,,,,,,,,,,,,,,,,,,,,,,,,,,,,,,
DilutedNIAvailtoComStockholders,"1,988,000,000","389,000,000","503,000,000","631,000,000","468,000,000","576,000,000","566,000,000","184,000,000","99,000,000","250,000,000","215,000,000","226,000,000","163,000,000","126,000,000","212,000,000","219,000,000","176,000,000","253,000,000","160,000,000","193,000,000","163,000,000","155,000,000","190,000,000","194,000,000","102,000,000","188,000,000","340,000,000","117,000,000","61,000,000","190,000,000","128,000,000","133,000,000","103,000,000","142,020,000","403,659,000","164,906,000","135,414,000","53,310,000","163,082,000","177,705,000","159,118,000","189,437,000","171,848,000","163,143,000","-53,861,000","165,756,000","198,075,000","194,615,000","162,448,000","181,590,000","192,219,000","188,200,000","175,656,000","169,813,000","110,742,000","161,328,000","139,607,000","-5,251,000","97,965,000","141,332,000","105,893,000","149,286,000","160,522,000","131,977,000","144,636,000","130,329,000","135,248,000","149,089,000","131,611,000","126,073,000","130,144,000","126,829,000","116,149,000","108,245,000","120,024,000","120,412,000","88,036,000","81,697,000","86,617,000","87,151,000","66,689,000","50,938,000","50,122,000","25,495,000","35,748,000","25,363,000","28,712,000","30,168,000","17,809,000","-14,500,000","-9,400,000","13,100,000","7,400,000","5,400,000","6,100,000","8,900,000","6,600,000","-37,400,000","3,000,000","8,100,000","4,000,000"
BasicEPS,,"3.19","4.11","5.05","3.52","4.28","4.2","1.38","0.74","1.88","1.59","1.67","1.22","0.93","1.56","1.6","1.3","1.86","1.18","1.4","1.19","1.11","1.37","1.38","0.71","1.31","2.37","0.82","0.42","1.3","0.89","0.92","0.72","0.97","2.7","1.07","0.86","0.35","1.02","1.12","1",,"1.08","1.03","0.87",,"1.14","1.08","0.9",,"1.03","1.01","0.88",,"0.57","0.83","0.72",,"0.51","0.74","0.55",,"0.81","0.67","0.73",,"0.67","0.74","0.65",,"0.645","0.615","0.565",,"0.575","0.575","0.44",,"0.445","0.45","0.35",,"0.27","0.14","0.195",,"0.16","0.17","0.1",,"-0.065","0.11","0.063",,"0.05","0.075","0.055",,"0.025","0.07","0.035"
DilutedEPS,,"3.12","4.02","4.96","3.46","4.21","4.14","1.36","0.73","1.86","1.56","1.66","1.2","0.92","1.53","1.57","1.27","1.82","1.15","1.37","1.16","1.09","1.34","1.37","0.7","1.29","2.35","0.81","0.42","1.29","0.88","0.92","0.71","0.97","2.68","1.07","0.85","0.34","1.01","1.11","0.99",,"1.07","1.02","0.86",,"1.13","1.07","0.89",,"1.02","1","0.88",,"0.56","0.82","0.71",,"0.5","0.73","0.54",,"0.8","0.66","0.72",,"0.66","0.72","0.64",,"0.63","0.6","0.55",,"0.56","0.56","0.43",,"0.435","0.435","0.335",,"0.255","0.13","0.185",,"0.15","0.16","0.098",,"-0.065","0.108","0.06",,"0.05","0.073","0.055",,"0.025","0.07","0.035"
BasicAverageShares,,"122,000,000","123,000,000","125,000,000","133,000,000","135,000,000","135,000,000","134,000,000","134,000,000","134,000,000","135,000,000","135,000,000","134,000,000","136,000,000","136,000,000","136,000,000","136,000,000","136,000,000","137,000,000","137,000,000","137,000,000","138,000,000","139,000,000","140,000,000","143,000,000","143,000,000","144,000,000","144,000,000","144,000,000","145,000,000","145,000,000","144,000,000","144,000,000","146,000,000","149,600,000","152,700,000","158,100,000","158,700,000","158,800,000","158,500,000","158,300,000",,"157,800,000","157,600,000","161,500,000",,"173,200,000","178,900,000","180,200,000",,"185,100,000","185,266,000","189,370,000",,"194,971,000","194,527,000","194,143,000",,"193,377,000","192,651,000","193,379,000",,"197,164,000","198,013,000","198,395,000",,"202,681,000","202,597,000","201,718,000",,"202,488,000","206,018,000","206,284,000",,"209,574,000","210,098,000","200,074,000",,"193,800,000","192,786,000","190,844,000",,"186,764,000","185,132,000","183,780,000",,"179,888,000","178,308,000","176,524,000",,"144,615,385","119,090,909","118,400,000",,"122,000,000","118,666,667","120,000,000",,"120,000,000","115,714,286","114,285,714"
DilutedAverageShares,,"125,000,000","125,000,000","127,000,000","135,000,000","137,000,000","137,000,000","136,000,000","135,000,000","136,000,000","137,000,000","136,000,000","136,000,000","137,000,000","139,000,000","139,000,000","139,000,000","139,000,000","140,000,000","140,000,000","141,000,000","141,000,000","142,000,000","142,000,000","144,000,000","144,000,000","145,000,000","145,000,000","146,000,000","146,000,000","145,000,000","145,000,000","145,000,000","146,000,000","150,900,000","154,100,000","159,400,000","160,100,000","160,700,000","159,800,000","159,700,000",,"159,000,000","159,400,000","163,200,000",,"174,300,000","180,800,000","182,400,000",,"187,200,000","187,003,000","190,698,000",,"197,190,000","196,119,000","195,783,000",,"195,589,000","194,476,000","195,263,000",,"200,129,000","200,586,000","201,034,000",,"206,126,000","206,554,000","206,142,000",,"206,544,000","210,794,000","211,484,000",,"214,556,000","215,354,000","204,910,000",,"199,424,000","200,594,000","198,614,000",,"196,092,000","194,608,000","193,240,000",,"191,540,000","187,924,000","182,464,000",,"144,615,385","121,860,465","123,333,333",,"122,000,000","122,758,621","120,000,000",,"120,000,000","115,714,286","114,285,714"
TotalOperatingIncomeAsReported,"2,381,000,000","536,000,000","652,000,000","533,000,000","660,000,000","795,000,000","718,000,000","283,000,000","175,000,000","363,000,000","313,000,000","307,000,000","248,000,000","220,000,000","304,000,000","305,000,000","272,000,000","269,000,000","298,000,000","319,000,000","279,000,000","276,000,000","322,000,000","422,000,000","257,000,000","239,000,000","631,000,000","301,000,000","228,000,000","257,000,000","256,000,000","262,000,000","208,000,000","269,808,000","689,477,000","288,721,000","226,994,000","257,731,000","308,733,000","334,748,000","299,585,000","325,181,000","322,053,000","316,854,000","30,960,000","294,212,000","336,867,000","365,894,000","298,562,000","330,393,000","348,280,000","359,375,000","321,063,000","317,057,000","316,935,000","308,123,000","280,261,000","312,065,000","305,992,000","272,409,000","200,870,000","279,102,000","292,861,000","262,625,000","244,541,000","233,849,000","243,196,000","261,200,000","229,913,000","230,839,000","231,700,000","230,019,000","208,879,000","195,985,000","217,523,000","218,681,000","163,478,000","145,288,000","159,029,000","159,666,000","128,466,000","103,084,000","105,135,000","113,585,000","89,586,000","76,485,000","82,789,000","91,876,000","66,667,000","52,900,000","44,900,000","31,500,000","22,700,000","21,400,000","21,500,000","27,400,000","24,100,000","9,100,000","18,600,000","28,000,000","18,800,000"
TotalExpenses,"8,407,000,000","2,208,000,000","2,122,000,000","2,017,000,000","2,060,000,000","2,207,000,000","2,068,000,000","1,544,000,000","1,647,000,000","1,563,000,000","1,643,000,000","1,646,000,000","1,643,000,000","1,615,000,000","1,585,000,000","1,614,000,000","1,612,000,000","1,667,000,000","1,633,000,000","1,624,000,000","1,620,000,000","1,585,000,000","1,563,000,000","1,602,000,000","1,606,000,000","1,610,000,000","1,583,000,000","1,624,000,000","1,611,000,000","1,626,000,000","1,648,000,000","1,640,000,000","1,538,000,000","1,486,527,000","1,571,801,000","1,527,019,000","1,559,653,000","1,430,126,000","1,542,706,000","1,572,062,000","1,636,871,000","1,554,126,000","1,584,352,000","1,586,347,000","1,790,617,000","1,529,828,000","1,527,788,000","1,508,833,000","1,506,941,000","1,517,880,000","1,548,866,000","1,542,443,000","1,486,943,000","1,483,249,000","1,509,668,000","1,529,778,000","1,504,376,000","1,458,408,000","1,461,078,000","1,368,747,000","1,325,338,000","1,270,168,000","1,290,341,000","1,321,710,000","1,310,867,000","1,201,027,000","1,128,625,000","1,116,329,000","1,089,572,000","1,052,449,000","1,058,197,000","1,067,655,000","1,046,863,000","1,008,020,000","1,003,698,000","1,001,254,000","929,319,000","888,477,000","899,685,000","909,144,000","818,296,000","807,356,000","798,054,000","818,004,000","792,967,000","759,849,000","767,447,000","785,237,000","790,812,000","761,600,000","569,900,000","362,500,000","359,100,000","341,900,000","339,200,000","339,300,000","343,800,000","356,300,000","355,000,000","373,500,000","369,300,000"
NetIncomeFromContinuingAndDiscontinuedOperation,"1,995,000,000","390,000,000","505,000,000","631,000,000","469,000,000","579,000,000","568,000,000","185,000,000","99,000,000","253,000,000","215,000,000","226,000,000","164,000,000","127,000,000","213,000,000","219,000,000","177,000,000","254,000,000","161,000,000","193,000,000","164,000,000","155,000,000","192,000,000","195,000,000","102,000,000","188,000,000","342,000,000","118,000,000","61,000,000","190,000,000","129,000,000","133,000,000","104,000,000","142,610,000","405,143,000","165,468,000","135,779,000","55,816,000","163,082,000","177,705,000","159,118,000","189,437,000","171,848,000","163,143,000","-53,861,000","165,756,000","198,075,000","194,615,000","162,448,000","181,590,000","192,219,000","188,200,000","175,656,000","169,813,000","110,742,000","161,328,000","139,607,000","-5,251,000","97,965,000","141,332,000","105,893,000","149,286,000","160,522,000","131,977,000","144,636,000","130,329,000","135,248,000","149,089,000","131,611,000","126,073,000","130,144,000","126,829,000","116,149,000","108,245,000","120,024,000","120,412,000","88,036,000","81,697,000","86,617,000","87,151,000","66,689,000","50,938,000","50,122,000","47,104,000","35,748,000","28,259,000","28,712,000","30,168,000","17,809,000","-14,500,000","-7,300,000","13,100,000","7,400,000","5,400,000","6,100,000","8,900,000","6,600,000","-37,400,000","3,000,000","8,100,000","4,000,000"
NormalizedIncome,"1,995,000,000","390,000,000","505,000,000","631,000,000","469,000,000","579,000,000","568,000,000","185,000,000","99,000,000","253,000,000","215,000,000","206,000,000","164,000,000","127,000,000","213,000,000","219,000,000","177,000,000","254,000,000","161,000,000","193,000,000","164,000,000","155,000,000","192,000,000","124,200,000","102,000,000","188,000,000","342,000,000","118,000,000","61,000,000","185,000,000","129,000,000","133,000,000","104,000,000","143,194,895.981","105,926,612","152,665,000","115,491,000","130,438,000","161,500,476.821","178,543,746.824","155,875,643.151","187,413,172.368","173,819,320.762","163,864,271.494","-54,922,200","164,705,267.295","196,327,194.664","221,798,851.537","158,778,569.326","188,939,677.832","190,165,823.656","193,715,716.705","178,997,789.949","175,698,379.668","167,027,458.063","160,858,601.996","141,321,385.178","155,111,318.871","150,761,305.076","141,501,146.357","106,296,142.583","141,571,275.141","165,258,158.441","139,588,600","150,585,000","135,143,471.785","143,409,800","149,415,400","131,284,600","125,825,132.591","130,057,000","127,562,800","115,413,400","108,225,200","118,891,200","116,809,000","86,219,200","76,875,400","84,118,000","83,755,000","66,320,600","48,468,400","48,659,800","49,843,000","35,926,800","32,312,600","27,030,200","30,299,400","17,552,200","17,618,279.57","11,600,000","14,300,000","8,180,000","8,100,000","6,760,000","8,960,000","7,320,000","-223,505.976","4,200,000","8,820,000","3,820,000"
InterestIncome,"1,000,000","1,000,000","0","0","0","1,000,000","0","1,000,000",,"2,000,000","1,000,000","1,000,000","1,000,000","0","1,000,000","1,000,000","0","0","1,000,000","0","1,000,000","0","0","1,000,000",,"0","0","0","0","1,000,000","1,000,000","0","1,000,000","1,032,000","689,000","658,000","621,000","991,000","657,000",,"654,000","1,114,000","651,000","650,000","351,000","294,000","272,000","273,000","575,000","275,000","1,693,000","115,000","436,000",,,,,,,,,,,,,,,,,,,,,,,,,,,,,,,,,,,,,,,,,,,,,,,,
InterestExpense,"152,000,000","38,000,000","38,000,000","38,000,000","38,000,000","40,000,000","42,000,000","42,000,000","41,000,000","44,000,000","45,000,000","46,000,000","45,000,000","43,000,000","42,000,000","43,000,000","41,000,000","39,000,000","39,000,000","38,000,000","37,000,000","36,000,000","37,000,000","35,000,000","36,000,000","36,000,000","35,000,000","37,000,000","45,000,000","43,000,000","42,000,000","42,000,000","40,000,000","40,278,000","40,657,000","40,579,000","40,486,000","40,377,000","41,685,000","41,942,000","42,987,000","43,779,000","44,059,000","47,231,000","38,280,000","37,860,000","36,472,000","36,640,000","36,530,000","35,024,000","34,758,000","36,961,000","39,844,000",,,,,,,,,,,,,,,,,,,,,,,,,,,,,,,,,,,,,,,,,,,,,,,,
NetInterestIncome,"-151,000,000","-37,000,000","-38,000,000","-38,000,000","-38,000,000","-39,000,000","-42,000,000","-41,000,000","-41,000,000","-42,000,000","-44,000,000","-45,000,000","-44,000,000","-43,000,000","-41,000,000","-42,000,000","-41,000,000","-39,000,000","-38,000,000","-38,000,000","-36,000,000","-36,000,000","-37,000,000","-34,000,000","-36,000,000","-36,000,000","-35,000,000","-37,000,000","-45,000,000","-42,000,000","-41,000,000","-42,000,000","-39,000,000","-39,246,000","-39,968,000","-39,921,000","-39,865,000","-39,386,000","-41,028,000","-41,942,000","-42,333,000","-42,665,000","-43,408,000","-46,581,000","-37,929,000","-37,566,000","-36,200,000","-36,367,000","-35,955,000","-34,749,000","-33,065,000","-36,846,000","-39,408,000",,,,,,,,,,,,,,,,,,,,,,,,,,,,,,,,,,,,,,,,,,,,,,,,
EBIT,"2,751,000,000","540,000,000","692,000,000","855,000,000","664,000,000","798,000,000","795,000,000","297,000,000","159,000,000","372,000,000","315,000,000","311,000,000","258,000,000","210,000,000","308,000,000","307,000,000","270,000,000","273,000,000","297,000,000","330,000,000","283,000,000","278,000,000","326,000,000","418,000,000","208,000,000","242,000,000","627,000,000","244,000,000","157,000,000","266,000,000","263,000,000","271,000,000","216,000,000","277,966,000","697,992,000","296,890,000","237,152,000","265,393,000","316,524,000","340,864,000","312,605,000","336,008,000","327,328,000","325,027,000","41,218,000","304,801,000","347,490,000","366,433,000","313,113,000","327,387,000","360,995,000","358,777,000","327,360,000","299,109,000","316,935,000","308,123,000","280,261,000","312,065,000","305,992,000","272,409,000","200,870,000","279,102,000","292,861,000","262,625,000","244,541,000","233,849,000","243,196,000","261,200,000","229,913,000","230,839,000","231,700,000","230,019,000","208,879,000","195,985,000","217,523,000","218,681,000","163,478,000","145,288,000","159,029,000","159,666,000","128,466,000","103,084,000","105,135,000","113,585,000","89,586,000","76,485,000","82,789,000","91,876,000","66,667,000","52,900,000","44,900,000","31,500,000","22,700,000","21,400,000","21,500,000","27,400,000","24,100,000","9,100,000","18,600,000","28,000,000","18,800,000"
EBITDA,"3,159,000,000"
ReconciledCostOfRevenue,"6,274,000,000","1,638,000,000","1,594,000,000","1,490,000,000","1,552,000,000","1,661,000,000","1,518,000,000","1,157,000,000","1,210,000,000","1,206,000,000","1,205,000,000","1,209,000,000","1,184,000,000","1,178,000,000","1,167,000,000","1,188,000,000","1,174,000,000","1,141,000,000","1,140,000,000","1,122,000,000","1,120,000,000","1,115,000,000","1,112,000,000","1,111,000,000","1,101,000,000","1,096,000,000","1,105,000,000","1,127,000,000","1,106,000,000","1,128,000,000","1,123,000,000","1,118,000,000","1,048,000,000","999,772,000","1,039,692,000","1,041,626,000","1,040,900,000","991,020,000","1,038,408,000","1,058,828,000","1,064,595,000","1,024,885,000","1,062,629,000","1,050,267,000","1,043,482,000","1,027,595,000","1,037,243,000","1,025,267,000","1,012,399,000","1,016,740,000","1,043,074,000","1,044,402,000","997,634,000","984,483,000","1,015,769,000","1,025,972,000","1,002,632,000","983,263,000","971,506,000","919,194,000","885,910,000","873,227,000","887,392,000","889,129,000","876,262,000","826,371,000","764,477,000","756,608,000","738,485,000","716,076,000","707,550,000","717,406,000","698,275,000","667,874,000","674,707,000","666,921,000","613,419,000","586,753,000","594,216,000","598,818,000","529,583,000","509,273,000","509,909,000","524,892,000","505,900,000","496,382,000","474,230,000","489,202,000","507,792,000","536,000,000","353,100,000","214,300,000","215,600,000","202,600,000","199,200,000","206,000,000","206,100,000","207,100,000","216,300,000","226,400,000","225,700,000"
ReconciledDepreciation,"408,000,000","106,000,000","101,000,000","100,000,000","101,000,000","98,000,000","89,000,000","89,000,000","85,000,000","82,000,000","82,000,000","81,000,000","84,000,000","81,000,000","77,000,000","77,000,000","74,000,000","73,000,000","69,000,000","66,000,000","62,000,000","63,000,000","63,000,000","61,000,000","62,000,000","74,000,000","77,000,000","75,000,000","78,000,000","79,000,000","79,000,000","81,000,000","75,000,000","72,017,000","68,969,000","71,796,000","70,218,000","71,296,000","71,271,000","71,855,000","72,174,000","71,671,000","73,347,000","72,719,000","63,365,000","63,520,000","64,137,000","62,974,000","63,333,000","63,025,000","63,615,000","65,187,000","64,860,000","65,765,000","66,144,000","67,425,000","65,259,000","68,622,000","64,024,000","54,898,000","50,335,000","49,390,000","49,388,000","49,560,000","49,060,000","47,138,000","43,455,000","43,003,000","42,528,000","42,271,000","42,538,000","42,847,000","41,070,000","40,403,000","38,528,000","38,271,000","36,701,000","34,694,000","32,882,000","33,505,000","30,310,000","39,727,000","37,097,000","36,638,000","34,265,000","15,924,000","41,998,000","43,189,000","33,185,000","33,600,000","24,100,000","16,600,000","16,500,000","17,100,000","17,200,000","17,200,000","17,300,000","18,600,000","19,000,000","19,200,000","19,600,000"
NetIncomeFromContinuingOperationNetMinorityInterest,"1,995,000,000","390,000,000","505,000,000","631,000,000","469,000,000","579,000,000","568,000,000","185,000,000","99,000,000","253,000,000","215,000,000","206,000,000","164,000,000","127,000,000","213,000,000","219,000,000","177,000,000","254,000,000","161,000,000","193,000,000","164,000,000","155,000,000","192,000,000","195,000,000","102,000,000","188,000,000","342,000,000","118,000,000","61,000,000","185,000,000","129,000,000","133,000,000","104,000,000","143,107,000","402,737,000","152,665,000","115,491,000","130,438,000","163,043,000","177,760,000","158,844,000","189,888,000","172,098,000","163,650,000","-53,487,000","166,865,000","198,435,000","194,881,000","162,500,000","181,786,000","191,676,000","188,112,000","177,327,000","169,596,000","159,676,000","162,218,000","140,694,000","154,009,000","150,325,000","141,979,000","107,515,000","151,275,000","163,853,000","131,977,000","144,636,000","130,329,000","135,248,000","149,089,000","131,611,000","126,073,000","130,144,000","126,829,000","116,149,000","108,245,000","120,024,000","120,412,000","88,036,000","81,697,000","86,617,000","87,151,000","66,689,000","50,938,000","50,122,000","47,104,000","35,748,000","28,259,000","28,712,000","30,168,000","17,809,000","-14,500,000","-7,300,000","13,100,000","7,400,000","5,400,000","6,100,000","8,900,000","6,600,000","-37,400,000","3,000,000","8,100,000","4,000,000"
TotalUnusualItemsExcludingGoodwill,,,,,,,,,,,,,,"-4,000,000",,,,"0","0","0",,"0","0","118,000,000",,,,,,"0","0",,,"-138,000","474,138,000",,,,"2,472,000","-1,256,000","4,757,000","3,628,000","-2,677,000","-346,000","2,208,000","3,288,000","3,150,000","-43,486,000","6,012,000","-10,964,000","2,450,000","-9,095,000","-2,709,000","-9,466,000","-11,985,000","2,204,000","-1,037,000","-1,816,000","-719,000","787,000","2,008,000","15,905,000","-2,292,000","-12,686,000","-9,915,000","-7,942,000","-13,603,000","-544,000","544,000","409,000","145,000","-1,223,000","1,226,000","33,000","1,888,000","6,005,000","3,028,000","8,036,000","4,165,000","5,660,000","614,000","4,116,000","2,437,000","-4,565,000","-298,000","-6,756,000","2,803,000","-219,000","428,000","-41,200,000","-31,500,000","-2,000,000","-1,300,000","-4,500,000","-1,100,000","-100,000","-1,200,000","-49,900,000","-2,000,000","-1,200,000","300,000"
TotalUnusualItems,,,,,,,,,,,,,,"-4,000,000",,,,"0","0","0",,"0","0","118,000,000",,,,,,"0","0",,,"-138,000","474,138,000",,,,"2,472,000","-1,256,000","4,757,000","3,628,000","-2,677,000","-346,000","2,208,000","3,288,000","3,150,000","-43,486,000","6,012,000","-10,964,000","2,450,000","-9,095,000","-2,709,000","-9,466,000","-11,985,000","2,204,000","-1,037,000","-1,816,000","-719,000","787,000","2,008,000","15,905,000","-2,292,000","-12,686,000","-9,915,000","-7,942,000","-13,603,000","-544,000","544,000","409,000","145,000","-1,223,000","1,226,000","33,000","1,888,000","6,005,000","3,028,000","8,036,000","4,165,000","5,660,000","614,000","4,116,000","2,437,000","-4,565,000","-298,000","-6,756,000","2,803,000","-219,000","428,000","-41,200,000","-31,500,000","-2,000,000","-1,300,000","-4,500,000","-1,100,000","-100,000","-1,200,000","-49,900,000","-2,000,000","-1,200,000","300,000"
NormalizedEBITDA,"3,159,000,000","646,000,000","793,000,000","955,000,000","765,000,000","896,000,000","884,000,000","386,000,000","244,000,000","454,000,000","397,000,000","392,000,000","342,000,000","291,000,000","385,000,000","384,000,000","344,000,000","346,000,000","366,000,000","396,000,000","345,000,000","341,000,000","389,000,000","361,000,000","270,000,000","316,000,000","704,000,000","319,000,000","235,000,000","345,000,000","342,000,000","352,000,000","291,000,000","350,121,000","292,823,000","368,686,000","307,370,000","336,689,000","385,323,000","413,975,000","380,022,000","404,051,000","403,352,000","398,092,000","102,375,000","365,033,000","408,477,000","472,893,000","370,434,000","401,376,000","422,160,000","433,059,000","394,929,000","374,340,000","395,064,000","373,344,000","346,557,000","382,503,000","370,735,000","326,520,000","249,197,000","312,587,000","344,541,000","324,871,000","303,516,000","288,929,000","300,254,000","304,747,000","271,897,000","272,701,000","274,093,000","274,089,000","248,723,000","236,355,000","254,163,000","250,947,000","197,151,000","171,946,000","187,746,000","187,511,000","158,162,000","138,695,000","139,795,000","154,788,000","135,249,000","99,165,000","121,984,000","135,284,000","99,424,000","127,700,000","100,500,000","50,100,000","40,500,000","43,000,000","39,800,000","44,700,000","42,600,000","77,600,000","39,600,000","48,400,000","38,100,000"
TaxRateForCalcs,"0.23","0.227","0.234","0.216","0.246","0.252","0.237","0.255","0.22","0.22","0.229","0.236","0.237","0.24","0.181","0.162","0.225","0.4","0.357","0.321","0.318","0.347","0.331","0.4","0.398","0.068","0.4","0.376","0.373","0.126","0.373","0.379","0.369","0.363","0.374","0.369","0.373","0.377","0.376","0.376","0.376","0.318","0.357","0.381","0.35","0.343","0.331","0.381","0.381","0.348","0.384","0.384","0.383","0.355","0.387","0.383","0.395","0.393","0.393","0.393","0.393","0.39","0.387","0.4","0.4","0.394","0.4","0.4","0.4","0.394","0.4","0.4","0.4","0.4","0.4","0.4","0.4","0.4","0.4","0.4","0.4","0.4","0.4","0.4","0.4","0.4","0.4","0.4","0.4","0.22","0.4","0.4","0.4","0.4","0.4","0.4","0.4","0.255","0.4","0.4","0.4"
TaxEffectOfUnusualItems,"0","0","0","0","0","0","0","0","0","0","0","0","0","0","0","0","0","0","0","0","0","0","0","47,200,000","0","0","0","0","0","0","0","0","0","-50,104.019","177,327,612","0","0","0","929,476.821","-472,253.176","1,788,643.151","1,153,172.368","-955,679.238","-131,728.506","772,800","1,128,267.295","1,042,194.664","-16,568,148.463","2,290,569.326","-3,810,322.168","939,823.656","-3,491,283.295","-1,038,210.051","-3,363,620.332","-4,633,541.937","844,601.996","-409,614.822","-713,681.129","-282,694.924","309,146.357","789,142.583","6,201,275.141","-886,841.559","-5,074,400","-3,966,000","-3,127,528.215","-5,441,200","-217,600","217,600","161,132.591","58,000","-489,200","490,400","13,200","755,200","2,402,000","1,211,200","3,214,400","1,666,000","2,264,000","245,600","1,646,400","974,800","-1,826,000","-119,200","-2,702,400","1,121,200","-87,600","171,200","-9,081,720.43","-12,600,000","-800,000","-520,000","-1,800,000","-440,000","-40,000","-480,000","-12,723,505.976","-800,000","-480,000","120,000"