name,ttm,12/31/2021,09/30/2021,06/30/2021,03/31/2021,12/31/2020,09/30/2020,06/30/2020,03/31/2020,12/31/2019,09/30/2019,06/30/2019,03/31/2019,12/31/2018,09/30/2018,06/30/2018,03/31/2018,12/31/2017,09/30/2017,06/30/2017,03/31/2017,12/31/2016,09/30/2016,06/30/2016,03/31/2016,12/31/2015,09/30/2015,06/30/2015,03/31/2015,12/31/2014,09/30/2014,06/30/2014,03/31/2014,12/31/2013,09/30/2013,06/30/2013,03/31/2013,12/31/2012,09/30/2012,06/30/2012,03/31/2012,12/31/2011,09/30/2011,06/30/2011,03/31/2011,12/31/2010,09/30/2010,06/30/2010,03/31/2010,12/31/2009,09/30/2009,06/30/2009,03/31/2009,12/31/2008,09/30/2008,06/30/2008,03/31/2008,12/31/2007,09/30/2007,06/30/2007,03/31/2007,12/31/2006,09/30/2006,06/30/2006,03/31/2006,12/31/2005,09/30/2005,06/30/2005,03/31/2005,12/31/2004,09/30/2004,06/30/2004,03/31/2004,12/31/2003,09/30/2003,06/30/2003,03/31/2003,12/31/2002,09/30/2002,06/30/2002,03/31/2002,12/31/2001,09/30/2001,06/30/2001,03/31/2001,12/31/2000,09/30/2000,06/30/2000,03/31/2000,12/31/1999,09/30/1999,06/30/1999,03/31/1999,12/31/1998,09/30/1998,06/30/1998,03/31/1998,12/31/1997,09/30/1997,06/30/1997,03/31/1997,12/31/1996,09/30/1996,06/30/1996,03/31/1996,12/31/1995,09/30/1995,06/30/1995,03/31/1995,12/31/1994,09/30/1994,06/30/1994,03/31/1994,12/31/1993,09/30/1993,06/30/1993,03/31/1993,12/31/1992,09/30/1992,06/30/1992,03/31/1992,12/31/1991,09/30/1991,06/30/1991,03/31/1991,12/31/1990,09/30/1990,06/30/1990,03/31/1990,12/31/1989,09/30/1989,06/30/1989,03/31/1989,12/31/1988,09/30/1988,06/30/1988,03/31/1988,12/31/1987,09/30/1987,06/30/1987,03/31/1987,12/31/1986,09/30/1986,06/30/1986,03/31/1986,12/31/1985,09/30/1985
TotalRevenue,"29,453,000,000","8,148,000,000","7,229,000,000","7,218,000,000","6,858,000,000","6,760,300,000","5,883,200,000","5,297,400,000","4,343,100,000","2,837,300,000","5,037,300,000","5,156,600,000","4,879,900,000","5,363,500,000","4,853,100,000","4,981,000,000","4,695,400,000","5,085,700,000","4,528,200,000","4,510,100,000","4,205,700,000","4,584,300,000","4,132,100,000","5,785,000,000","5,387,200,000","5,884,800,000","5,023,400,000","5,127,100,000","4,873,300,000","5,417,200,000","4,870,300,000","4,963,600,000","4,662,700,000","5,266,700,000","4,669,100,000","4,737,500,000","4,444,700,000","4,975,178,000","4,415,543,000","4,553,459,000","4,316,220,000","4,515,075,000","4,518,089,000","3,711,674,000","3,345,702,000","3,609,268,000","3,190,193,000","3,310,921,000","3,092,220,000","3,132,892,000","2,750,693,000","2,673,609,000","2,627,744,000","3,176,506,000","3,208,181,000","3,283,895,000","3,028,874,000","3,141,177,000","2,731,151,000","2,671,212,000","2,556,040,000","2,660,256,000","2,442,723,000","2,349,764,000","2,143,661,000","2,263,754,000","1,966,375,000","1,928,627,000","1,825,948,000","1,979,580,000","1,745,285,000","1,621,245,000","1,543,191,000","1,488,778,000","1,309,451,000","1,299,432,000","1,196,215,000","1,274,978,000","1,151,721,000","1,146,326,000","1,004,207,000","918,932,000","901,588,000","956,641,000","1,005,283,000","1,032,369,000","986,786,000","890,775,000","867,847,000","848,200,000","781,900,000","741,800,000","754,600,000","802,500,000","724,800,000","622,300,000","534,400,000","565,200,000","516,600,000","502,800,000","466,400,000","496,700,000","470,800,000","434,900,000","409,600,000","314,300,000","404,500,000","391,500,000","376,500,000","355,100,000","326,400,000","318,100,000","289,200,000","278,800,000","281,000,000","258,900,000","248,400,000","254,600,000","246,100,000","236,600,000","211,700,000","217,900,000","208,100,000","201,900,000","203,700,000","226,500,000","229,900,000","203,000,000","180,600,000","171,300,000","184,200,000","198,600,000","195,000,000","177,700,000","170,800,000","185,800,000","180,300,000","170,500,000","151,500,000","154,500,000","138,500,000","159,600,000","141,400,000","80,000,000","65,000,000","75,000,000","75,400,000"
	OperatingRevenue,"29,453,000,000","8,148,000,000","7,229,000,000","7,218,000,000","6,858,000,000","6,760,300,000","5,883,200,000","5,297,400,000","4,343,100,000","2,837,300,000","5,037,300,000","5,156,600,000","4,879,900,000","5,363,500,000","4,853,100,000","4,981,000,000","4,695,400,000","5,085,700,000","4,528,200,000","4,510,100,000","4,205,700,000","4,584,300,000","4,132,100,000","5,785,000,000","5,387,200,000","5,884,800,000","5,023,400,000","5,127,100,000","4,873,300,000","5,417,200,000","4,870,300,000","4,963,600,000","4,662,700,000","5,266,700,000","4,669,100,000","4,737,500,000","4,444,700,000","4,975,178,000","4,415,543,000","4,553,459,000","4,316,220,000","4,515,075,000","4,518,089,000","3,711,674,000","3,345,702,000","3,609,268,000","3,190,193,000","3,310,921,000","3,092,220,000","3,132,892,000","2,750,693,000","2,673,609,000","2,627,744,000","3,176,506,000","3,208,181,000","3,283,895,000","3,028,874,000","3,141,177,000","2,731,151,000","2,671,212,000","2,556,040,000","2,660,256,000","2,442,723,000","2,349,764,000","2,143,661,000","2,263,754,000","1,966,375,000","1,928,627,000","1,825,948,000","1,979,580,000","1,745,285,000","1,621,245,000","1,543,191,000","1,488,778,000","1,309,451,000","1,299,432,000","1,196,215,000","1,274,978,000","1,151,721,000","1,146,326,000","1,004,207,000","918,932,000","901,588,000","956,641,000","1,005,283,000","1,032,369,000","986,786,000","890,775,000","867,847,000","848,200,000","781,900,000","741,800,000","754,600,000","802,500,000","724,800,000","622,300,000","534,400,000","565,200,000","516,600,000","502,800,000","466,400,000","496,700,000","470,800,000","434,900,000","409,600,000","314,300,000","404,500,000","391,500,000","376,500,000","355,100,000","326,400,000","318,100,000","289,200,000","278,800,000","281,000,000","258,900,000","248,400,000","254,600,000","246,100,000","236,600,000","211,700,000","217,900,000","208,100,000","201,900,000","203,700,000","226,500,000","229,900,000","203,000,000","180,600,000","171,300,000","184,200,000","198,600,000","195,000,000","177,700,000","170,800,000","185,800,000","180,300,000","170,500,000","151,500,000","154,500,000","138,500,000","159,600,000","141,400,000","80,000,000","65,000,000","75,000,000","75,400,000"
CostOfRevenue,"11,501,000,000","3,205,000,000","2,870,000,000","2,821,000,000","2,605,000,000","2,806,200,000","2,657,700,000","2,444,800,000","1,900,300,000","1,257,400,000","2,228,900,000","2,279,200,000","2,161,900,000","2,407,600,000","2,162,600,000","2,163,900,000","2,051,800,000","2,246,600,000","1,991,400,000","2,027,800,000","1,871,400,000","2,084,300,000","1,846,100,000","2,635,600,000","2,524,600,000","2,871,500,000","2,386,400,000","2,366,900,000","2,273,300,000","2,613,500,000","2,304,600,000","2,343,400,000","2,209,800,000","2,555,000,000","2,244,400,000","2,242,000,000","2,119,000,000","2,429,880,000","2,137,541,000","2,198,003,000","2,080,676,000","2,249,656,000","2,313,427,000","1,768,479,000","1,582,314,000","1,768,797,000","1,541,337,000","1,671,511,000","1,594,167,000","1,694,507,000","1,429,736,000","1,411,340,000","1,369,135,000","1,724,897,000","1,697,611,000","1,723,596,000","1,611,158,000","1,690,647,000","1,481,940,000","1,456,178,000","1,403,638,000","1,467,450,000","1,340,946,000","1,317,653,000","1,226,972,000","1,291,397,000","1,118,504,000","1,079,024,000","1,050,764,000","1,143,878,000","1,005,292,000","935,536,000","911,930,000","884,499,000","766,948,000","774,546,000","728,816,000","769,435,000","691,648,000","701,908,000","628,184,000","580,699,000","547,630,000","581,300,000","628,398,000","562,853,000","573,298,000","517,169,000","512,690,000","462,900,000","445,300,000","436,800,000","458,000,000","447,900,000","411,800,000","393,500,000","350,700,000","344,500,000","330,900,000","325,200,000","305,800,000","304,100,000","309,000,000","285,500,000","272,700,000","179,200,000","276,900,000","264,600,000","260,400,000","244,900,000","221,600,000","220,000,000","202,900,000","171,600,000","206,800,000","179,100,000","184,500,000","180,200,000","172,000,000","168,000,000","150,100,000","166,300,000","151,400,000","142,300,000","141,900,000","161,500,000","155,500,000","136,200,000","120,000,000",,,,,,,,,,,,,,,,,,
GrossProfit,"17,952,000,000","4,943,000,000","4,359,000,000","4,397,000,000","4,253,000,000","3,954,100,000","3,225,500,000","2,852,600,000","2,442,800,000","1,579,900,000","2,808,400,000","2,877,400,000","2,718,000,000","2,955,900,000","2,690,500,000","2,817,100,000","2,643,600,000","2,839,100,000","2,536,800,000","2,482,300,000","2,334,300,000","2,500,000,000","2,286,000,000","3,149,400,000","2,862,600,000","3,013,300,000","2,637,000,000","2,760,200,000","2,600,000,000","2,803,700,000","2,565,700,000","2,620,200,000","2,452,900,000","2,711,700,000","2,424,700,000","2,495,500,000","2,325,700,000","2,545,298,000","2,278,002,000","2,355,456,000","2,235,544,000","2,265,419,000","2,204,662,000","1,943,195,000","1,763,388,000","1,840,471,000","1,648,856,000","1,639,410,000","1,498,053,000","1,438,385,000","1,320,957,000","1,262,269,000","1,258,609,000","1,451,609,000","1,510,570,000","1,560,299,000","1,417,716,000","1,450,530,000","1,249,211,000","1,215,034,000","1,152,402,000","1,192,806,000","1,101,777,000","1,032,111,000","916,689,000","972,357,000","847,871,000","849,603,000","775,184,000","835,702,000","739,993,000","685,709,000","631,261,000","604,279,000","542,503,000","524,886,000","467,399,000","505,543,000","460,073,000","444,418,000","376,023,000","338,233,000","353,958,000","375,341,000","376,885,000","469,516,000","413,488,000","373,606,000","355,157,000","385,300,000","336,600,000","305,000,000","296,600,000","354,600,000","313,000,000","228,800,000","183,700,000","220,700,000","185,700,000","177,600,000","160,600,000","192,600,000","161,800,000","149,400,000","136,900,000","135,100,000","127,600,000","126,900,000","116,100,000","110,200,000","104,800,000","98,100,000","86,300,000","107,200,000","74,200,000","79,800,000","63,900,000","74,400,000","74,100,000","68,600,000","61,600,000","51,600,000","56,700,000","59,600,000","61,800,000","65,000,000","74,400,000","66,800,000","60,600,000",,,,,,,,,,,,,,,,,,
OperatingExpense,"10,487,000,000","2,789,000,000","3,050,000,000","2,392,000,000","2,256,000,000","2,352,800,000","2,137,900,000","2,008,000,000","1,745,300,000","752,900,000","1,973,600,000","1,993,600,000","1,994,200,000","1,993,300,000","1,859,800,000","1,949,600,000","1,900,600,000","1,893,000,000","1,769,300,000","1,798,600,000","1,710,400,000","1,771,400,000","1,586,900,000","2,114,900,000","1,980,500,000","2,034,500,000","1,836,200,000","1,829,100,000","1,825,800,000","1,916,400,000","1,699,900,000","1,730,900,000","1,664,000,000","1,823,700,000","1,612,300,000","1,651,900,000","1,594,800,000","1,752,049,000","1,522,193,000","1,562,212,000","1,515,021,000","1,587,808,000","1,548,518,000","1,317,092,000","1,172,800,000","1,226,181,000","1,086,756,000","1,105,560,000","1,064,687,000","1,044,671,000","856,360,000","918,323,000","918,390,000","1,027,958,000","988,430,000","1,049,835,000","1,004,494,000","985,760,000","786,277,000","767,228,000","777,768,000","745,490,000","709,453,000","650,829,000","619,618,000","620,229,000","528,189,000","528,582,000","503,347,000","519,698,000","448,072,000","413,467,000","406,295,000","342,253,000","326,738,000","323,675,000","300,406,000","304,920,000","272,643,000","274,843,000","238,802,000","209,167,000","206,318,000","218,728,000","238,467,000","318,505,000","266,644,000","236,941,000","237,528,000","263,000,000","217,300,000","196,800,000","200,600,000","252,900,000","214,000,000","146,700,000","118,700,000","146,500,000","114,400,000","111,700,000","105,200,000","130,100,000","101,600,000","93,100,000","89,700,000","92,700,000","77,700,000","78,300,000","76,600,000","74,400,000","61,600,000","60,700,000","56,800,000","93,800,000","44,100,000","54,900,000","41,600,000","61,700,000","54,300,000","51,800,000","50,000,000","50,500,000","45,100,000","48,400,000","50,800,000","60,500,000","48,700,000","43,200,000","38,800,000",,,,,,,,,,,,,,,,,,
	SellingGeneralAndAdministration,"8,198,000,000","2,294,000,000","2,062,000,000","1,966,000,000","1,876,000,000","1,957,000,000","1,795,300,000","1,685,400,000","1,458,300,000","578,400,000","1,654,700,000","1,671,800,000","1,683,400,000","1,673,700,000","1,558,600,000","1,637,900,000","1,601,900,000","1,594,100,000","1,490,100,000","1,515,300,000","1,443,000,000","1,503,400,000","1,345,800,000","1,778,300,000","1,660,700,000","1,707,400,000","1,528,300,000","1,484,200,000","1,486,700,000","1,580,300,000","1,371,600,000","1,394,500,000","1,350,600,000","1,491,500,000","1,303,200,000","1,339,700,000","1,298,400,000","1,406,481,000","1,251,212,000","1,278,610,000","1,244,897,000","1,267,334,000","1,274,907,000","1,095,749,000","969,702,000","1,004,173,000","884,165,000","907,910,000","877,455,000","890,455,000","782,438,000","759,823,000","757,495,000","860,491,000","806,424,000","859,969,000","818,390,000","769,178,000","655,116,000","781,563,000","777,768,000","745,490,000","710,215,000","666,446,000","619,618,000","606,299,000","523,612,000","537,158,000","508,682,000","521,739,000","452,126,000","414,827,000","406,981,000","363,885,000","326,831,000","323,675,000","301,181,000","306,159,000","272,889,000","273,576,000","236,053,000","254,990,000","190,481,000","203,347,000","223,862,000","278,010,000","227,265,000","202,136,000","202,486,000","233,100,000","182,500,000","165,700,000","170,000,000","223,500,000","177,200,000","123,200,000","99,700,000","127,200,000","95,900,000","92,300,000","86,300,000","112,800,000","83,300,000","76,900,000","72,900,000","83,100,000","62,800,000","61,600,000","59,300,000","60,900,000","51,200,000","50,200,000","46,200,000","52,900,000","44,100,000","43,900,000","41,600,000","53,400,000","43,900,000","42,500,000","40,900,000","41,800,000","37,500,000","39,900,000","42,400,000","53,300,000","41,200,000","37,600,000","33,500,000",,,,,,,,,,,,,,,,,,
	ResearchAndDevelopment,"1,742,000,000","495,000,000","441,000,000","426,000,000","380,000,000","395,800,000","342,600,000","322,600,000","287,000,000","174,500,000","318,900,000","321,800,000","310,800,000","319,600,000","301,200,000","311,700,000","298,700,000","298,900,000","279,200,000","283,300,000","267,400,000","268,000,000","241,100,000","336,600,000","319,800,000","327,100,000","307,900,000","344,900,000","339,100,000","336,100,000","328,300,000","336,400,000","313,400,000","332,200,000","309,100,000","312,200,000","296,400,000","294,657,000","289,517,000","283,602,000","270,124,000","275,548,000","289,602,000","235,803,000","217,573,000","222,008,000","202,591,000","197,650,000","187,232,000","154,216,000","159,040,000","158,500,000","160,895,000","167,467,000","182,006,000","189,866,000","186,104,000","216,582,000","131,161,000",,,,,,,,,,,,,,,,,,,,,,,,,,,,,,,,,,,,,,,,,,,,,,,,,,,,,,,,,,,,,,,,,,,,,,,,,,,,,,,,,,,,,,,,
	DepreciationAmortizationDepletionIncomeStatement,,,,,,,,,,,,,,,,,,,,,,,,,,,,,,,,,,,,,,,,,,,,,,,,,,,,,,,,,,,,,,,,,,,,,,,,,,,,,,,"2,428,000","1,267,000","2,749,000",,"15,837,000","15,381,000","14,605,000","40,495,000","39,379,000","34,805,000","35,042,000","29,900,000","34,800,000","31,100,000","30,600,000","29,400,000","36,800,000","23,500,000","19,000,000","19,300,000","18,500,000","19,400,000","18,900,000","17,300,000","18,300,000","16,200,000","16,800,000","9,600,000","14,900,000","16,700,000","17,300,000","13,500,000","10,400,000","10,500,000","10,600,000",,,"11,000,000",,"8,300,000","10,400,000","9,300,000","9,100,000","8,700,000","7,600,000","8,500,000","8,400,000","7,200,000","7,500,000","5,600,000","5,300,000",,,,,,,,,,,,,,,,,,
		DepreciationAndAmortizationInIncomeStatement,,,,,,,,,,,,,,,,,,,,,,,,,,,,,,,,,,,,,,,,,,,,,,,,,,,,,,,,,,,,,,,,,,,,,,,,,,,,,,,"2,428,000","1,267,000","2,749,000",,"15,837,000","15,381,000","14,605,000","40,495,000","39,379,000","34,805,000","35,042,000","29,900,000","34,800,000","31,100,000","30,600,000","29,400,000","36,800,000","23,500,000","19,000,000","19,300,000","18,500,000","19,400,000","18,900,000","17,300,000","18,300,000","16,200,000","16,800,000","9,600,000","14,900,000","16,700,000","17,300,000","13,500,000","10,400,000","10,500,000","10,600,000",,,"11,000,000",,"8,300,000","10,400,000","9,300,000","9,100,000","8,700,000","7,600,000","8,500,000","8,400,000","7,200,000","7,500,000","5,600,000","5,300,000",,,,,,,,,,,,,,,,,,
			Amortization,,,,,,,,,,,,,,,,,,,,,,,,,,,,,,,,,,,,,,,,,,,,,,,,,,,,,,,,,,,,,,,,,,,,,,,,,,,,,,,"2,428,000","1,267,000","2,749,000",,"15,837,000","15,381,000","14,605,000",,,,,,,,,,,,,,,,,,,,,,,,,,,,,,,,,,,,,,,,,,,,,,,,,,,,,,,,,,,,,,
				AmortizationOfIntangiblesIncomeStatement,,,,,,,,,,,,,,,,,,,,,,,,,,,,,,,,,,,,,,,,,,,,,,,,,,,,,,,,,,,,,,,,,,,,,,,,,,,,,,,"2,428,000","1,267,000","2,749,000",,"15,837,000","15,381,000","14,605,000",,,,,,,,,,,,,,,,,,,,,,,,,,,,,,,,,,,,,,,,,,,,,,,,,,,,,,,,,,,,,,
	OtherOperatingExpenses,"547,000,000","0","547,000,000",,,,,,,,,,,,,,,,,,,,,,,,,,,,,,,,,,,,"-18,536,000",,,,"-15,991,000","-14,460,000","-14,475,000",,"-10,550,000",,,"0","-85,118,000",,,,,,,"0",,"-14,335,000",,"0","-762,000","-15,617,000",,"13,930,000","4,577,000","-8,576,000","-5,335,000","-2,041,000","-4,054,000","-1,360,000","-686,000","-21,632,000","-93,000",,"-775,000",,"-2,674,000",,,,,,,,,,,,,,,,,,,,,,,,,,,,,,,,,,,,,,,,,,,,,,,,,,,,,,,,,,,,,,,,,,,,
OperatingIncome,"7,465,000,000","2,154,000,000","1,309,000,000","2,005,000,000","1,997,000,000","1,601,300,000","1,087,600,000","844,600,000","697,500,000","827,000,000","834,800,000","883,800,000","723,800,000","962,600,000","830,700,000","867,500,000","743,000,000","946,100,000","767,500,000","683,700,000","623,900,000","728,600,000","699,100,000","1,034,500,000","882,100,000","978,800,000","800,800,000","931,100,000","774,200,000","887,300,000","865,800,000","889,300,000","788,900,000","888,000,000","812,400,000","843,600,000","730,900,000","793,249,000","755,809,000","793,244,000","720,523,000","677,611,000","656,144,000","626,103,000","590,588,000","614,290,000","562,100,000","533,850,000","433,366,000","393,714,000","464,597,000","343,946,000","340,219,000","423,651,000","522,140,000","510,464,000","413,222,000","464,770,000","462,934,000","447,806,000","374,634,000","447,316,000","392,324,000","381,282,000","297,071,000","352,128,000","319,682,000","321,021,000","271,837,000","316,004,000","291,921,000","272,242,000","224,966,000","262,026,000","215,765,000","201,211,000","166,993,000","200,623,000","187,430,000","169,575,000","137,221,000","129,066,000","147,640,000","156,613,000","138,418,000","151,011,000","146,844,000","136,665,000","117,629,000","122,300,000","119,300,000","108,200,000","96,000,000","101,700,000","99,000,000","82,100,000","65,000,000","74,200,000","71,300,000","65,900,000","55,400,000","62,500,000","60,200,000","56,300,000","47,200,000","42,400,000","49,900,000","48,600,000","39,500,000","35,800,000","43,200,000","37,400,000","29,500,000","13,400,000","30,100,000","24,900,000","22,300,000","12,700,000","19,800,000","16,800,000","11,600,000","1,100,000","11,600,000","11,200,000","11,000,000","4,500,000","25,700,000","23,600,000","21,800,000","-483,800,000","184,200,000","198,600,000","195,000,000","-432,300,000","170,800,000","185,800,000","180,300,000","-360,000,000","151,500,000","154,500,000","138,500,000","-253,400,000","141,400,000","80,000,000","65,000,000","-203,100,000","75,400,000"
NetNonOperatingInterestIncomeExpense,"-227,000,000","-55,000,000","-59,000,000","-59,000,000","-54,000,000","-69,000,000","-72,500,000","-77,600,000","15,100,000","28,600,000","3,800,000","5,600,000","-7,600,000","-31,300,000","-38,500,000","-40,700,000","-37,700,000","-39,900,000","-37,700,000","-38,900,000","-38,700,000","-32,200,000","-43,600,000","-66,400,000","-61,700,000","-59,100,000","-44,700,000","-27,500,000","-27,900,000","-22,000,000","-26,900,000","-29,500,000","-27,600,000","-30,500,000","-33,600,000","-37,800,000","-38,300,000","-39,828,000","-38,639,000","-37,169,000","-38,664,000","-36,083,000","-42,368,000","-29,429,000","-28,610,000","-26,947,000","-30,126,000","-28,512,000","-29,121,000","-33,779,000","-30,248,000","-30,203,000","-23,392,000",,,,,,,,,,,,,,,,,,,,,,,,,,,,,,,,,,,,,,,,,,,,,,,,,,,,,,,,,,,,,,,,,,,,,,,,,,,,,,,,,,,,,,,,,,,,,,
	InterestIncomeNonOperating,"11,000,000","1,000,000","3,000,000","3,000,000","4,000,000","3,300,000","4,200,000","1,000,000","62,500,000","67,000,000","30,100,000","26,200,000","15,700,000","2,500,000","2,800,000","2,500,000","1,400,000","1,900,000","2,200,000","1,800,000","1,600,000","100,000","100,000","0","0","0","600,000","2,300,000","2,300,000","4,500,000","3,600,000","3,700,000","4,900,000","1,800,000","1,400,000","1,600,000","900,000","1,012,000","722,000","707,000","759,000","360,000","392,000","2,280,000","2,115,000","1,700,000","1,777,000","1,039,000","1,553,000","1,649,000","1,594,000","1,126,000","665,000",,,,,,,,,,,,,,,,,,,,,,,,,,,,,,,,,,,,,,,,,,,,,,,,,,,,,,,,,,,,,,,,,,,,,,,,,,,,,,,,,,,,,,,,,,,,,,
	InterestExpenseNonOperating,"238,000,000","56,000,000","62,000,000","62,000,000","58,000,000","72,300,000","76,700,000","78,600,000","47,400,000","38,400,000","26,300,000","20,600,000","23,300,000","33,800,000","41,300,000","43,200,000","39,100,000","41,800,000","39,900,000","40,700,000","40,300,000","32,300,000","43,700,000","66,400,000","61,700,000","59,100,000","45,300,000","29,800,000","30,200,000","26,500,000","30,500,000","33,200,000","32,500,000","32,300,000","35,000,000","39,400,000","39,200,000","40,840,000","39,361,000","37,876,000","39,423,000","36,443,000","42,760,000","31,709,000","30,725,000","28,647,000","31,903,000","29,551,000","30,674,000","35,428,000","31,842,000","31,329,000","24,057,000",,,,,,,,,,,,,,,,,,,,,,,,,,,,,,,,,,,,,,,,,,,,,,,,,,,,,,,,,,,,,,,,,,,,,,,,,,,,,,,,,,,,,,,,,,,,,,
OtherIncomeExpense,"360,000,000","-14,000,000","137,000,000","97,000,000","140,000,000","9,200,000","6,400,000","453,900,000","-1,500,000","-10,400,000","4,400,000","6,300,000","5,200,000","12,000,000","9,100,000","8,300,000","7,800,000","72,800,000",,,,"0","-178,800,000",,"223,400,000","0","12,400,000",,,"99,100,000","38,200,000","19,200,000",,"201,500,000",,,"229,800,000","18,900,000",,"18,030,000","14,345,000","66,780,000","-32,887,000",,,"12,218,000","301,587,000",,,,,,,,,,,"0",,"14,335,000",,"0","762,000","15,617,000",,"-13,930,000","-4,577,000","8,576,000","5,335,000","2,041,000","4,054,000","1,360,000","686,000","21,632,000","93,000",,"775,000","1,068,000","2,674,000",,,,,,,,,,,"0","-11,800,000",,,"0","-40,800,000",,,,,,,,,,,,,,,,"-2,400,000","-2,400,000","-2,400,000","15,500,000","-2,400,000",,"-2,300,000",,,,,,,,,,,,,,,,,,,,,,,,,,,,,,
	GainOnSaleOfSecurity,"401,000,000",,,,,,,,,,,,,,,,,,,,,,,,,,,,,,,,,"201,500,000",,,,,,,,,,,,,,,,,,,,,,,,,,,,,,,,,,,,,,,,,,,,,,,,,,,,,,,,,,,,,,,,,,,,,,,,,,,,,,,,,,,,,,,,,,,,,,,,,,,,,,,,,,,,,,,,,
	EarningsFromEquityInterest,,,,,,,,,,,,,,,,,,,,,,,,,,,,,,,,,,"0","0","0","0","18,900,000",,,,"0","0",,,"-10,550,000","301,587,000",,,,,,,,,,,,,,,,,,,,,,,,,,,,,,,,,,,,,,,,,,,,,,,,,,,,,,,,,,,,,,,,,,,,,,,,,,,,,,,,,,,,,,,,,,,,,,,,,,,,
	SpecialIncomeCharges,"-83,000,000","-96,000,000",,,,"-25,600,000","0","454,600,000",,"-6,500,000",,,,,,,,"0","0",,,"0","-178,800,000",,,,,,,,,,"0","0","0","0","229,800,000","0","0","18,030,000","14,345,000","66,780,000","-32,887,000",,,"-268,269,000",,,,,,,,,,,,"0",,"14,335,000",,"0","762,000","15,617,000",,"-13,930,000","-4,577,000","8,576,000","5,335,000","2,041,000","4,054,000","1,360,000","686,000","21,632,000","93,000",,"775,000","1,068,000","2,674,000",,,,,,,,,,,"0","-11,800,000",,,"0","-40,800,000",,,,,,,,,,,,,,,,"-2,400,000","-2,400,000","-2,400,000","15,500,000","-2,400,000",,"-2,300,000",,,,,,,,,,,,,,,,,,,,,,,,,,,,,,
		OtherSpecialCharges,"96,000,000","96,000,000",,,,"26,000,000",,,,"6,500,000",,,,,,,,,,,,"0","178,800,000",,,,,,,,,,,,,,,,,,,,,,,,,,,,,,,,,,,,,,,,,,,,,,,,,,,,,,,,,,,,,,,,,,,,,,,,,,,,,,,,,,,,,,,,,,,,,,,,,,,,,,,,,,,,,,,,,,,,,,,,,,,,
		GainOnSaleOfBusiness,"13,000,000",,,,,"400,000","0","454,600,000",,,,,,,,,,,,,,,,,,,,,,,,,"0","0","0","0","229,800,000",,,,,,,,,,,,,,,,,,,,,,,,,,,,,,,,,,,,,,,,,,,,,,,,,,,,,,,,,,,,,,,,,,,,,,,,,,,,,,,,,,,,,,,,,,,,,,,,,,,,,,,,,,,,,,
	OtherNonOperatingIncomeExpenses,"42,000,000","-332,000,000","137,000,000","97,000,000","140,000,000","34,800,000","6,400,000","-700,000","-1,500,000","-3,900,000","4,400,000","6,300,000","5,200,000","12,000,000","9,100,000","8,300,000","7,800,000","72,800,000",,,,"0",,,"223,400,000",,"12,400,000",,,"99,100,000","38,200,000","19,200,000",,,,,,,,,,,,,,,,,,,,,,,,,,,,,,,,,,,,,,,,,,,,,,,,,,,,,,,,,,,,,,,,,,,,,,,,,,,,,,,,,,,,,,,,,,,,,,,,,,,,,,,,,,,,,,,,,,,
PretaxIncome,"7,598,000,000","2,085,000,000","1,387,000,000","2,043,000,000","2,083,000,000","1,541,500,000","1,021,500,000","1,220,900,000","711,100,000","845,200,000","843,000,000","895,700,000","721,400,000","943,300,000","801,300,000","835,100,000","713,100,000","979,000,000","729,800,000","644,800,000","585,200,000","696,400,000","476,700,000","968,100,000","1,043,800,000","919,700,000","768,500,000","903,600,000","746,300,000","964,400,000","877,100,000","879,000,000","761,300,000","1,059,000,000","778,800,000","805,800,000","922,400,000","823,321,000","717,170,000","774,105,000","696,204,000","708,308,000","580,889,000","596,674,000","561,978,000","599,561,000","833,561,000","505,338,000","404,245,000","359,935,000","434,349,000","313,743,000","316,827,000","402,218,000","492,992,000","478,022,000","376,075,000","434,712,000","438,081,000","424,671,000","348,769,000","422,643,000","366,620,000","367,796,000","289,113,000","345,359,000","313,529,000","315,890,000","259,664,000","304,516,000","280,832,000","260,334,000","212,035,000","249,921,000","203,850,000","188,187,000","155,077,000","195,745,000","177,143,000","158,267,000","126,313,000","52,978,000","140,396,000","150,768,000","132,122,000","141,555,000","134,879,000","131,074,000","115,416,000","120,800,000","104,700,000","102,400,000","89,700,000","94,400,000","51,000,000","75,100,000","61,800,000","71,000,000","68,500,000","62,700,000","51,600,000","57,300,000","55,100,000","53,300,000","44,100,000","44,900,000","46,400,000","45,300,000","36,300,000","40,800,000","38,500,000","32,700,000","24,600,000","26,600,000","25,000,000","22,100,000","17,400,000","17,200,000","16,700,000","13,900,000","8,900,000","4,200,000","8,100,000","7,400,000","6,600,000","4,800,000","20,300,000","18,900,000","17,900,000",,,,,,,,,,,,,,,,,,
TaxProvision,"1,251,000,000","297,000,000","229,000,000","344,000,000","381,000,000","301,400,000","138,000,000","293,600,000","116,000,000","151,900,000","169,100,000","164,400,000","387,600,000","196,500,000","137,600,000","161,300,000","146,500,000","122,400,000","157,700,000","87,500,000","101,400,000","-50,600,000","74,100,000","311,400,000","285,400,000","184,500,000","178,500,000","208,000,000","176,500,000","302,700,000","196,500,000","202,600,000","181,600,000","269,700,000","181,800,000","189,000,000","230,500,000","192,959,000","168,435,000","173,956,000","176,150,000","166,341,000","57,461,000","147,028,000","141,732,000","125,705,000","187,126,000","132,862,000","104,012,000","93,000,000","82,986,000","18,049,000","79,115,000","96,532,000","121,000,000","114,574,000","99,570,000","114,487,000","103,580,000","113,517,000","93,965,000","98,926,000","98,549,000","53,274,000","73,394,000","93,656,000","84,708,000","86,870,000","71,408,000","86,786,000","80,039,000","78,101,000","66,791,000","79,975,000","65,232,000","63,043,000","51,951,000","64,033,000","61,114,000","54,602,000","43,578,000","19,866,000","52,650,000","56,538,000","49,545,000","53,791,000","51,254,000","49,807,000","43,859,000","46,500,000","42,900,000","39,400,000","34,500,000","36,400,000","22,500,000","28,900,000","23,800,000","27,800,000","26,700,000","24,400,000","20,100,000","22,300,000","21,500,000","20,800,000","17,200,000","17,000,000","17,600,000","18,100,000","14,500,000","16,000,000","15,400,000","13,400,000","10,100,000","10,200,000","10,500,000","9,300,000","7,300,000","8,500,000","7,000,000","5,800,000","3,700,000","3,300,000","3,800,000","3,200,000","2,700,000","3,100,000","8,500,000","7,400,000","7,300,000",,,,,,,,,,,,,,,,,,
NetIncomeCommonStockholders,"6,269,000,000","1,747,000,000","1,117,000,000","1,744,000,000","1,661,000,000","1,199,400,000","842,400,000","892,700,000","575,500,000","1,323,900,000","648,400,000","708,600,000","327,300,000","746,800,000","663,700,000","673,800,000","566,600,000","856,600,000","572,100,000","557,300,000","506,100,000","747,000,000","391,600,000","656,700,000","758,400,000","688,600,000","1,403,300,000","695,600,000","569,800,000","661,700,000","680,600,000","676,400,000","579,700,000","789,300,000","597,000,000","616,800,000","691,900,000","630,404,000","548,735,000","600,149,000","612,912,000","570,714,000","523,428,000","648,764,000","429,358,000","473,900,000","646,400,000","372,476,000","300,233,000","266,935,000","351,363,000","295,694,000","237,712,000","305,686,000","371,992,000","363,448,000","276,505,000","320,225,000","483,721,000","311,154,000","254,804,000","323,717,000","268,071,000","314,522,000","215,719,000","251,703,000","228,821,000","229,020,000","188,256,000","217,730,000","200,793,000","182,233,000","145,244,000","169,946,000","138,618,000","125,144,000","103,126,000","161,712,000","116,029,000","103,665,000","-91,015,000","33,112,000","87,746,000","94,230,000","82,577,000","87,764,000","83,625,000","81,267,000","71,557,000","74,300,000","61,800,000","63,000,000","55,200,000","58,000,000","28,500,000","46,200,000","38,000,000","43,200,000","41,800,000","38,300,000","31,500,000","35,000,000","33,600,000","32,500,000","106,700,000","30,500,000","28,800,000","27,200,000","21,800,000","24,800,000","23,100,000","19,300,000","14,500,000","16,400,000","14,500,000","12,800,000","-25,900,000","8,700,000","9,700,000","8,100,000","5,200,000","900,000","4,300,000","4,200,000","3,900,000","1,700,000","11,800,000","11,500,000","10,600,000",,,,,,,,,,,,,,,,,,
	NetIncome,"6,433,000,000","1,788,000,000","1,158,000,000","1,785,000,000","1,702,000,000","1,240,100,000","883,500,000","927,300,000","595,100,000","1,275,100,000","668,000,000","731,300,000","333,800,000","746,800,000","663,700,000","673,800,000","566,600,000","856,600,000","572,100,000","557,300,000","506,100,000","747,000,000","391,600,000","656,700,000","758,400,000","688,600,000","1,403,300,000","695,600,000","569,800,000","661,700,000","680,600,000","676,400,000","579,700,000","789,300,000","597,000,000","616,800,000","691,900,000","630,404,000","548,735,000","600,149,000","612,912,000","570,714,000","523,428,000","648,764,000","429,358,000","473,856,000","646,435,000","372,476,000","300,233,000","266,935,000","351,363,000","295,694,000","237,712,000","305,686,000","371,992,000","363,448,000","276,505,000","320,225,000","483,721,000","311,154,000","254,804,000","323,717,000","268,071,000","314,522,000","215,719,000","251,703,000","228,821,000","229,020,000","188,256,000","217,730,000","200,793,000","182,233,000","145,244,000","169,946,000","138,618,000","125,144,000","103,126,000","161,712,000","116,029,000","103,665,000","-91,015,000","33,112,000","87,746,000","94,230,000","82,577,000","87,764,000","83,625,000","81,267,000","71,557,000","74,300,000","61,800,000","63,000,000","55,200,000","58,000,000","28,500,000","46,200,000","38,000,000","43,200,000","41,800,000","38,300,000","31,500,000","35,000,000","33,600,000","32,500,000","106,700,000","30,500,000","28,800,000","27,200,000","21,800,000","24,800,000","23,100,000","19,300,000","14,500,000","16,400,000","14,500,000","12,800,000","-25,900,000","8,700,000","9,700,000","8,100,000","5,200,000","900,000","4,300,000","4,200,000","3,900,000","1,700,000","11,800,000","11,500,000","10,600,000",,,,,,,,,,,,,,,,,,
		NetIncomeIncludingNoncontrollingInterests,"6,433,000,000","1,788,000,000","1,158,000,000","1,785,000,000","1,702,000,000","1,240,100,000","883,500,000","927,300,000","595,100,000","1,269,200,000","673,900,000","731,300,000","333,800,000","746,800,000","663,700,000","673,800,000","566,600,000","856,600,000","572,100,000","557,300,000","506,100,000","747,000,000","391,600,000","656,700,000","758,400,000","688,600,000","1,403,300,000","695,600,000","569,800,000","661,700,000","680,600,000","676,400,000","579,700,000","789,300,000","597,000,000","616,800,000","691,900,000","630,404,000","548,735,000","600,149,000","612,912,000","570,714,000","523,428,000","648,764,000","429,358,000","473,856,000","646,435,000","372,476,000","300,233,000","266,935,000","351,363,000","295,694,000","237,712,000","305,686,000","371,992,000","363,448,000","276,505,000","320,225,000","483,721,000","311,154,000","254,804,000","323,717,000","268,071,000","314,522,000","215,719,000","251,703,000","228,821,000","229,020,000","188,256,000","217,730,000","200,793,000","182,233,000","145,244,000","169,946,000","138,618,000","125,144,000","103,126,000","161,712,000","116,029,000","103,665,000","-91,015,000","33,112,000","87,746,000","94,230,000","82,577,000","87,764,000","83,625,000","81,267,000","71,557,000","74,300,000","61,800,000","63,000,000","55,200,000","58,000,000","28,500,000","46,200,000","38,000,000","43,200,000","41,800,000","38,300,000","31,500,000","35,000,000","33,600,000","32,500,000","106,700,000","30,500,000","28,800,000","27,200,000","21,800,000","24,800,000","23,100,000","19,300,000","14,500,000","16,400,000","14,500,000","12,800,000","-25,900,000","8,700,000","9,700,000","8,100,000","5,200,000","900,000","4,300,000","4,200,000","3,900,000","1,700,000","11,800,000","11,500,000","10,600,000","26,500,000","10,700,000","12,500,000","11,400,000","7,700,000","9,800,000","11,600,000","9,900,000","6,700,000","5,400,000","4,900,000","3,100,000","4,100,000","2,400,000","1,000,000","1,100,000","1,600,000","1,200,000"
			NetIncomeContinuousOperations,"6,347,000,000","1,788,000,000","1,158,000,000","1,699,000,000","1,702,000,000","1,240,100,000","883,500,000","927,300,000","595,100,000","693,300,000","673,900,000","731,300,000","333,800,000","746,800,000","663,700,000","673,800,000","566,600,000","856,600,000","572,100,000","557,300,000","483,800,000","747,000,000","402,600,000","656,700,000","758,400,000","735,200,000","590,000,000","695,600,000","569,800,000","661,700,000","680,600,000","676,400,000","579,700,000","789,300,000","597,000,000","616,800,000","691,900,000","630,362,000","548,735,000","600,149,000","520,054,000","541,967,000","523,428,000","449,646,000","420,246,000","473,856,000","646,435,000","372,476,000","300,233,000","266,935,000","351,363,000","295,694,000","237,712,000","305,686,000","371,992,000","363,448,000","276,505,000","320,225,000","334,501,000","311,154,000","254,804,000","323,717,000","268,071,000","314,522,000","215,719,000","251,703,000","228,821,000","229,020,000","188,256,000","217,730,000","200,793,000","182,233,000","145,244,000","169,946,000","138,618,000","125,144,000","103,126,000","131,712,000","116,029,000","103,665,000","82,735,000","33,112,000","87,746,000","94,230,000","82,577,000","87,764,000","83,625,000","81,267,000","71,557,000","74,300,000","61,800,000","63,000,000","55,200,000","58,000,000","28,500,000","46,200,000","38,000,000","43,200,000","41,800,000","38,300,000","31,500,000","35,000,000","33,600,000","32,500,000","26,900,000","27,900,000","28,800,000","27,200,000","21,800,000","24,800,000","23,100,000","19,300,000","14,500,000","16,400,000","14,500,000","12,800,000","10,100,000","8,700,000","9,700,000","8,100,000","5,200,000","900,000","4,300,000","4,200,000","3,900,000","1,700,000","11,800,000","11,500,000","10,600,000","12,500,000","10,700,000","12,500,000","11,400,000","9,400,000","9,300,000","11,200,000","10,100,000","6,700,000","5,300,000","5,200,000","3,300,000","4,100,000","2,400,000","1,000,000","1,100,000","1,600,000","1,200,000"
			NetIncomeDiscontinuousOperations,"86,000,000","0","0","86,000,000",,"0","0","0","0","482,200,000",,,,"0","0",,"0","0","0","0","22,300,000","0","-11,000,000","0","0","-46,600,000","813,300,000",,,,,,,"0","0","0","0","42,000","0","0","92,858,000","28,747,000","0","199,118,000","9,112,000",,"12,631,000",,,,,,,,,,,"0","149,220,000",,,,,,,,,,,,,,,,,,,,,,,,,,,,,,,,,,,,,,,,,,,"0",,,"79,800,000",,,,,,,,,,,,,,,,,,,,,,,,,,,,,"-1,700,000","500,000","400,000","-200,000","0","100,000","-300,000","-200,000",,,,,,
			NetIncomeExtraordinary,,,,,,,,,,,,,,,,,,,,,,,,,,,,,,,,,,,,,,,,,,,,,,,,,,,,,,,,,,,,,,,,,,,,,,,,,,,,,,"0",,,"-173,750,000",,,,,,,,,,,,,,,,,,,,,,,,,,,,,,,,,"0",,,"-36,000,000",,,,,,,,,,,,,,,,,,,,,,,,,,,,,,
		MinorityInterests,,,,,,,,,,,"-5,900,000",,,,,,,,,,,,,,,,,,,,,,,,,,,,,,,,,,,,,,,,,,,,,,,,,,,,,,,,,,,,,,,,,,,,,,,,,,,,,,,,,,,,,,,,,,,,,,,,,,,,,,,,,,,,,,,,,,,,,,,,,,,,,,,,,,,,,,,,
	PreferredStockDividends,"164,000,000","41,000,000","41,000,000","41,000,000","41,000,000","40,700,000","41,100,000","34,600,000","19,600,000","19,600,000","19,600,000","22,700,000","6,500,000",,,,,,,,,,,,,,,,,,,,,,,,,,,,,,,,,,,,,,,,,,,,,,,,,,,,,,,,,,,,,,,,,,,,,,,,,,,,,,,,,,,,,,,,,,,,,,,,,,,,,,,,,,,,,,,,,,,,,,,,,,,,,,,,,,,,,,
AverageDilutionEarnings,,,,,,"100,000","300,000",,"300,000",,"400,000",,,"500,000","600,000","500,000","600,000","500,000","600,000","500,000","500,000","400,000","500,000","500,000","400,000","500,000","500,000","600,000","600,000","700,000","900,000","1,000,000","700,000","700,000","600,000","900,000","1,100,000",,,,,,,,,,"2,600,000",,,,,,,,,,,,,,,,,,,,,,,,,,,,,,,,,,,,,,,,,,,,,,,,,,,,,,,,,,,,,,,,,,,,,,,,,,,,,,,,,,,,,,,,,,,,,,,,,,,,
DilutedNIAvailtoComStockholders,"6,269,000,000","1,688,000,000","1,117,000,000","1,744,000,000","1,661,000,000","1,199,500,000","842,700,000","892,700,000","575,800,000","1,322,500,000","648,800,000","708,600,000","327,300,000","747,300,000","664,300,000","674,300,000","567,200,000","857,100,000","572,700,000","557,800,000","506,600,000","747,400,000","392,100,000","657,200,000","758,800,000","689,100,000","1,403,800,000","696,200,000","570,400,000","662,400,000","681,500,000","677,400,000","580,400,000","790,000,000","597,600,000","617,700,000","693,000,000","636,104,000","548,735,000","600,149,000","612,912,000","570,714,000","523,428,000","648,764,000","429,358,000","465,900,000","649,000,000","372,476,000","300,233,000","266,935,000","351,363,000","295,694,000","237,712,000","305,686,000","371,992,000","363,448,000","276,505,000","320,225,000","483,721,000","311,154,000","254,804,000","323,717,000","268,071,000","314,522,000","215,719,000","251,703,000","228,821,000","229,020,000","188,256,000","217,730,000","200,793,000","182,233,000","145,244,000","169,946,000","138,618,000","125,144,000","103,126,000","161,712,000","116,029,000","103,665,000","-91,015,000","33,112,000","87,746,000","94,230,000","82,577,000","87,764,000","83,625,000","81,267,000","71,557,000","74,300,000","61,800,000","63,000,000","55,200,000","58,000,000","28,500,000","46,200,000","38,000,000","43,200,000","41,800,000","38,300,000","31,500,000","35,000,000","33,600,000","32,500,000","106,700,000","30,500,000","28,800,000","27,200,000","21,800,000","24,800,000","23,100,000","19,300,000","14,500,000","16,400,000","14,500,000","12,800,000","-25,900,000","8,700,000","9,700,000","8,100,000","5,200,000","900,000","4,300,000","4,200,000","3,900,000","1,700,000","11,800,000","11,500,000","10,600,000",,,,,,,,,,,,,,,,,,
BasicEPS,,"2.44","1.56","2.44","2.33","1.69","1.18","1.27","0.83","1.75","0.9","0.99","0.46","1.06","0.95","0.96","0.81","1.23","0.82","0.8","0.73","1.08","0.57","0.95","1.1","1","2.04","0.98","0.81","0.94","0.97","0.96","0.83","1.13","0.86","0.89","1","0.91","0.79","0.86","0.89",,"0.76","0.97","0.65",,"0.99","0.57","0.465",,"0.545","0.465","0.37",,"0.58","0.57","0.435",,"0.78","0.505","0.41",,"0.435","0.51","0.35",,"0.37","0.37","0.305",,"0.325","0.295","0.235",,"0.225","0.205","0.168",,"0.19","0.173","-0.158",,"0.153","0.163","0.145",,"0.148","0.143","0.125",,"0.108","0.115","0.103",,"0.053","0.098","0.083",,"0.088","0.08","0.065",,"0.07","0.068","0.225",,"0.06","0.058","0.048",,"0.05","0.043","0.033",,"0.033","0.028","-0.058",,"0.023","0.018","0.013",,"0.01","0.01","0.01",,"0.025","0.03","0.03",,"0.03","0.035","0.03",,"0.028","0.035","0.025",,"0.018","0.013","0.008",,"0.008","0.005","0.005",,"0.005"
DilutedEPS,,"2.39","1.54","2.4","2.29","1.66","1.16","1.24","0.81","1.73","0.89","0.97","0.46","1.05","0.93","0.95","0.8","1.21","0.81","0.79","0.72","1.07","0.56","0.94","1.09","0.99","2.01","0.97","0.79","0.92","0.95","0.95","0.81","1.11","0.84","0.87","0.98","0.89","0.77","0.84","0.86",,"0.74","0.94","0.63",,"0.95","0.55","0.445",,"0.525","0.445","0.36",,"0.555","0.545","0.415",,"0.74","0.48","0.39",,"0.415","0.49","0.335",,"0.35","0.35","0.29",,"0.31","0.28","0.225",,"0.218","0.198","0.163",,"0.185","0.165","-0.158",,"0.148","0.158","0.14",,"0.145","0.14","0.123",,"0.105","0.113","0.098",,"0.05","0.095","0.08",,"0.088","0.08","0.065",,"0.07","0.068","0.225",,"0.06","0.058","0.048",,"0.05","0.043","0.033",,"0.033","0.028","-0.058",,"0.023","0.018","0.013",,"0.01","0.01","0.01",,"0.025","0.03","0.03",,"0.03","0.035","0.03",,"0.028","0.033","0.025",,"0.018","0.013","0.008",,"0.008","0.005","0.005",,"0.005"
BasicAverageShares,,"715,600,000","715,100,000","714,500,000","713,200,000","711,600,000","710,900,000","705,100,000","697,200,000","716,100,000","718,800,000","717,600,000","707,600,000","702,200,000","701,400,000","700,200,000","698,600,000","697,200,000","696,200,000","695,400,000","694,300,000","693,000,000","692,200,000","690,900,000","688,600,000","687,400,000","688,500,000","709,500,000","707,200,000","704,800,000","702,600,000","701,200,000","700,100,000","699,000,000","697,700,000","695,200,000","692,000,000","691,400,000","695,208,000","695,570,000","691,507,000",,"687,259,000","667,207,000","661,599,000",,"654,599,000","652,478,000","648,968,000",,"642,186,000","639,832,000","638,672,000",,"639,774,000","638,466,000","637,606,000",,"620,648,000","618,942,000","619,336,000",,"616,688,000","615,718,000","613,676,000",,"619,180,000","619,278,000","619,760,000",,"618,252,000","617,664,000","616,804,000",,"614,152,000","612,740,000","611,508,000",,"607,368,000","605,096,000","580,692,000",,"575,340,000","576,064,000","571,496,000",,"569,452,000","568,984,000","571,004,000",,"574,883,721","547,826,087","538,536,585",,"542,857,143","473,846,154","460,606,061",,"477,714,286","478,750,000","484,615,385",,"480,000,000","481,481,481","474,222,222",,"480,000,000","473,043,478","458,947,368",,"462,000,000","454,117,647","446,153,846",,"446,153,846","465,454,545","450,434,783",,"431,111,111","462,857,143","416,000,000",,"430,000,000","420,000,000","390,000,000",,"472,000,000","383,333,333","353,333,333",,"393,856,000","393,856,000","393,856,000",,"365,072,000","364,928,000","364,912,000",,"356,112,000","326,272,000","326,272,000",,"326,272,000","326,272,000","326,272,000",,"326,272,000"
DilutedAverageShares,,"738,400,000","727,000,000","736,000,000","735,100,000","724,500,000","724,300,000","718,200,000","707,900,000","726,300,000","729,300,000","727,900,000","718,500,000","711,200,000","710,600,000","709,500,000","709,500,000","707,600,000","705,600,000","705,400,000","705,700,000","701,900,000","701,300,000","698,900,000","697,100,000","697,100,000","698,700,000","719,600,000","718,700,000","717,600,000","716,200,000","715,600,000","714,800,000","713,800,000","711,900,000","709,800,000","708,400,000","709,600,000","713,947,000","714,910,000","714,023,000",,"710,403,000","694,599,000","688,328,000",,"683,431,000","682,338,000","680,122,000",,"672,536,000","669,080,000","666,962,000",,"674,668,000","673,102,000","671,948,000",,"656,272,000","655,472,000","655,900,000",,"651,476,000","648,006,000","648,090,000",,"657,254,000","657,448,000","658,780,000",,"655,934,000","654,544,000","652,968,000",,"647,084,000","644,804,000","642,668,000",,"638,444,000","640,180,000","615,768,000",,"594,888,136","598,285,714","601,864,000",,"576,724,138","580,478,571","581,480,000",,"588,571,429","560,000,000","566,153,846",,"570,000,000","486,315,789","475,000,000",,"477,714,286","478,750,000","484,615,385",,"480,000,000","481,481,481","474,222,222",,"480,000,000","473,043,478","458,947,368",,"462,000,000","454,117,647","446,153,846",,"446,153,846","465,454,545","450,434,783",,"431,111,111","462,857,143","416,000,000",,"430,000,000","420,000,000","390,000,000",,"472,000,000","383,333,333","353,333,333",,"393,856,000","393,856,000","393,856,000",,"365,072,000","364,928,000","364,912,000",,"356,112,000","326,272,000","326,272,000",,"326,272,000","326,272,000","326,272,000",,"326,272,000"
TotalOperatingIncomeAsReported,"7,465,000,000","2,154,000,000","1,309,000,000","2,005,000,000","1,997,000,000","1,601,300,000","1,087,600,000","844,600,000","697,500,000","827,000,000","834,800,000","883,800,000","723,800,000","962,600,000","830,700,000","867,500,000","743,000,000","946,100,000","767,500,000","683,700,000","623,900,000","728,600,000","699,100,000","1,034,500,000","882,100,000","978,800,000","800,800,000","931,100,000","774,200,000","887,300,000","865,800,000","889,300,000","788,900,000","888,000,000","812,400,000","843,600,000","730,900,000","863,149,000","755,809,000","811,274,000","734,868,000","744,391,000","656,144,000","626,103,000","590,588,000","626,508,000","572,650,000","533,850,000","433,366,000","393,714,000","464,597,000","343,946,000","340,219,000","423,651,000","522,140,000","510,464,000","413,222,000","464,770,000","462,934,000","447,806,000","374,634,000","447,316,000","392,324,000","381,282,000","297,071,000","352,128,000","319,682,000","321,021,000","271,837,000","316,004,000","291,921,000","272,242,000","224,966,000","262,026,000","215,765,000","201,211,000","166,993,000","206,896,000","187,430,000","169,575,000","137,221,000","59,340,000","147,640,000","156,613,000","138,418,000","151,011,000","146,844,000","136,665,000","117,629,000","122,300,000","119,300,000","108,200,000","96,000,000","101,700,000","99,000,000","82,100,000","65,000,000","74,200,000","71,300,000","65,900,000","55,400,000","62,500,000","60,200,000","56,300,000","47,200,000","42,400,000","49,900,000","48,600,000","39,500,000","35,800,000","43,200,000","37,400,000","29,500,000","13,400,000","30,100,000","24,900,000","22,300,000","12,700,000","19,800,000","16,800,000","11,600,000","1,100,000","11,600,000","11,200,000","11,000,000","4,500,000","25,700,000","23,600,000","21,800,000",,,,,,,,,,,,,,,,,,
TotalExpenses,"21,988,000,000","5,994,000,000","5,920,000,000","5,213,000,000","4,861,000,000","5,159,000,000","4,795,600,000","4,452,800,000","3,645,600,000","2,010,300,000","4,202,500,000","4,272,800,000","4,156,100,000","4,400,900,000","4,022,400,000","4,113,500,000","3,952,400,000","4,139,600,000","3,760,700,000","3,826,400,000","3,581,800,000","3,855,700,000","3,433,000,000","4,750,500,000","4,505,100,000","4,906,000,000","4,222,600,000","4,196,000,000","4,099,100,000","4,529,900,000","4,004,500,000","4,074,300,000","3,873,800,000","4,378,700,000","3,856,700,000","3,893,900,000","3,713,800,000","4,181,929,000","3,659,734,000","3,760,215,000","3,595,697,000","3,837,464,000","3,861,945,000","3,085,571,000","2,755,114,000","2,994,978,000","2,628,093,000","2,777,071,000","2,658,854,000","2,739,178,000","2,286,096,000","2,329,663,000","2,287,525,000","2,752,855,000","2,686,041,000","2,773,431,000","2,615,652,000","2,676,407,000","2,268,217,000","2,223,406,000","2,181,406,000","2,212,940,000","2,050,399,000","1,968,482,000","1,846,590,000","1,911,626,000","1,646,693,000","1,607,606,000","1,554,111,000","1,663,576,000","1,453,364,000","1,349,003,000","1,318,225,000","1,226,752,000","1,093,686,000","1,098,221,000","1,029,222,000","1,074,355,000","964,291,000","976,751,000","866,986,000","789,866,000","753,948,000","800,028,000","866,865,000","881,358,000","839,942,000","754,110,000","750,218,000","725,900,000","662,600,000","633,600,000","658,600,000","700,800,000","625,800,000","540,200,000","469,400,000","491,000,000","445,300,000","436,900,000","411,000,000","434,200,000","410,600,000","378,600,000","362,400,000","271,900,000","354,600,000","342,900,000","337,000,000","319,300,000","283,200,000","280,700,000","259,700,000","265,400,000","250,900,000","234,000,000","226,100,000","241,900,000","226,300,000","219,800,000","200,100,000","216,800,000","196,500,000","190,700,000","192,700,000","222,000,000","204,200,000","179,400,000","158,800,000",,,,,,,,,,,,,,,,,,
NetIncomeFromContinuingAndDiscontinuedOperation,"6,433,000,000","1,788,000,000","1,158,000,000","1,785,000,000","1,702,000,000","1,240,100,000","883,500,000","927,300,000","595,100,000","1,275,100,000","668,000,000","731,300,000","333,800,000","746,800,000","663,700,000","673,800,000","566,600,000","856,600,000","572,100,000","557,300,000","506,100,000","747,000,000","391,600,000","656,700,000","758,400,000","688,600,000","1,403,300,000","695,600,000","569,800,000","661,700,000","680,600,000","676,400,000","579,700,000","789,300,000","597,000,000","616,800,000","691,900,000","630,404,000","548,735,000","600,149,000","612,912,000","570,714,000","523,428,000","648,764,000","429,358,000","473,856,000","646,435,000","372,476,000","300,233,000","266,935,000","351,363,000","295,694,000","237,712,000","305,686,000","371,992,000","363,448,000","276,505,000","320,225,000","483,721,000","311,154,000","254,804,000","323,717,000","268,071,000","314,522,000","215,719,000","251,703,000","228,821,000","229,020,000","188,256,000","217,730,000","200,793,000","182,233,000","145,244,000","169,946,000","138,618,000","125,144,000","103,126,000","161,712,000","116,029,000","103,665,000","82,735,000","33,112,000","87,746,000","94,230,000","82,577,000","87,764,000","83,625,000","81,267,000","71,557,000","74,300,000","61,800,000","63,000,000","55,200,000","58,000,000","28,500,000","46,200,000","38,000,000","43,200,000","41,800,000","38,300,000","31,500,000","35,000,000","33,600,000","32,500,000","106,700,000","30,500,000","28,800,000","27,200,000","21,800,000","24,800,000","23,100,000","19,300,000","14,500,000","16,400,000","14,500,000","12,800,000","10,100,000","8,700,000","9,700,000","8,100,000","5,200,000","900,000","4,300,000","4,200,000","3,900,000","1,700,000","11,800,000","11,500,000","10,600,000",,,,,,,,,,,,,,,,,,
NormalizedIncome,"6,081,470,000","1,788,000,000","1,158,000,000","1,699,000,000","1,702,000,000","1,260,694,589.685","883,500,000","581,804,000","595,100,000","699,200,000","668,000,000","731,300,000","333,800,000","746,800,000","663,700,000","673,800,000","566,600,000","856,600,000","572,100,000","557,300,000","483,800,000","747,000,000","553,686,000","656,700,000","758,400,000","735,200,000","590,000,000","695,600,000","569,800,000","661,700,000","680,600,000","676,400,000","579,700,000","639,116,855.524","597,000,000","616,800,000","519,525,086.73","630,362,000","548,735,000","586,170,681.206","509,338,499.041","490,869,798.98","553,061,848.525","449,646,000","420,246,000","473,856,000","646,435,000","372,476,000","300,233,000","266,935,000","351,363,000","295,694,000","237,712,000","305,686,000","371,992,000","363,448,000","276,505,000","320,225,000","334,501,000","300,650,827.921","254,804,000","323,717,000","267,513,828.809","301,167,069.348","215,719,000","261,855,400.227","232,161,404.61","222,802,406.787","184,388,133.218","216,270,677.895","197,894,417.139","181,281,004.179","144,774,089.919","155,236,264.235","138,554,760","125,144,000","102,610,626.024","130,993,369.046","114,277,524.943","103,665,000","82,735,000","33,112,000","87,746,000","94,230,000","82,577,000","87,764,000","83,625,000","81,267,000","71,557,000","74,300,000","68,880,000","63,000,000","55,200,000","58,000,000","52,980,000","46,200,000","38,000,000","43,200,000","41,800,000","38,300,000","31,500,000","35,000,000","33,600,000","32,500,000","26,900,000","27,900,000","28,800,000","27,200,000","21,800,000","24,800,000","24,540,000","20,740,000","15,940,000","6,843,609.023","15,940,000","12,800,000","11,480,000","8,700,000","9,700,000","8,100,000","5,200,000","900,000","4,300,000","4,200,000","3,900,000","1,700,000","11,800,000","11,500,000","10,600,000",,,,,,,,,,,,,,,,,,
InterestIncome,"11,000,000","1,000,000","3,000,000","3,000,000","4,000,000","3,300,000","4,200,000","1,000,000","62,500,000","67,000,000","30,100,000","26,200,000","15,700,000","2,500,000","2,800,000","2,500,000","1,400,000","1,900,000","2,200,000","1,800,000","1,600,000","100,000","100,000","0","0","0","600,000","2,300,000","2,300,000","4,500,000","3,600,000","3,700,000","4,900,000","1,800,000","1,400,000","1,600,000","900,000","1,012,000","722,000","707,000","759,000","360,000","392,000","2,280,000","2,115,000","1,700,000","1,777,000","1,039,000","1,553,000","1,649,000","1,594,000","1,126,000","665,000",,,,,,,,,,,,,,,,,,,,,,,,,,,,,,,,,,,,,,,,,,,,,,,,,,,,,,,,,,,,,,,,,,,,,,,,,,,,,,,,,,,,,,,,,,,,,,
InterestExpense,"238,000,000","56,000,000","62,000,000","62,000,000","58,000,000","72,300,000","76,700,000","78,600,000","47,400,000","38,400,000","26,300,000","20,600,000","23,300,000","33,800,000","41,300,000","43,200,000","39,100,000","41,800,000","39,900,000","40,700,000","40,300,000","32,300,000","43,700,000","66,400,000","61,700,000","59,100,000","45,300,000","29,800,000","30,200,000","26,500,000","30,500,000","33,200,000","32,500,000","32,300,000","35,000,000","39,400,000","39,200,000","40,840,000","39,361,000","37,876,000","39,423,000","36,443,000","42,760,000","31,709,000","30,725,000","28,647,000","31,903,000","29,551,000","30,674,000","35,428,000","31,842,000","31,329,000","24,057,000",,,,,,,,,,,,,,,,,,,,,,,,,,,,,,,,,,,,,,,,,,,,,,,,,,,,,,,,,,,,,,,,,,,,,,,,,,,,,,,,,,,,,,,,,,,,,,
NetInterestIncome,"-227,000,000","-55,000,000","-59,000,000","-59,000,000","-54,000,000","-69,000,000","-72,500,000","-77,600,000","15,100,000","28,600,000","3,800,000","5,600,000","-7,600,000","-31,300,000","-38,500,000","-40,700,000","-37,700,000","-39,900,000","-37,700,000","-38,900,000","-38,700,000","-32,200,000","-43,600,000","-66,400,000","-61,700,000","-59,100,000","-44,700,000","-27,500,000","-27,900,000","-22,000,000","-26,900,000","-29,500,000","-27,600,000","-30,500,000","-33,600,000","-37,800,000","-38,300,000","-39,828,000","-38,639,000","-37,169,000","-38,664,000","-36,083,000","-42,368,000","-29,429,000","-28,610,000","-26,947,000","-30,126,000","-28,512,000","-29,121,000","-33,779,000","-30,248,000","-30,203,000","-23,392,000",,,,,,,,,,,,,,,,,,,,,,,,,,,,,,,,,,,,,,,,,,,,,,,,,,,,,,,,,,,,,,,,,,,,,,,,,,,,,,,,,,,,,,,,,,,,,,
EBIT,"7,836,000,000","2,141,000,000","1,449,000,000","2,105,000,000","2,141,000,000","1,613,800,000","1,098,200,000","1,299,500,000","758,500,000","883,600,000","869,300,000","916,300,000","744,700,000","977,100,000","842,600,000","878,300,000","752,200,000","1,020,800,000","769,700,000","685,500,000","625,500,000","728,700,000","520,400,000","1,034,500,000","1,105,500,000","978,800,000","813,800,000","933,400,000","776,500,000","990,900,000","907,600,000","912,200,000","793,800,000","1,091,300,000","813,800,000","845,200,000","961,600,000","864,161,000","756,531,000","811,981,000","735,627,000","744,751,000","623,649,000","628,383,000","592,703,000","628,208,000","865,464,000","534,889,000","434,919,000","395,363,000","466,191,000","345,072,000","340,884,000","433,655,000","522,140,000","510,464,000","413,222,000","464,770,000","462,934,000","447,806,000","374,634,000","447,316,000","392,324,000","381,282,000","297,071,000","352,128,000","319,682,000","321,021,000","271,837,000","316,004,000","291,921,000","272,242,000","224,966,000","262,026,000","215,765,000","201,211,000","166,993,000","200,623,000","187,430,000","169,575,000","137,221,000","129,066,000","147,640,000","156,613,000","138,418,000","151,011,000","146,844,000","136,665,000","117,629,000","122,300,000","119,300,000","108,200,000","96,000,000","101,700,000","99,000,000","82,100,000","65,000,000","74,200,000","71,300,000","65,900,000","55,400,000","62,500,000","60,200,000","56,300,000","47,200,000","42,400,000","49,900,000","48,600,000","39,500,000","35,800,000","43,200,000","37,400,000","29,500,000","13,400,000","30,100,000","24,900,000","22,300,000","12,700,000","19,800,000","16,800,000","11,600,000","1,100,000","11,600,000","11,200,000","11,000,000","4,500,000","25,700,000","23,600,000","21,800,000","-483,800,000","184,200,000","198,600,000","195,000,000","-432,300,000","170,800,000","185,800,000","180,300,000","-360,000,000","151,500,000","154,500,000","138,500,000","-253,400,000","141,400,000","80,000,000","65,000,000","-203,100,000","75,400,000"
EBITDA,"10,004,000,000"
ReconciledCostOfRevenue,"11,501,000,000","3,205,000,000","2,870,000,000","2,821,000,000","2,605,000,000","2,806,200,000","2,657,700,000","2,444,800,000","1,900,300,000","1,257,400,000","2,228,900,000","2,279,200,000","2,161,900,000","2,407,600,000","2,162,600,000","2,163,900,000","2,051,800,000","2,246,600,000","1,991,400,000","2,027,800,000","1,871,400,000","2,084,300,000","1,846,100,000","2,635,600,000","2,524,600,000","2,871,500,000","2,386,400,000","2,366,900,000","2,273,300,000","2,613,500,000","2,304,600,000","2,343,400,000","2,209,800,000","2,555,000,000","2,244,400,000","2,242,000,000","2,119,000,000","2,429,880,000","2,137,541,000","2,198,003,000","2,080,676,000","2,249,656,000","2,313,427,000","1,768,479,000","1,582,314,000","1,768,797,000","1,541,337,000","1,671,511,000","1,594,167,000","1,694,507,000","1,429,736,000","1,411,340,000","1,369,135,000","1,724,897,000","1,697,611,000","1,723,596,000","1,611,158,000","1,690,647,000","1,481,940,000","1,456,178,000","1,403,638,000","1,467,450,000","1,340,946,000","1,317,653,000","1,226,972,000","1,291,397,000","1,118,504,000","1,079,024,000","1,050,764,000","1,143,878,000","1,005,292,000","935,536,000","911,930,000","884,499,000","766,948,000","774,546,000","728,816,000","769,435,000","661,551,000","670,268,000","598,156,000","580,699,000","519,630,000","554,196,000","599,371,000","562,853,000","573,298,000","517,169,000","512,690,000","462,900,000","445,300,000","436,800,000","458,000,000","447,900,000","411,800,000","393,500,000","350,700,000","344,500,000","330,900,000","325,200,000","305,800,000","304,100,000","309,000,000","285,500,000","272,700,000","179,200,000","276,900,000","264,600,000","260,400,000","244,900,000","221,800,000","220,200,000","202,900,000","171,600,000","206,800,000","179,100,000","184,500,000","180,200,000","172,200,000","167,800,000","150,100,000","166,300,000","151,400,000","142,300,000","141,900,000","161,500,000","155,500,000","136,200,000","120,000,000",,,,,,,,,,,,,,,,,,
ReconciledDepreciation,"2,168,000,000","587,000,000","554,000,000","525,000,000","502,000,000","508,600,000","491,500,000","477,100,000","297,800,000","202,600,000","327,700,000","330,800,000","328,400,000","330,800,000","321,500,000","334,600,000","320,800,000","318,100,000","311,400,000","303,200,000","305,600,000","305,600,000","191,600,000","320,800,000","310,100,000","315,000,000","240,600,000","248,300,000","247,400,000","237,800,000","240,600,000","235,400,000","224,700,000","233,300,000","225,300,000","219,600,000","216,800,000","219,372,000","210,598,000","207,519,000","202,311,000","201,071,000","208,562,000","120,278,000","105,023,000","105,998,000","97,397,000","99,221,000","94,466,000","89,190,000","85,651,000","85,950,000","80,796,000","84,231,000","84,526,000","83,436,000","87,094,000","78,081,000","63,026,000","63,918,000","63,467,000","63,488,000","55,431,000","51,902,000","46,369,000","43,345,000","43,499,000","44,393,000","45,735,000","38,890,000","41,079,000","38,250,000","37,909,000","31,155,000","32,663,000","34,155,000","35,463,000","31,356,000","32,525,000","32,907,000","32,777,000","48,436,000","43,837,000","42,485,000","43,632,000","40,495,000","39,379,000","34,805,000","35,042,000","29,900,000","34,800,000","31,100,000","30,600,000","29,400,000","36,800,000","23,500,000","19,000,000","19,300,000","18,500,000","19,400,000","18,900,000","17,300,000","18,300,000","16,200,000","16,800,000","9,600,000","14,900,000","16,700,000","17,300,000","13,500,000","10,200,000","10,300,000","10,600,000",,,"11,000,000",,"8,300,000","10,200,000","9,500,000","9,100,000","8,700,000","7,600,000","8,500,000","8,400,000","7,200,000","7,500,000","5,600,000","5,300,000",,,,,,,,,,,,,,,,,,
NetIncomeFromContinuingOperationNetMinorityInterest,"6,347,000,000","1,788,000,000","1,158,000,000","1,699,000,000","1,702,000,000","1,240,100,000","883,500,000","927,300,000","595,100,000","699,200,000","668,000,000","731,300,000","333,800,000","746,800,000","663,700,000","673,800,000","566,600,000","856,600,000","572,100,000","557,300,000","483,800,000","747,000,000","402,600,000","656,700,000","758,400,000","735,200,000","590,000,000","695,600,000","569,800,000","661,700,000","680,600,000","676,400,000","579,700,000","789,300,000","597,000,000","616,800,000","691,900,000","630,362,000","548,735,000","600,149,000","520,054,000","541,967,000","523,428,000","449,646,000","420,246,000","473,856,000","646,435,000","372,476,000","300,233,000","266,935,000","351,363,000","295,694,000","237,712,000","305,686,000","371,992,000","363,448,000","276,505,000","320,225,000","334,501,000","311,154,000","254,804,000","323,717,000","268,071,000","314,522,000","215,719,000","251,703,000","228,821,000","229,020,000","188,256,000","217,730,000","200,793,000","182,233,000","145,244,000","169,946,000","138,618,000","125,144,000","103,126,000","131,712,000","116,029,000","103,665,000","82,735,000","33,112,000","87,746,000","94,230,000","82,577,000","87,764,000","83,625,000","81,267,000","71,557,000","74,300,000","61,800,000","63,000,000","55,200,000","58,000,000","28,500,000","46,200,000","38,000,000","43,200,000","41,800,000","38,300,000","31,500,000","35,000,000","33,600,000","32,500,000","26,900,000","27,900,000","28,800,000","27,200,000","21,800,000","24,800,000","23,100,000","19,300,000","14,500,000","16,400,000","14,500,000","12,800,000","10,100,000","8,700,000","9,700,000","8,100,000","5,200,000","900,000","4,300,000","4,200,000","3,900,000","1,700,000","11,800,000","11,500,000","10,600,000",,,,,,,,,,,,,,,,,,
TotalUnusualItemsExcludingGoodwill,"318,000,000","-96,000,000",,,,"-25,600,000","0","454,600,000",,"-6,500,000",,,,,,,,"0","0",,,"0","-178,800,000",,,,,,,,,,"0","201,500,000","0","0","229,800,000","0","0","18,030,000","14,345,000","66,780,000","-32,887,000",,,"-268,269,000",,,,,,,,,,,,"0",,"14,335,000",,"0","762,000","15,617,000",,"-13,930,000","-4,577,000","8,576,000","5,335,000","2,041,000","4,054,000","1,360,000","686,000","21,632,000","93,000",,"775,000","1,068,000","2,674,000",,,,,,,,,,,"0","-11,800,000",,,"0","-40,800,000",,,,,,,,,,,,,,,,"-2,400,000","-2,400,000","-2,400,000","15,500,000","-2,400,000",,"-2,300,000",,,,,,,,,,,,,,,,,,,,,,,,,,,,,,
TotalUnusualItems,"318,000,000","-96,000,000",,,,"-25,600,000","0","454,600,000",,"-6,500,000",,,,,,,,"0","0",,,"0","-178,800,000",,,,,,,,,,"0","201,500,000","0","0","229,800,000","0","0","18,030,000","14,345,000","66,780,000","-32,887,000",,,"-268,269,000",,,,,,,,,,,,"0",,"14,335,000",,"0","762,000","15,617,000",,"-13,930,000","-4,577,000","8,576,000","5,335,000","2,041,000","4,054,000","1,360,000","686,000","21,632,000","93,000",,"775,000","1,068,000","2,674,000",,,,,,,,,,,"0","-11,800,000",,,"0","-40,800,000",,,,,,,,,,,,,,,,"-2,400,000","-2,400,000","-2,400,000","15,500,000","-2,400,000",,"-2,300,000",,,,,,,,,,,,,,,,,,,,,,,,,,,,,,
NormalizedEBITDA,"9,686,000,000","2,728,000,000","2,003,000,000","2,630,000,000","2,643,000,000","2,148,000,000","1,589,700,000","1,322,000,000","1,056,300,000","1,086,200,000","1,197,000,000","1,247,100,000","1,073,100,000","1,307,900,000","1,164,100,000","1,212,900,000","1,073,000,000","1,338,900,000","1,081,100,000","988,700,000","931,100,000","1,034,300,000","890,800,000","1,355,300,000","1,415,600,000","1,293,800,000","1,054,400,000","1,181,700,000","1,023,900,000","1,228,700,000","1,148,200,000","1,147,600,000","1,018,500,000","1,123,100,000","1,039,100,000","1,064,800,000","948,600,000","1,083,533,000","967,129,000","1,001,470,000","923,593,000","879,042,000","865,098,000","748,661,000","697,726,000","734,206,000","962,861,000","634,110,000","529,385,000","484,553,000","551,842,000","431,022,000","421,680,000","517,886,000","606,666,000","593,900,000","500,316,000","542,851,000","525,960,000","497,389,000","438,101,000","510,804,000","446,993,000","417,567,000","343,440,000","409,403,000","367,758,000","356,838,000","312,237,000","352,853,000","328,946,000","309,132,000","262,189,000","271,549,000","248,335,000","235,366,000","201,681,000","230,911,000","217,281,000","202,482,000","169,998,000","177,502,000","191,477,000","199,098,000","182,050,000","191,506,000","186,223,000","171,470,000","152,671,000","152,200,000","165,900,000","139,300,000","126,600,000","131,100,000","176,600,000","105,600,000","84,000,000","93,500,000","89,800,000","85,300,000","74,300,000","79,800,000","78,500,000","72,500,000","64,000,000","52,000,000","64,800,000","65,300,000","56,800,000","49,300,000","56,000,000","50,300,000","42,500,000","-2,100,000","32,500,000","35,900,000","24,600,000","21,000,000","30,200,000","26,300,000","20,700,000","9,800,000","19,200,000","19,700,000","19,400,000","11,700,000","33,200,000","29,200,000","27,100,000","-483,800,000","184,200,000","198,600,000","195,000,000","-432,300,000","170,800,000","185,800,000","180,300,000","-360,000,000","151,500,000","154,500,000","138,500,000","-253,400,000","141,400,000","80,000,000","65,000,000","-203,100,000","75,400,000"
TaxRateForCalcs,"0.165","0.142","0.165","0.168","0.183","0.196","0.135","0.24","0.163","0.18","0.201","0.184","0.27","0.208","0.172","0.193","0.205","0.125","0.216","0.136","0.173","0.4","0.155","0.322","0.273","0.201","0.232","0.23","0.237","0.314","0.224","0.23","0.239","0.255","0.233","0.235","0.25","0.234","0.235","0.225","0.253","0.235","0.099","0.246","0.252","0.21","0.224","0.263","0.257","0.258","0.191","0.058","0.25","0.24","0.245","0.24","0.265","0.263","0.236","0.267","0.269","0.234","0.269","0.145","0.254","0.271","0.27","0.275","0.275","0.285","0.285","0.3","0.315","0.32","0.32","0.335","0.335","0.327","0.345","0.345","0.345","0.375","0.375","0.375","0.375","0.38","0.38","0.38","0.38","0.385","0.4","0.385","0.385","0.386","0.4","0.385","0.385","0.392","0.39","0.389","0.39","0.389","0.39","0.39","0.39","0.379","0.379","0.4","0.399","0.392","0.4","0.4","0.4","0.383","0.4","0.4","0.4","0.4","0.4","0.4","0.4","0.4","0.4","0.4","0.4","0.4","0.4","0.392","0.4",,,,,,,,,,,,,,,,,,
TaxEffectOfUnusualItems,"52,470,000","0","0","0","0","-5,005,410.315","0","109,104,000","0","0","0","0","0","0","0","0","0","0","0","0","0","0","-27,714,000","0","0","0","0","0","0","0","0","0","0","51,316,855.524","0","0","57,425,086.73","0","0","4,051,681.206","3,629,499.041","15,682,798.98","-3,253,151.475","0","0","0","0","0","0","0","0","0","0","0","0","0","0","0","0","3,831,827.921","0","0","204,828.809","2,262,069.348","0","-3,777,599.773","-1,236,595.39","2,358,406.787","1,467,133.218","581,677.895","1,155,417.139","408,004.179","216,089.919","6,922,264.235","29,760","0","259,626.024","349,369.046","922,524.943","0","0","0","0","0","0","0","0","0","0","0","-4,720,000","0","0","0","-16,320,000","0","0","0","0","0","0","0","0","0","0","0","0","0","0","0","-960,000","-960,000","-960,000","5,943,609.023","-960,000","0","-920,000","0","0","0","0","0","0","0","0","0","0","0","0",,,,,,,,,,,,,,,,,,