name,ttm,12/31/2021,09/30/2021,06/30/2021,03/31/2021,12/31/2020,09/30/2020,06/30/2020,03/31/2020,12/31/2019,09/30/2019,06/30/2019,03/31/2019,12/31/2018,09/30/2018,06/30/2018,03/31/2018,12/31/2017,09/30/2017,06/30/2017,03/31/2017,12/31/2016,09/30/2016,06/30/2016,03/31/2016,12/31/2015,09/30/2015,06/30/2015,03/31/2015,12/31/2014,09/30/2014,06/30/2014,03/31/2014,12/31/2013,09/30/2013,06/30/2013,03/31/2013,12/31/2012,09/30/2012,06/30/2012,03/31/2012,12/31/2011,09/30/2011,06/30/2011,03/31/2011,12/31/2010,09/30/2010,06/30/2010,03/31/2010,12/31/2009,09/30/2009,06/30/2009,03/31/2009,12/31/2008,09/30/2008,06/30/2008,03/31/2008,12/31/2007,09/30/2007,06/30/2007,03/31/2007,12/31/2006,09/30/2006,06/30/2006,03/31/2006,12/31/2005,09/30/2005,06/30/2005,03/31/2005,12/31/2004,09/30/2004,06/30/2004,03/31/2004,12/31/2003,09/30/2003
TotalRevenue,"4,427,882,000","1,111,167,000","1,133,136,000","1,093,188,000","1,090,391,000","1,062,609,000","1,024,668,000","992,995,000","823,337,000","787,463,000","806,466,000","800,797,000","814,515,000","778,267,000","768,924,000","754,919,000","744,368,000","731,445,000","609,925,000","565,989,000","550,569,000","576,787,000","546,293,000","514,934,000","504,199,000","500,443,000","435,989,000","420,295,000","406,609,000","412,216,000","412,186,000","401,446,000","390,590,000","380,931,000","379,456,000","363,502,000","358,370,000","349,736,000","342,479,000","303,704,000","283,148,000","270,612,000","273,476,000","267,881,000","250,741,000","238,672,000","237,486,000","197,464,000","191,779,000","169,774,000","163,227,000","155,007,000","149,134,000","147,106,000","142,016,000","123,776,000","114,547,000","105,903,000","104,794,000","95,583,000","88,967,000","84,514,000","73,189,000","64,708,000","60,983,000","62,947,000","56,556,000","49,663,000","39,643,000","36,205,000","29,346,000","37,024,000","18,770,000","18,281,000","13,970,000"
	OperatingRevenue,"4,427,882,000","1,111,167,000","1,133,136,000","1,093,188,000","1,090,391,000","1,062,609,000","1,024,668,000","992,995,000","823,337,000","787,463,000","806,466,000","800,797,000","814,515,000","624,439,000","605,302,000","598,669,000","593,431,000","579,017,000","502,104,000","472,306,000","463,246,000","455,874,000","450,626,000","426,723,000","419,890,000","409,453,000","339,925,000","332,225,000","320,780,000","321,687,000","319,812,000","314,886,000","306,969,000","298,302,000","291,383,000","286,681,000","282,205,000","69,812,000","342,479,000","303,704,000","283,148,000","218,602,000","216,820,000","267,881,000","250,741,000","192,221,000","184,511,000","157,867,000","152,574,000","137,273,000","130,991,000","125,463,000","118,107,000","116,970,000","112,134,000","98,078,000","115,360,000","106,449,000","105,178,000","96,331,000","90,025,000","85,110,000","73,554,000","64,970,000","61,215,000","62,947,000","56,556,000","49,663,000","39,643,000","36,205,000","29,346,000","37,024,000","18,770,000","18,281,000","13,970,000"
CostOfRevenue,"1,778,320,000","465,362,000","466,962,000","431,714,000","414,282,000","420,312,000","401,338,000","381,088,000","311,378,000","299,757,000","300,789,000","296,955,000","295,260,000","287,230,000","280,842,000","257,606,000","260,903,000","261,848,000","222,647,000","202,877,000","196,258,000","196,365,000","197,812,000","186,997,000","181,500,000","183,717,000","160,491,000","150,439,000","147,826,000","150,640,000","156,719,000","147,512,000","140,185,000","137,293,000","154,416,000","126,004,000","128,206,000","125,961,000","125,265,000","88,172,000","80,038,000","93,544,000","102,610,000","83,536,000","73,460,000","74,896,000","88,186,000","67,154,000","65,963,000","54,435,000","54,573,000","51,450,000","51,784,000","49,528,000","48,473,000","44,918,000",,,,,,,,,,,,,,,"5,336,000",,,"3,020,000","1,966,000"
GrossProfit,"2,649,562,000","645,805,000","666,174,000","661,474,000","676,109,000","642,297,000","623,330,000","611,907,000","511,959,000","487,706,000","505,677,000","503,842,000","519,255,000","491,037,000","488,082,000","497,313,000","483,465,000","469,597,000","387,278,000","363,112,000","354,311,000","380,422,000","348,481,000","327,937,000","322,699,000","316,726,000","275,498,000","269,856,000","258,783,000","261,576,000","255,467,000","253,934,000","250,405,000","243,638,000","225,040,000","237,498,000","230,164,000","223,775,000","217,214,000","215,532,000","203,110,000","177,068,000","170,866,000","184,345,000","177,281,000","163,776,000","149,300,000","130,310,000","125,816,000","115,339,000","108,654,000","103,557,000","97,350,000","97,578,000","93,543,000","78,858,000",,,,,,,,,,,,,,,"24,010,000",,,"15,261,000","12,004,000"
OperatingExpense,"1,889,836,000","483,590,000","468,005,000","468,771,000","469,470,000","462,744,000","457,492,000","443,478,000","355,109,000","331,667,000","336,795,000","350,660,000","369,867,000","342,273,000","339,391,000","347,645,000","335,474,000","336,718,000","249,320,000","218,220,000","213,705,000","220,339,000","226,716,000","212,024,000","202,683,000","272,217,000","161,920,000","159,285,000","152,406,000","157,440,000","161,916,000","159,960,000","163,720,000","144,475,000","139,620,000","136,013,000","129,815,000","118,017,000","120,139,000","126,746,000","116,517,000","95,769,000","99,240,000","107,625,000","101,845,000","91,216,000","88,840,000","76,160,000","70,619,000","65,161,000","62,594,000","60,711,000","57,862,000","56,959,000","59,120,000","50,591,000","89,326,000","84,945,000","83,369,000","73,042,000","67,002,000","62,850,000","53,958,000","45,692,000","42,795,000","46,145,000","39,783,000","32,900,000","26,627,000","54,742,000","12,697,000","-22,228,000","11,450,000","8,047,000","5,609,000"
	SellingGeneralAndAdministration,"400,654,000","104,708,000","98,460,000","97,492,000","99,994,000","102,188,000","91,352,000","94,291,000","63,538,000","54,670,000","49,985,000","52,983,000","53,459,000","41,815,000","44,295,000","48,705,000","40,254,000","48,743,000","46,355,000","40,085,000","37,239,000","43,522,000","48,605,000","36,430,000","33,668,000","38,347,000","24,895,000","27,767,000","23,349,000","23,660,000","22,854,000","22,217,000","33,100,000","17,692,000","18,419,000","20,129,000","18,156,000","10,299,000","17,376,000","21,977,000","16,480,000","15,157,000","20,193,000","16,815,000","14,456,000","14,833,000","18,712,000","16,135,000","13,087,000","13,035,000","12,155,000","11,528,000","11,558,000","9,906,000","12,600,000","11,021,000","8,845,000","8,159,000","7,775,000","8,456,000","7,210,000","6,535,000","4,986,000","4,674,000","4,246,000","4,425,000","3,324,000","2,453,000","2,413,000","20,774,000","86,000","12,365,000","92,000","255,000","31,000"
		GeneralAndAdministrativeExpense,"400,654,000","104,708,000","98,460,000","97,492,000","99,994,000","102,188,000","91,352,000","94,291,000","63,538,000","54,670,000","49,985,000","52,983,000","53,459,000","41,815,000","44,295,000","48,705,000","40,254,000","48,743,000","46,355,000","40,085,000","37,239,000","43,522,000","48,605,000","36,430,000","33,668,000","38,347,000","24,895,000","27,767,000","23,349,000","23,660,000","22,854,000","22,217,000","33,100,000","17,692,000","18,419,000","20,129,000","18,156,000","10,299,000","17,376,000","21,977,000","16,480,000","15,157,000","20,193,000","16,815,000","14,456,000","14,833,000","18,712,000","16,135,000","13,087,000","13,035,000","12,155,000","11,528,000","11,558,000","9,906,000","12,600,000","11,021,000","8,845,000","8,159,000","7,775,000","8,456,000","7,210,000","6,535,000","4,986,000","4,674,000","4,246,000","4,425,000","3,324,000","2,453,000","2,413,000","20,774,000","86,000","12,365,000",,,
			SalariesAndWages,,,,,,,,,,,,,,,,,,,,,,,,,,,,,,,,,,,,,,,,,,,,,,,,,,,,,,,,,"8,845,000","8,159,000","7,775,000","8,456,000","7,210,000","6,535,000","4,986,000","4,674,000","4,246,000","4,425,000","3,324,000","2,453,000","2,413,000","20,482,000","86,000","12,365,000",,,
			InsuranceAndClaims,"17,426,000","3,507,000","4,718,000","5,703,000","3,498,000","3,410,000","2,926,000","3,370,000","3,547,000","3,055,000","3,103,000","3,441,000","2,991,000","2,412,000","2,653,000","2,606,000","3,731,000","3,223,000","2,590,000","2,576,000","2,592,000","2,369,000","2,470,000","2,241,000","2,412,000","2,360,000","2,140,000","2,154,000","2,155,000","2,180,000","2,145,000","1,896,000","2,422,000","2,156,000","2,144,000","2,238,000","2,205,000","2,647,000","2,463,000","2,260,000","2,230,000","2,014,000","1,961,000","1,998,000","2,051,000","2,384,000","2,168,000","1,846,000","1,735,000","1,672,000","1,495,000","1,488,000","1,456,000","1,333,000","1,252,000","1,198,000",,,,,,,,,,,,,,,,,,,
			OtherGandA,"400,654,000","104,708,000","98,460,000","97,492,000","99,994,000","102,188,000","91,352,000","94,291,000","63,538,000","54,670,000","49,985,000","52,983,000","53,459,000","39,403,000","41,642,000","46,099,000","36,523,000","45,520,000","43,765,000","37,509,000","34,647,000","41,153,000","46,135,000","34,189,000","31,256,000","35,987,000","22,755,000","25,613,000","21,194,000","21,480,000","20,709,000","20,321,000","30,678,000","15,536,000","16,275,000","17,891,000","15,951,000","7,652,000","14,913,000","19,717,000","14,250,000","13,143,000","18,232,000","14,817,000","12,405,000","12,449,000","16,544,000","14,289,000","11,352,000","11,363,000","10,660,000","10,040,000","10,102,000","8,573,000","11,348,000","9,823,000",,,,,,,,,,,,,,,,,,,
	DepreciationAmortizationDepletionIncomeStatement,"1,486,632,000","378,883,000","369,035,000","368,981,000","369,733,000","359,915,000","365,842,000","349,165,000","291,457,000","275,008,000","286,718,000","290,562,000","311,486,000","299,362,000","293,957,000","298,788,000","294,789,000","287,973,000","199,914,000","178,111,000","176,466,000","176,581,000","178,133,000","175,594,000","169,016,000","172,956,000","136,974,000","131,524,000","129,073,000","133,327,000","137,474,000","137,092,000","130,620,000","126,776,000","121,198,000","115,867,000","111,623,000","107,718,000","101,840,000","89,000,000","83,995,000","80,612,000","79,047,000","76,848,000","73,918,000","76,383,000","70,128,000","59,860,000","57,532,000","52,126,000","50,439,000","49,183,000","46,304,000","47,053,000","46,520,000","39,570,000","39,137,000","37,818,000","35,345,000","31,832,000","29,399,000","28,173,000","24,739,000","19,511,000","18,256,000","18,804,000","16,957,000","14,328,000","12,143,000","10,576,000","8,604,000",,"5,507,000","5,264,000","3,844,000"
		DepreciationAndAmortizationInIncomeStatement,"1,486,632,000","378,883,000","369,035,000","368,981,000","369,733,000","359,915,000","365,842,000","349,165,000","291,457,000","275,008,000","286,718,000","290,562,000","311,486,000","299,362,000","293,957,000","298,788,000","294,789,000","287,973,000","199,914,000","178,111,000","176,466,000","176,581,000","178,133,000","175,594,000","169,016,000","172,956,000","136,974,000","131,524,000","129,073,000","133,327,000","137,474,000","137,092,000","130,620,000","126,776,000","121,198,000","115,867,000","111,623,000","107,718,000","101,840,000","89,000,000","83,995,000","80,612,000","79,047,000","76,848,000","73,918,000","76,383,000","70,128,000","59,860,000","57,532,000","52,126,000","50,439,000","49,183,000","46,304,000","47,053,000","46,520,000","39,570,000","39,137,000","37,818,000","35,345,000","31,832,000","29,399,000","28,173,000","24,739,000","19,511,000","18,256,000","18,804,000","16,957,000","14,328,000","12,143,000","10,576,000","8,604,000",,"5,507,000","5,264,000","3,844,000"
	OtherTaxes,,,,,,,,,,,,,,,,,,,,,,,,,,,,,,,,,,,,,,,,"15,769,000","16,042,000",,,"13,962,000","13,471,000",,,,"12,721,000",,"9,295,000",,,,,,"-89,326,000","-84,945,000","-83,369,000","-73,042,000","-67,002,000","-62,856,000","-53,997,000","-46,117,000","-42,852,000","-46,145,000","-39,783,000","-32,900,000","-26,627,000",,"-18,033,000","-34,593,000",,,
	OtherOperatingExpenses,"2,550,000","-1,000","510,000","2,298,000","-257,000","641,000","298,000","22,000","114,000","1,989,000","92,000","7,115,000","4,922,000","1,096,000","1,139,000","152,000","431,000","2,000","3,051,000","24,000",,"236,000","-22,000",,"-1,000","60,914,000","51,000","-6,000","-16,000","453,000","1,588,000","651,000",,"7,000","3,000","17,000","36,000","0","923,000","337,000",,,,,"90,000",,"59,000","165,000","2,000",,"404,000",,,,"50,616,000",,"130,670,000","123,913,000","123,618,000","105,796,000","97,395,000","90,998,000","78,230,000","67,624,000","63,145,000","69,061,000","59,285,000","49,019,000","38,698,000","-21,832,000","22,040,000",,"5,851,000","2,528,000","1,734,000"
OperatingIncome,"759,726,000","162,215,000","198,169,000","192,703,000","206,639,000","179,553,000","165,838,000","168,429,000","156,850,000","156,039,000","168,882,000","153,182,000","149,388,000","148,764,000","148,691,000","149,668,000","147,991,000","132,879,000","137,958,000","144,892,000","140,606,000","160,083,000","121,765,000","115,913,000","120,016,000","44,509,000","113,578,000","110,571,000","106,377,000","104,136,000","93,551,000","93,974,000","86,685,000","99,163,000","85,420,000","101,485,000","100,349,000","105,758,000","97,075,000","88,786,000","86,593,000","81,299,000","71,626,000","76,720,000","75,436,000","72,560,000","60,460,000","54,150,000","55,197,000","50,178,000","46,060,000","42,846,000","39,488,000","40,619,000","34,423,000","28,267,000","25,221,000","20,958,000","21,425,000","22,541,000","21,965,000","21,664,000","19,231,000","19,016,000","18,188,000","16,802,000","16,773,000","16,763,000","13,016,000","-6,912,000","11,313,000","59,252,000","7,320,000","7,214,000","6,395,000"
NetNonOperatingInterestIncomeExpense,"-293,846,000","-71,762,000","-71,417,000","-75,014,000","-82,839,000","-80,595,000","-85,151,000","-57,711,000","-89,342,000","-70,146,000","-67,732,000","-69,071,000","-80,108,000","-83,777,000","-81,832,000","-75,412,000","-77,027,000","-73,665,000","-68,808,000","-57,215,000","-55,299,000","-57,196,000","-62,729,000","-63,234,000","-57,885,000","-61,219,000","-48,496,000","-46,345,000","-47,756,000","-45,755,000","-47,791,000","-49,229,000","-45,647,000","-45,765,000","-47,869,000","-47,589,000","-48,037,000","-40,466,000","-40,964,000","-36,465,000","-37,321,000","-36,458,000","-34,860,000","-38,954,000","-35,818,000","-36,359,000","-36,410,000","-33,128,000","-30,871,000","-24,434,000","-22,469,000","-22,092,000","-18,694,000","-16,492,000","-14,641,000","-13,874,000",,,,,,,,,,,,,,,,,,,
	InterestIncomeNonOperating,,,,"10,124,000",,"-2,747,000","4,348,000","22,163,000","-3,542,000","10,734,000","16,842,000","16,980,000","21,444,000","1,106,000","-981,000","3,398,000","-42,000","324,000","2,813,000","367,000","151,000","-970,000","355,000","-3,325,000","-624,000","498,000","-358,000","-231,000","-2,290,000","641,000","378,000","-83,000","1,727,000","231,000","-127,000","-6,000","41,000","-116,000","83,000","1,216,000","709,000","398,000","2,218,000","380,000","264,000","224,000","327,000","34,000","31,000","17,000","90,000","403,000","243,000","591,000","453,000","407,000",,,,,,,,,,,,,,,,,,,
	InterestExpenseNonOperating,"293,846,000","71,762,000","71,417,000","75,014,000","82,839,000","77,848,000","89,499,000","79,874,000","89,342,000","80,880,000","84,574,000","86,051,000","101,552,000","84,883,000","81,832,000","78,810,000","77,027,000","73,989,000","71,621,000","57,582,000","55,450,000","57,196,000","63,084,000","63,234,000","57,885,000","61,219,000","48,496,000","46,345,000","47,756,000","46,396,000","48,169,000","49,229,000","47,374,000","45,904,000","47,869,000","47,589,000","48,078,000","40,350,000","41,047,000","37,681,000","38,030,000","36,856,000","37,078,000","39,334,000","36,082,000","36,583,000","36,737,000","33,162,000","30,902,000","24,451,000","22,559,000","22,495,000","18,937,000","17,083,000","15,094,000","14,281,000",,,,,,,,,,,,,,,,,,,
OtherIncomeExpense,"1,354,331,000","1,003,905,000","23,498,000","55,691,000","278,423,000","-36,128,000","-66,088,000","-23,250,000","168,372,000","261,702,000","-28,750,000","-18,153,000","55,983,000","-18,233,000","25,837,000","16,024,000","42,505,000","20,989,000","-54,181,000","-5,467,000","1,479,000","-4,443,000","167,119,000","517,000","2,311,000","544,000","-5,486,000","76,386,000","65,379,000","-91,975,000","85,579,000","17,608,000","7,517,000","1,796,000","116,281,000","5,935,000","572,000","-9,690,000","1,520,000","2,853,000","712,000","1,192,000","1,384,000","695,000","-178,000","355,000","-81,000","-586,000","1,976,000","-870,000","687,000","741,000","831,000","1,703,000","-713,000","-147,000",,,,,,"-356,000","-39,000","-425,000","-57,000",,,,,,,,,,
	GainOnSaleOfSecurity,"1,380,795,000","1,047,010,000","-635,000","499,000","333,921,000","1,683,000","10,410,000",,"304,801,000","200,154,000",,,"67,497,000","7,000","26,577,000","14,192,000","39,273,000","30,746,000","9,750,000","380,000","-522,000","-195,000","169,000,000",,"1,097,000","322,000","-207,000","76,669,000","17,820,000","14,551,000","93,498,000","15,945,000","1,906,000","555,000","115,054,000",,,,,,,,,,,,,,,,,,,,,,,,,,,,,,,,,,,,,,,,
	EarningsFromEquityInterest,"62,283,000","-7,713,000","40,884,000","52,143,000","-23,031,000","31,055,000","-2,056,000","-7,632,000","-78,996,000","11,157,000","-19,269,000","6,962,000","9,217,000","9,245,000","8,886,000","7,438,000","7,410,000","5,924,000","5,880,000","8,388,000","5,324,000","4,742,000","4,152,000","4,132,000","4,078,000","3,321,000","4,169,000","3,383,000","4,618,000","3,776,000","3,455,000","3,477,000","2,581,000","2,957,000","2,174,000","2,330,000","2,335,000","1,733,000","1,520,000","3,493,000","1,389,000","1,296,000","1,390,000","1,058,000","1,208,000","1,260,000","1,061,000","955,000","1,978,000","-776,000","1,091,000","741,000","1,116,000","1,860,000","178,000","173,000",,,,,,,,,,,,,,,,,,,
	SpecialIncomeCharges,"-84,389,000","-31,043,000","-13,804,000","-7,075,000","-32,467,000","-68,866,000","-74,442,000","-15,618,000","-57,433,000","50,391,000","-9,481,000","-25,115,000","-20,731,000","-27,485,000","-9,626,000","-5,606,000","-4,178,000","-15,681,000","-69,811,000","-14,235,000","-3,323,000","-8,990,000","-6,033,000","-3,615,000","-2,864,000","-3,099,000","-9,448,000","-3,666,000","42,941,000","-110,302,000","-11,374,000","-1,814,000","3,030,000","-1,716,000","-947,000","3,605,000","-1,763,000","-5,331,000",,"-640,000","-677,000","-104,000","-6,000","-363,000","-1,386,000","-905,000","-1,142,000","-1,541,000","-2,000","-94,000","-404,000","0","-285,000","-157,000","-891,000","-320,000",,,,,,"-356,000","-39,000","-425,000","-57,000",,,,,,,,,,
		RestructuringAndMergernAcquisition,"47,426,000","12,427,000","13,804,000","7,075,000","14,120,000","19,290,000","14,953,000","15,618,000","56,801,000","17,106,000","4,115,000","4,210,000","2,494,000","25,917,000","9,626,000","5,606,000","4,178,000","15,681,000","42,809,000","14,235,000","3,323,000","8,961,000","6,015,000","3,615,000","1,900,000","3,099,000","9,448,000","3,518,000","-42,941,000","-3,668,000","-1,321,000","1,521,000","-3,322,000","1,108,000","243,000","1,491,000","1,763,000","5,331,000",,,,,,,,,,,,,,,,,,,,,,,,,,,,,,,,,,,,,
		ImpairmentOfCapitalAssets,"18,291,000","18,291,000","0","0","0","0","6,482,000","0","0","0","0","0","5,351,000","0","0",,"0","0","28,992,000",,,,,,,"0","0","0","0","113,970,000","12,500,000",,,,,,,,,,,,,,,,,,,,,,,,,,,,,,,,,,,,,,,,,,,,
		OtherSpecialCharges,"18,672,000","325,000",,,"18,347,000","49,576,000","53,007,000",,"632,000","0","5,366,000","20,905,000","12,886,000","1,568,000",,,,"0","-1,990,000",,,"29,000","18,000",,"964,000","0",,"148,000",,"0","195,000","293,000","292,000","608,000","704,000","-5,096,000",,,,"640,000","677,000","104,000","6,000","363,000","1,386,000","905,000","1,142,000","1,541,000",,"94,000","404,000",,,"157,000","891,000","320,000",,,,,,,,,,,,,,,,,,,
		GainOnSaleOfBusiness,"0",,,,,"0","0","0","0",,,,,,,,,,,,,,,,,,,,,,,,,,,,,,,,,,,,,,,,,,,,,,,,,,,,,,,,,,,,,,,,,,
	OtherNonOperatingIncomeExpenses,"-4,358,000","-4,349,000","-2,947,000","10,124,000",,,,,,,,,,,,,,,,,,,,,,,,,,,,,,,,,,,,,,,,,,,,,,,,,,,,,,,,,,,,,,,,,,,,,,,
PretaxIncome,"1,820,211,000","1,094,358,000","150,250,000","173,380,000","402,223,000","62,830,000","14,599,000","87,468,000","235,880,000","347,595,000","72,400,000","65,958,000","125,263,000","46,754,000","92,696,000","90,280,000","113,469,000","80,203,000","14,969,000","82,210,000","86,786,000","98,444,000","226,155,000","53,196,000","64,442,000","-16,166,000","59,596,000","140,612,000","124,000,000","-33,594,000","131,339,000","62,353,000","48,555,000","55,194,000","153,832,000","59,831,000","52,884,000","55,602,000","57,631,000","55,174,000","49,984,000","46,033,000","38,150,000","38,461,000","39,440,000","36,556,000","23,969,000","20,436,000","26,302,000","24,874,000","24,278,000","21,495,000","21,625,000","25,830,000","19,069,000","14,246,000",,,,,,,,,,,,,,,,,,,
TaxProvision,"72,799,000","3,961,000","13,709,000","47,582,000","7,547,000","3,322,000","16,053,000","11,490,000","7,182,000","-1,731,000","4,826,000","4,634,000","4,266,000","-5,843,000","2,432,000","2,121,000","3,374,000","545,000","2,494,000","2,639,000","2,223,000","2,304,000","3,720,000","2,252,000","2,109,000","407,000","1,754,000","2,615,000","1,675,000","1,201,000","1,178,000","1,021,000","1,838,000","-473,000","352,000","210,000","1,203,000","10,000","710,000","1,206,000","721,000","-1,164,000","461,000","233,000","428,000","258,000","343,000","534,000","716,000","-23,000","333,000","292,000","436,000",,,,,,,,,,,,,,,,,,,,,,
EarningsFromEquityInterestNetOfTax,,,,,,,,,,,,,,,,,,,,,,,,,,,,,,,,,,,,,,,"0",,,,,,,,,,,,,,,"-1,292,000","-884,000","-416,000",,,,,,,,,,,,,,,,,,,
NetIncomeCommonStockholders,"1,681,498,000","1,057,629,000","124,094,000","127,369,000","372,406,000","44,177,000","-37,370,000","53,676,000","202,859,000","315,577,000","49,827,000","31,738,000","95,869,000","31,230,000","67,268,000","65,134,000","86,298,000","53,306,000","-4,140,000","57,837,000","66,145,000","77,682,000","187,330,000","27,951,000","39,125,000","-40,039,000","38,522,000","117,055,000","101,728,000","-52,292,000","109,314,000","41,510,000","34,186,000","42,977,000","138,872,000","47,077,000","42,657,000","44,815,000","45,615,000","42,021,000","39,211,000","35,990,000","31,908,000","31,990,000","30,980,000","24,865,000","9,639,000","9,091,000","14,744,000","14,286,000","12,406,000","10,271,000","10,295,000","14,436,000","8,083,000","3,728,000","2,850,000","254,000","-224,000","2,591,000","18,641,000","2,978,000","11,342,000","1,650,000","1,642,000","1,157,000","1,326,000","2,136,000","1,468,000","-5,359,000","3,359,000","-1,792,000","3,461,000","3,886,000","3,655,000"
	NetIncome,"1,709,259,000","1,067,810,000","134,275,000","121,254,000","385,920,000","57,691,000","-138,000","74,831,000","224,014,000","336,284,000","66,497,000","60,168,000","116,812,000","51,559,000","87,597,000","85,463,000","106,627,000","73,635,000","12,435,000","78,651,000","83,538,000","95,075,000","219,188,000","50,375,000","61,549,000","-15,983,000","56,978,000","135,511,000","120,183,000","-33,837,000","127,769,000","60,339,000","45,912,000","54,703,000","150,598,000","58,476,000","50,711,000","54,566,000","55,392,000","52,334,000","48,042,000","45,716,000","36,344,000","36,703,000","37,502,000","35,221,000","23,036,000","19,192,000","24,845,000","24,387,000","22,507,000","20,372,000","20,396,000","24,538,000","18,185,000","13,830,000","11,108,000","5,613,000","5,135,000","7,758,000","22,086,000","6,423,000","14,787,000","5,095,000","5,087,000","4,602,000","4,425,000","4,335,000","2,739,000","-5,359,000","3,359,000","-1,792,000","3,461,000","3,886,000","3,655,000"
		NetIncomeIncludingNoncontrollingInterests,"1,747,412,000","1,090,397,000","136,541,000","125,798,000","394,676,000","59,508,000","-1,454,000","75,978,000","228,698,000","349,326,000","67,574,000","61,324,000","120,997,000","52,597,000","90,264,000","88,159,000","110,095,000","79,658,000","12,475,000","79,571,000","84,563,000","96,140,000","222,435,000","50,944,000","62,333,000","-16,573,000","57,842,000","137,997,000","122,325,000","-34,795,000","130,161,000","61,332,000","46,717,000","55,667,000","153,480,000","59,621,000","51,681,000","55,895,000","56,921,000","53,968,000","49,263,000","47,197,000","37,689,000","38,228,000","39,012,000","36,298,000","23,626,000","19,902,000","25,586,000","24,897,000","23,945,000","21,203,000","21,189,000","24,538,000","18,185,000","13,830,000","11,402,000","5,641,000","5,110,000","8,063,000","22,587,000","171,000","23,251,000","6,508,000","6,918,000","5,939,000","6,049,000","7,474,000","580,000","4,827,000","3,387,000","1,167,000","3,461,000","4,161,000","3,708,000"
			NetIncomeContinuousOperations,"1,747,412,000","1,090,397,000","136,541,000","125,798,000","394,676,000","59,508,000","-1,454,000","75,978,000","228,698,000","349,326,000","67,574,000","61,324,000","120,997,000","52,597,000","90,264,000","88,159,000","110,095,000","79,658,000","12,475,000","79,571,000","84,563,000","96,140,000","222,435,000","50,944,000","62,333,000","-16,573,000","57,842,000","137,997,000","122,325,000","-34,795,000","130,161,000","61,332,000","46,717,000","55,667,000","153,480,000","59,621,000","51,681,000","55,895,000","56,921,000","53,968,000","49,263,000","47,197,000","37,689,000","38,228,000","39,012,000","36,298,000","23,626,000","19,902,000","25,586,000","24,897,000","23,945,000","21,203,000","21,189,000","24,538,000","18,185,000","13,830,000","11,108,000","5,613,000","5,151,000","7,720,000","5,928,000","6,409,000","4,354,000","5,185,000","1,642,000","1,157,000","1,326,000","2,136,000","1,468,000","-5,359,000","3,359,000","-1,792,000","3,461,000","4,161,000","3,708,000"
			NetIncomeDiscontinuousOperations,,,,,,,,,,,,,,,,,,,,,,,,,,,,,,,,,,,,,,,,,,,,,,,,,,,,,,"0","0","0","0","0","-16,000","38,000","16,158,000","14,000","10,433,000","-90,000",,,,,,,,,,,
		MinorityInterests,"-38,153,000","-22,587,000","-2,266,000","-4,544,000","-8,756,000","-1,817,000","1,316,000","-1,147,000","-4,684,000","-13,042,000","-1,077,000","-1,156,000","-4,185,000","-1,038,000","-2,667,000","-2,696,000","-3,468,000","-6,023,000","-40,000","-920,000","-1,025,000","-1,065,000","-3,247,000","-569,000","-784,000","590,000","-864,000","-2,486,000","-2,142,000","958,000","-2,392,000","-993,000","-805,000","-964,000","-2,882,000","-1,145,000","-970,000","-1,329,000","-1,529,000","-1,634,000","-1,221,000","-1,481,000","-1,345,000","-1,525,000","-1,510,000","-1,077,000","-590,000","-710,000","-741,000","-510,000","-1,438,000","-831,000","-793,000",,"-884,000",,"-294,000","-28,000","25,000","-305,000","-501,000","6,252,000","-8,464,000","-1,413,000","-1,831,000","-1,337,000","-1,624,000","-3,139,000","2,159,000","-10,186,000","-28,000","-2,959,000","0","-275,000","-53,000"
	PreferredStockDividends,"45,761,000","10,181,000","10,181,000","11,885,000","13,514,000","13,514,000","20,712,000","21,155,000","21,155,000","20,707,000","16,670,000","16,670,000","20,943,000","20,329,000","20,329,000","20,329,000","20,329,000","20,329,000","16,575,000","14,505,000","17,393,000","17,393,000","21,530,000","22,424,000","22,424,000","24,056,000","18,456,000","18,456,000","18,455,000","18,455,000","18,455,000","18,829,000","11,726,000","11,726,000","11,726,000","11,399,000","8,054,000","9,751,000","9,777,000","10,313,000","8,831,000",,,"4,713,000","6,522,000",,"9,194,000","10,101,000","10,101,000","10,101,000","10,101,000","10,101,000","10,101,000","10,102,000","10,102,000","10,102,000","8,258,000","5,359,000","5,359,000","5,167,000","3,445,000","3,445,000","3,445,000","3,445,000","3,445,000","3,445,000","3,099,000","2,199,000","1,271,000",,,,,,
	OtherunderPreferredStockDividend,"-18,000,000","0","0","-18,000,000","0","0","16,520,000","0","0","0","0","11,760,000",,"0","0",,"0","0","0","6,309,000",,"0","10,328,000",,,,,,,,,,,,,,,,,,,"9,726,000","4,436,000",,,"10,356,000","13,397,000",,,,,,,,,,,,,,,,,,,,,,,,,,,,
DilutedNIAvailtoComStockholders,"1,681,498,000","1,057,629,000","124,094,000","127,369,000","372,406,000","44,177,000","-37,370,000","53,676,000","202,859,000","315,577,000","49,827,000","31,738,000","95,869,000","31,230,000","67,268,000","65,134,000","86,298,000","53,306,000","-4,140,000","57,837,000","66,145,000","77,682,000","187,330,000","27,951,000","39,125,000","-40,039,000","38,522,000","117,055,000","101,728,000","-52,292,000","109,314,000","41,510,000","34,186,000","42,977,000","138,872,000","47,077,000","42,657,000","44,815,000","45,615,000","42,021,000","39,211,000","35,990,000","31,908,000","31,990,000","30,980,000","24,865,000","9,639,000","9,091,000","14,744,000","14,286,000","12,406,000","10,271,000","10,295,000","14,436,000","8,083,000","3,728,000","2,850,000","254,000","-224,000","2,591,000","18,641,000","2,978,000","11,342,000","1,650,000","1,642,000","1,157,000","1,326,000","2,136,000","1,468,000","-5,359,000","3,359,000","-1,792,000","3,461,000","3,886,000","3,655,000"
BasicEPS,,"3.73","0.44","0.45","1.32","0.16","-0.14","0.2","0.91","1.51","0.24","0.15","0.46","0.15","0.33","0.32","0.42","0.26","-0.02","0.357","0.42","0.49","1.27","0.19","0.27","-0.28","0.28","0.86","0.75","-0.39","0.81","0.31","0.27","0.33","1.08","0.37","0.34","0.36","0.37","0.38","0.37",,"0.32","0.33","0.34",,"0.11","0.11","0.19",,"0.16","0.13","0.14",,"0.11","0.06","0.04",,"0","0.04","0.33",,"0.31","0.05","0.06",,"0.05","0.1","0.07",,"0.157","-0.09","0.173",,"0.183"
DilutedEPS,,"3.71","0.44","0.45","1.32","0.16","-0.14","0.2","0.9","1.5","0.24","0.15","0.46","0.15","0.33","0.32","0.42","0.26","-0.02","0.357","0.41","0.49","1.25","0.19","0.27","-0.28","0.28","0.86","0.75","-0.39","0.8","0.31","0.26","0.33","1.06","0.37","0.34","0.36","0.37","0.38","0.36",,"0.31","0.33","0.33",,"0.11","0.11","0.18",,"0.16","0.13","0.14",,"0.11","0.05","0.04",,"0","0.04","0.32",,"0.3","0.05","0.06",,"0.05","0.1","0.07",,"0.157","-0.09","0.173",,"0.183"
BasicAverageShares,,"283,869,662","283,105,966","281,791,855","281,094,798","280,117,213","270,214,413","267,569,823","222,163,324","208,776,355","208,421,470","208,284,407","207,809,383","206,345,138","206,118,472","205,956,005","205,714,173","205,448,689","170,194,254","162,183,489","159,297,027","158,956,606","147,397,853","146,824,268","146,565,564","145,561,559","135,832,503","135,810,060","135,704,525","135,544,597","135,492,618","133,802,622","128,535,995","128,443,395","128,427,444","128,419,745","126,445,285","123,824,957","122,026,421","109,761,017","107,099,856",,"100,588,235","96,295,585","91,428,355",,"87,908,953","80,542,329","77,770,691",,"76,301,577","76,121,380","74,703,755",,"70,916,019","65,889,122","65,431,586",,"60,717,153","60,697,740","56,511,200",,"36,114,253","33,372,240","27,503,248",,"25,704,721","21,421,300","21,421,300",,"20,000,000","20,000,000","20,000,000",,"20,000,000"
DilutedAverageShares,,"284,868,184","283,817,950","282,433,857","281,928,182","281,122,368","270,214,413","270,744,408","224,474,295","210,286,278","209,801,771","209,435,572","208,526,249","207,113,100","206,766,256","206,563,079","206,507,476","206,185,084","170,194,254","162,183,489","160,421,655","159,699,411","149,384,871","147,808,268","147,433,194","145,561,559","138,259,936","136,499,004","136,128,800","135,544,597","135,946,533","133,977,885","129,136,961","128,640,121","135,301,765","128,623,076","126,738,339","124,145,590","122,353,511","110,166,082","107,584,856",,"101,912,342","97,511,811","92,600,215",,"90,136,911","83,021,817","80,612,660",,"77,674,137","76,851,202","74,895,168",,"73,338,871","68,068,600","67,142,783",,"60,717,153","62,970,291","58,424,427",,"37,446,894","33,872,344","28,354,597",,"26,004,324","21,584,913","21,535,485",,"20,000,000","20,000,000","20,000,000",,"20,000,000"
TotalOperatingIncomeAsReported,"694,009,000","131,497,000","184,365,000","185,628,000","192,519,000","160,263,000","144,403,000","152,811,000","100,049,000","138,933,000","164,767,000","148,972,000","141,543,000","122,847,000","139,065,000","144,062,000","143,813,000","117,198,000","66,157,000","130,657,000","137,283,000","151,122,000","115,750,000","112,298,000","118,116,000","41,410,000","104,130,000","107,053,000","149,318,000","-6,166,000","82,372,000","92,453,000","90,007,000","98,055,000","85,177,000","99,994,000","98,586,000","94,638,000","97,075,000","88,449,000","85,916,000","81,299,000","71,626,000","76,720,000","74,665,000","72,560,000","60,401,000","54,150,000","55,195,000","50,084,000","45,656,000","42,846,000","39,203,000","40,462,000","33,532,000","28,129,000","25,221,000","20,958,000","21,425,000","22,541,000","21,965,000","21,658,000","19,192,000","18,591,000","18,131,000","16,927,000","16,773,000","16,763,000","13,016,000","-6,912,000","11,313,000",,"7,320,000","7,214,000","6,395,000"
RentExpenseSupplemental,,,,,,,,,,,,,,,,,,,,,,,,,,,,,,"0",,,,,,,,,,,,,,,,,,,,,,,,,,,,,,,,,,,,,,,,,,,,,
TotalExpenses,"3,668,156,000","948,952,000","934,967,000","900,485,000","883,752,000","883,056,000","858,830,000","824,566,000","666,487,000","631,424,000","637,584,000","647,615,000","665,127,000","629,503,000","620,233,000","605,251,000","596,377,000","598,566,000","471,967,000","421,097,000","409,963,000","416,704,000","424,528,000","399,021,000","384,183,000","455,934,000","322,411,000","309,724,000","300,232,000","308,080,000","318,635,000","307,472,000","303,905,000","281,768,000","294,036,000","262,017,000","258,021,000","243,978,000","245,404,000","214,918,000","196,555,000","189,313,000","201,850,000","191,161,000","175,305,000","166,112,000","177,026,000","143,314,000","136,582,000","119,596,000","117,167,000","112,161,000","109,646,000","106,487,000","107,593,000","95,509,000","89,326,000","84,945,000","83,369,000","73,042,000","67,002,000","62,850,000","53,958,000","45,692,000","42,795,000","46,145,000","39,783,000","32,900,000","26,627,000","43,117,000","18,033,000","-22,228,000","11,450,000","11,067,000","7,575,000"
NetIncomeFromContinuingAndDiscontinuedOperation,"1,709,259,000","1,067,810,000","134,275,000","121,254,000","385,920,000","57,691,000","-138,000","74,831,000","224,014,000","336,284,000","66,497,000","60,168,000","116,812,000","51,559,000","87,597,000","85,463,000","106,627,000","73,635,000","12,435,000","78,651,000","83,538,000","95,075,000","219,188,000","50,375,000","61,549,000","-15,983,000","56,978,000","135,511,000","120,183,000","-33,837,000","127,769,000","60,339,000","45,912,000","54,703,000","150,598,000","58,476,000","50,711,000","54,566,000","55,392,000","52,334,000","48,042,000","45,716,000","36,344,000","36,703,000","37,502,000","35,221,000","23,036,000","19,192,000","24,845,000","24,387,000","22,507,000","20,372,000","20,396,000","24,538,000","18,185,000","13,830,000","11,108,000","5,613,000","5,135,000","7,758,000","22,086,000","6,423,000","14,787,000","5,095,000","5,087,000","4,602,000","4,425,000","4,335,000","2,739,000","-5,359,000","3,359,000","-1,792,000","3,461,000","3,886,000","3,655,000"
NormalizedIncome,"464,702,516.564","55,520,265.837","147,396,567.381","126,025,298.004","90,122,248.743","121,321,844.565","46,605,360","88,397,383.18","-15,822,216.992","153,386,150","75,346,020.635","83,518,499.712","71,638,679.051","71,617,940","71,090,731.509","77,078,715.84","72,575,549.604","58,672,370.547","62,489,176.966","92,061,244.557","87,284,511.361","104,045,032.709","58,901,627.18","53,836,962.554","63,258,171.208","-14,316,800","66,348,838.815","63,865,656.85","60,242,763.508","28,401,150","46,381,582.98","46,439,388.241","41,162,847.245","55,457,650","36,752,100.837","54,883,653.14","52,433,895.45","54,566,000","55,392,000","52,960,010.802","48,709,234.535","45,783,600","36,349,927.497","37,063,800.915","38,872,959.229","36,119,612.813","24,161,657.808","20,692,733.118","24,846,945.555","24,448,100","22,905,458.687","20,372,000","20,675,253.873","24,640,050","18,764,150","14,038,000","11,108,000","5,613,000","5,151,000","7,720,000","5,928,000","6,622,600","4,377,400","5,440,000","5,121,200","4,602,000","4,425,000","4,335,000","2,739,000","-5,359,000","3,359,000","-1,792,000","3,461,000","3,886,000","3,655,000"
InterestIncome,,,,"10,124,000",,"-2,747,000","4,348,000","22,163,000","-3,542,000","10,734,000","16,842,000","16,980,000","21,444,000","1,106,000","-981,000","3,398,000","-42,000","324,000","2,813,000","367,000","151,000","-970,000","355,000","-3,325,000","-624,000","498,000","-358,000","-231,000","-2,290,000","641,000","378,000","-83,000","1,727,000","231,000","-127,000","-6,000","41,000","-116,000","83,000","1,216,000","709,000","398,000","2,218,000","380,000","264,000","224,000","327,000","34,000","31,000","17,000","90,000","403,000","243,000","591,000","453,000","407,000",,,,,,,,,,,,,,,,,,,
InterestExpense,"293,846,000","71,762,000","71,417,000","75,014,000","82,839,000","77,848,000","89,499,000","79,874,000","89,342,000","80,880,000","84,574,000","86,051,000","101,552,000","84,883,000","81,832,000","78,810,000","77,027,000","73,989,000","71,621,000","57,582,000","55,450,000","57,196,000","63,084,000","63,234,000","57,885,000","61,219,000","48,496,000","46,345,000","47,756,000","46,396,000","48,169,000","49,229,000","47,374,000","45,904,000","47,869,000","47,589,000","48,078,000","40,350,000","41,047,000","37,681,000","38,030,000","36,856,000","37,078,000","39,334,000","36,082,000","36,583,000","36,737,000","33,162,000","30,902,000","24,451,000","22,559,000","22,495,000","18,937,000","17,083,000","15,094,000","14,281,000",,,,,,,,,,,,,,,,,,,
NetInterestIncome,"-293,846,000","-71,762,000","-71,417,000","-75,014,000","-82,839,000","-80,595,000","-85,151,000","-57,711,000","-89,342,000","-70,146,000","-67,732,000","-69,071,000","-80,108,000","-83,777,000","-81,832,000","-75,412,000","-77,027,000","-73,665,000","-68,808,000","-57,215,000","-55,299,000","-57,196,000","-62,729,000","-63,234,000","-57,885,000","-61,219,000","-48,496,000","-46,345,000","-47,756,000","-45,755,000","-47,791,000","-49,229,000","-45,647,000","-45,765,000","-47,869,000","-47,589,000","-48,037,000","-40,466,000","-40,964,000","-36,465,000","-37,321,000","-36,458,000","-34,860,000","-38,954,000","-35,818,000","-36,359,000","-36,410,000","-33,128,000","-30,871,000","-24,434,000","-22,469,000","-22,092,000","-18,694,000","-16,492,000","-14,641,000","-13,874,000",,,,,,,,,,,,,,,,,,,
EBIT,"2,114,057,000","1,166,120,000","221,667,000","248,394,000","485,062,000","140,678,000","104,098,000","167,342,000","325,222,000","428,475,000","156,974,000","152,009,000","226,815,000","131,637,000","174,528,000","169,090,000","190,496,000","154,192,000","86,590,000","139,792,000","142,236,000","155,640,000","289,239,000","116,430,000","122,327,000","45,053,000","108,092,000","186,957,000","171,756,000","12,802,000","179,508,000","111,582,000","95,929,000","101,098,000","201,701,000","107,420,000","100,962,000","95,952,000","98,678,000","92,855,000","88,014,000","82,889,000","75,228,000","77,795,000","75,522,000","73,139,000","60,706,000","53,598,000","57,204,000","49,325,000","46,837,000","43,990,000","40,562,000","42,913,000","34,163,000","28,527,000","25,221,000","20,958,000","21,425,000","22,541,000","21,965,000","21,664,000","19,231,000","19,016,000","18,188,000","16,802,000","16,773,000","16,763,000","13,016,000","-6,912,000","11,313,000","59,252,000","7,320,000","7,214,000","6,395,000"
EBITDA,"3,600,689,000"
ReconciledCostOfRevenue,"1,778,320,000","465,362,000","466,962,000","431,714,000","414,282,000","420,312,000","401,338,000","381,088,000","311,378,000","377,971,000","384,191,000","385,707,000","399,194,000","386,496,000","383,354,000","364,091,000","369,261,000","364,054,000","277,457,000","248,670,000","240,917,000","241,722,000","243,100,000","235,119,000","223,341,000","238,438,000","177,773,000","166,892,000","165,203,000","168,408,000","178,573,000","170,721,000","159,663,000","158,184,000","173,904,000","145,160,000","146,543,000","192,450,000","120,154,000","93,283,000","80,038,000","95,817,000","108,274,000","65,363,000","91,633,000","76,710,000","89,986,000","69,574,000","68,246,000","56,265,000","56,526,000","53,568,000","53,923,000","51,555,000","50,720,000","37,429,000",,,,,,,,,,,,,,,"9,010,000",,,"5,135,000","1,966,000"
ReconciledDepreciation,"1,486,632,000","378,883,000","369,035,000","368,981,000","369,733,000","359,915,000","365,842,000","349,165,000","291,457,000","196,794,000","203,316,000","201,810,000","207,552,000","200,096,000","191,445,000","192,303,000","186,431,000","185,767,000","145,104,000","132,318,000","131,807,000","131,224,000","132,845,000","127,472,000","127,175,000","118,235,000","119,692,000","115,071,000","111,696,000","115,559,000","115,620,000","113,883,000","111,142,000","105,885,000","101,710,000","96,711,000","93,286,000","41,229,000","106,951,000","83,889,000","83,995,000","78,339,000","73,383,000","95,021,000","55,745,000","74,569,000","68,328,000","57,440,000","55,249,000","50,296,000","48,486,000","47,065,000","44,165,000","45,026,000","44,273,000","47,059,000","26,233,000","24,042,000","21,961,000","18,448,000","16,829,000","17,130,000","14,371,000","11,452,000","9,842,000","10,250,000","9,169,000","7,530,000","6,801,000","5,983,000","4,930,000","4,101,000","3,240,000","3,149,000","3,844,000"
NetIncomeFromContinuingOperationNetMinorityInterest,"1,709,259,000","1,067,810,000","134,275,000","121,254,000","385,920,000","57,691,000","-138,000","74,831,000","224,014,000","336,284,000","66,497,000","60,168,000","116,812,000","51,559,000","87,597,000","85,463,000","106,627,000","73,635,000","12,435,000","78,651,000","83,538,000","95,075,000","219,188,000","50,375,000","61,549,000","-15,983,000","56,978,000","135,511,000","120,183,000","-33,837,000","127,769,000","60,339,000","45,912,000","54,703,000","150,598,000","58,476,000","50,711,000","54,566,000","55,392,000","52,334,000","48,042,000","45,716,000","36,344,000","36,703,000","37,502,000","35,221,000","23,036,000","19,192,000","24,845,000","24,387,000","22,507,000","20,372,000","20,396,000","24,538,000","18,185,000","13,830,000","11,108,000","5,613,000","5,151,000","7,720,000","5,928,000","6,409,000","4,354,000","5,185,000","5,087,000","4,602,000","4,425,000","4,335,000","2,739,000","-5,359,000","3,359,000","-1,792,000","3,461,000","3,886,000","3,655,000"
TotalUnusualItemsExcludingGoodwill,"1,296,406,000","1,015,967,000","-14,439,000","-6,576,000","301,454,000","-67,183,000","-64,032,000","-15,618,000","247,368,000","250,545,000","-9,481,000","-25,115,000","46,766,000","-27,478,000","16,951,000","8,586,000","35,095,000","15,065,000","-60,061,000","-13,855,000","-3,845,000","-9,185,000","162,967,000","-3,615,000","-1,767,000","-2,777,000","-9,655,000","73,003,000","60,761,000","-95,751,000","82,124,000","14,131,000","4,936,000","-1,161,000","114,107,000","3,605,000","-1,763,000","-5,331,000",,"-640,000","-677,000","-104,000","-6,000","-363,000","-1,386,000","-905,000","-1,142,000","-1,541,000","-2,000","-94,000","-404,000","0","-285,000","-157,000","-891,000","-320,000",,,,,,"-356,000","-39,000","-425,000","-57,000",,,,,,,,,,
TotalUnusualItems,"1,296,406,000","1,015,967,000","-14,439,000","-6,576,000","301,454,000","-67,183,000","-64,032,000","-15,618,000","247,368,000","250,545,000","-9,481,000","-25,115,000","46,766,000","-27,478,000","16,951,000","8,586,000","35,095,000","15,065,000","-60,061,000","-13,855,000","-3,845,000","-9,185,000","162,967,000","-3,615,000","-1,767,000","-2,777,000","-9,655,000","73,003,000","60,761,000","-95,751,000","82,124,000","14,131,000","4,936,000","-1,161,000","114,107,000","3,605,000","-1,763,000","-5,331,000",,"-640,000","-677,000","-104,000","-6,000","-363,000","-1,386,000","-905,000","-1,142,000","-1,541,000","-2,000","-94,000","-404,000","0","-285,000","-157,000","-891,000","-320,000",,,,,,"-356,000","-39,000","-425,000","-57,000",,,,,,,,,,
NormalizedEBITDA,"2,304,283,000","529,036,000","605,141,000","623,951,000","553,341,000","567,776,000","533,972,000","532,125,000","369,311,000","452,938,000","453,173,000","467,686,000","491,535,000","458,477,000","451,534,000","459,292,000","450,190,000","427,100,000","346,565,000","331,758,000","322,547,000","341,406,000","304,405,000","295,639,000","293,110,000","220,786,000","254,721,000","245,478,000","240,068,000","241,880,000","234,858,000","234,543,000","221,613,000","229,035,000","208,792,000","219,682,000","214,348,000","203,670,000","205,629,000","182,495,000","172,686,000","163,605,000","154,281,000","173,179,000","150,826,000","150,427,000","131,976,000","114,999,000","114,738,000","101,545,000","97,680,000","93,173,000","87,151,000","90,123,000","81,574,000","75,906,000","64,358,000","58,776,000","56,770,000","54,373,000","51,364,000","50,193,000","44,009,000","38,952,000","36,501,000","35,606,000","33,730,000","31,091,000","25,159,000","3,664,000","19,917,000","63,353,000","12,827,000","12,478,000","10,239,000"
TaxRateForCalcs,"0.04","0.004","0.091","0.274","0.019","0.053","0.27","0.131","0.03","0.27","0.067","0.07","0.034","0.27","0.026","0.023","0.03","0.007","0.167","0.032","0.026","0.023","0.016","0.042","0.033","0.4","0.029","0.019","0.014","0.35","0.009","0.016","0.038","0.35","0.002","0.004","0.023","0","0.012","0.022","0.014","0.35","0.012","0.006","0.011","0.007","0.014","0.026","0.027","0.35","0.014","0.014","0.02","0.35","0.35","0.35","0.35","0.35","0.35","0.35","0.35","0.4","0.4","0.4","0.4","0.4","0.4","0.4","0.4","0.4","0.4","0.4","0.4","0.4","0.4"
TaxEffectOfUnusualItems,"51,849,516.564","3,677,265.837","-1,317,432.619","-1,804,701.996","5,656,248.743","-3,552,155.435","-17,288,640","-2,051,616.82","7,531,783.008","67,647,150","-631,979.365","-1,764,500.288","1,592,679.051","-7,419,060","444,731.509","201,715.84","1,043,549.604","102,370.547","-10,006,823.034","-444,755.443","-98,488.639","-214,967.291","2,680,627.18","-153,037.446","-57,828.792","-1,110,800","-284,161.185","1,357,656.85","820,763.508","-33,512,850","736,582.98","231,388.241","186,847.245","-406,350","261,100.837","12,653.14","-40,104.55","0","0","-13,989.198","-9,765.465","-36,400","-72.503","-2,199.085","-15,040.771","-6,387.187","-16,342.192","-40,266.882","-54.445","-32,900","-5,541.313","0","-5,746.127","-54,950","-311,850","-112,000","0","0","0","0","0","-142,400","-15,600","-170,000","-22,800","0","0","0","0","0","0","0","0","0","0"