name,ttm,01/31/2022,10/31/2021,07/31/2021,04/30/2021,01/31/2021,10/31/2020,07/31/2020,04/30/2020,01/31/2020,10/31/2019,07/31/2019,04/30/2019,01/31/2019,10/31/2018,07/31/2018,04/30/2018,01/31/2018,10/31/2017,07/31/2017,04/30/2017,01/31/2017,10/31/2016,07/31/2016,04/30/2016,01/31/2016,10/31/2015,07/31/2015,04/30/2015,01/31/2015,10/31/2014,07/31/2014,04/30/2014,01/31/2014,10/31/2013,07/31/2013,04/30/2013,01/31/2013,10/31/2012,07/31/2012,04/30/2012,01/31/2012,10/31/2011,07/31/2011,04/30/2011,01/31/2011,10/31/2010,07/31/2010,04/30/2010,01/31/2010,10/31/2009,07/31/2009,04/30/2009,01/31/2009,10/31/2008,07/31/2008,04/30/2008,01/31/2008,10/31/2007,07/31/2007,04/30/2007,01/31/2007,10/31/2006,07/31/2006,04/30/2006,01/31/2006,10/31/2005,07/31/2005,04/30/2005,01/31/2005,10/31/2004,07/31/2004,04/30/2004,01/31/2004,10/31/2003,07/31/2003,04/30/2003,12/31/2002,09/30/2002,06/30/2002,03/31/2002,12/31/2001,09/30/2001,06/30/2001,03/31/2001,12/31/2000,09/30/2000,06/30/2000,03/31/2000,12/31/1999,09/30/1999,06/30/1999,03/31/1999,12/31/1998,09/30/1998,06/30/1998,03/31/1998,12/31/1997,09/30/1997,06/30/1997,03/31/1997,12/31/1996,09/30/1996,06/30/1996,03/31/1996,12/31/1995,09/30/1995,06/30/1995,03/31/1995
TotalRevenue,"26,321,200,000","7,080,600,000","6,417,700,000","6,343,200,000","6,479,700,000","6,767,900,000","6,177,000,000","6,277,600,000","6,286,800,000","6,315,300,000","5,746,200,000","5,740,600,000","5,808,700,000","6,205,200,000","5,538,800,000","5,525,600,000","5,553,700,000","6,360,600,000","5,316,600,000","5,281,200,000","5,287,100,000","5,635,500,000","5,001,600,000","4,996,300,000","5,085,800,000","5,365,300,000","4,945,200,000","3,011,200,000","2,176,700,000","2,475,600,000","2,095,200,000","2,031,100,000","2,000,300,000","2,234,900,000","1,884,700,000","1,854,900,000","1,865,800,000","2,245,800,000","1,720,500,000","1,704,600,000","1,723,600,000","1,945,600,000","1,596,600,000","1,542,400,000","1,545,900,000","1,725,300,000","1,426,600,000","1,377,900,000","1,352,600,000","1,558,600,000","1,248,700,000","1,222,800,000","1,201,100,000","1,386,500,000","1,114,000,000","1,093,100,000","1,051,300,000","1,298,600,000","997,800,000","971,200,000","975,000,000","1,318,900,000","910,400,000","883,600,000","856,500,000","1,079,017,000","796,787,000","769,027,000","749,093,000","987,478,000","723,967,000","704,234,000","710,330,000","893,065,000","665,211,000","626,028,000","615,568,000","827,481,000","513,504,000","498,578,000","489,625,000","714,846,000","444,745,000","440,361,000","387,319,000","599,173,000","377,318,000","384,503,000","291,599,000","452,400,000","265,400,000","253,200,000","221,200,000","418,000,000","176,100,000","173,900,000","150,800,000","246,000,000","142,400,000","129,300,000","117,700,000","194,700,000","110,600,000","102,700,000","85,000,000","121,200,000","67,400,000","62,900,000","48,700,000"
	OperatingRevenue,"26,309,800,000","7,077,400,000","6,415,400,000","6,340,200,000","6,476,800,000","6,767,900,000","6,177,000,000","6,277,600,000","6,286,800,000","6,315,300,000","5,746,200,000","5,740,600,000","5,808,700,000","6,205,200,000","5,538,800,000","5,525,600,000","5,553,700,000","6,360,600,000","5,316,600,000","5,281,200,000","5,287,100,000","5,635,500,000","5,001,600,000","4,996,300,000","5,085,800,000","5,365,300,000","4,945,200,000","3,011,200,000","2,176,700,000","2,475,600,000","2,095,200,000","2,031,100,000","2,000,300,000","2,234,900,000","1,884,700,000","1,854,900,000","1,865,800,000","2,245,800,000","1,720,500,000","1,704,600,000","1,723,600,000","1,945,600,000","1,596,600,000","1,542,400,000","1,545,900,000","1,725,300,000","1,426,600,000","1,377,900,000","1,352,600,000","1,558,600,000","1,248,700,000","1,222,800,000","1,201,100,000","1,386,500,000","1,114,000,000","1,093,100,000","1,051,300,000","1,298,600,000","997,800,000","971,200,000","975,000,000","1,318,900,000","910,400,000","883,600,000","856,500,000","1,079,017,000","796,787,000","769,027,000","749,093,000","987,478,000","723,967,000","704,234,000","710,330,000","893,065,000","665,211,000","626,028,000","615,568,000","827,481,000","513,504,000","498,578,000","489,625,000","714,846,000","444,745,000","440,361,000","387,319,000","599,173,000","377,318,000","384,503,000","291,599,000","452,400,000","265,400,000","253,200,000","221,200,000","418,000,000","176,100,000","173,900,000","150,800,000","246,000,000","142,400,000","129,300,000","117,700,000","194,700,000","110,600,000","102,700,000","85,000,000","121,200,000","67,400,000","62,900,000","48,700,000"
CostOfRevenue,"18,583,900,000","4,940,300,000","4,651,700,000","4,479,200,000","4,512,700,000","4,615,100,000","4,252,600,000","4,361,400,000","4,491,900,000","4,354,800,000","4,041,700,000","4,092,100,000","4,081,500,000","4,293,100,000","3,866,900,000","3,861,700,000","3,854,100,000","4,259,600,000","3,650,600,000","3,653,400,000","3,660,000,000","3,828,200,000","3,481,100,000","3,483,900,000","3,531,200,000","3,712,700,000","3,545,200,000","2,156,000,000","1,427,800,000","1,557,500,000","1,369,900,000","1,337,000,000","1,303,700,000","1,409,700,000","1,224,800,000","1,206,200,000","1,209,800,000","1,395,000,000","1,120,900,000","1,105,000,000","1,120,900,000","1,211,100,000","1,036,000,000","1,000,000,000","1,005,100,000","1,077,400,000","920,600,000","894,400,000","902,400,000","980,200,000","807,500,000","801,000,000","785,700,000","893,300,000","734,600,000","730,000,000","694,800,000","833,300,000","653,900,000","644,600,000","649,700,000","848,600,000","602,900,000","590,300,000","570,400,000","698,648,000","520,523,000","507,541,000","494,849,000","631,062,000","467,463,000","455,756,000","459,189,000","562,739,000","421,612,000","404,921,000","397,780,000","515,464,000","330,921,000","318,387,000","316,460,000","441,732,000","290,450,000","283,274,000","255,858,000","365,092,000","238,328,000","246,458,000","187,657,000","273,500,000","167,300,000","159,500,000","142,100,000","258,100,000","107,900,000","109,100,000","95,900,000","148,900,000","88,600,000","83,200,000","76,500,000","119,300,000","68,700,000","67,000,000","55,900,000","73,400,000","41,400,000","40,500,000","32,300,000"
GrossProfit,"7,737,300,000","2,140,300,000","1,766,000,000","1,864,000,000","1,967,000,000","2,152,800,000","1,924,400,000","1,916,200,000","1,794,900,000","1,960,500,000","1,704,500,000","1,648,500,000","1,727,200,000","1,912,100,000","1,671,900,000","1,663,900,000","1,699,600,000","2,101,000,000","1,666,000,000","1,627,800,000","1,627,100,000","1,807,300,000","1,520,500,000","1,512,400,000","1,554,600,000","1,652,600,000","1,400,000,000","855,200,000","748,900,000","918,100,000","725,300,000","694,100,000","696,600,000","825,200,000","659,900,000","648,700,000","656,000,000","850,800,000","599,600,000","599,600,000","602,700,000","734,500,000","560,600,000","542,400,000","540,800,000","647,900,000","506,000,000","483,500,000","450,200,000","578,400,000","441,200,000","421,800,000","415,400,000","493,200,000","379,400,000","363,100,000","356,500,000","465,300,000","343,900,000","326,600,000","325,300,000","470,300,000","307,500,000","293,300,000","286,100,000","380,369,000","276,264,000","261,486,000","254,244,000","356,416,000","256,504,000","248,478,000","251,141,000","330,326,000","243,599,000","221,107,000","217,788,000","312,017,000","182,583,000","180,191,000","173,165,000","273,114,000","154,295,000","157,087,000","131,461,000","234,081,000","138,990,000","138,045,000","103,942,000","178,900,000","98,100,000","93,700,000","79,100,000","159,900,000","68,200,000","64,800,000","54,900,000","97,100,000","53,800,000","46,100,000","41,200,000","75,400,000","41,900,000","35,700,000","29,100,000","47,800,000","26,000,000","22,400,000","16,400,000"
OperatingExpense,"5,925,900,000","1,561,500,000","1,455,500,000","1,461,800,000","1,447,100,000","1,471,200,000","1,458,900,000","1,541,300,000","1,429,000,000","1,398,100,000","1,346,100,000","1,379,600,000","1,341,700,000","1,332,500,000","1,284,100,000","1,281,400,000","1,262,000,000","1,370,400,000","1,240,800,000","1,205,700,000","1,187,400,000","1,220,800,000","1,178,100,000","1,155,200,000","1,135,900,000","1,182,800,000","1,176,300,000","731,800,000","516,100,000","534,500,000","505,600,000","489,100,000","464,700,000","477,000,000","455,600,000","447,400,000","439,400,000","487,300,000","415,400,000","415,200,000","414,700,000","432,500,000","395,700,000","388,900,000","379,100,000","389,200,000","365,100,000","355,700,000","347,600,000","360,000,000","333,600,000","332,600,000","317,800,000","328,000,000","310,100,000","301,500,000","286,800,000","310,900,000","283,700,000","273,200,000","263,000,000","314,200,000","254,200,000","245,300,000","232,700,000","243,908,000","224,144,000","214,902,000","206,170,000","224,197,000","202,915,000","199,394,000","192,482,000","199,185,000","183,234,000","173,507,000","163,297,000","170,435,000","148,487,000","138,062,000","137,051,000","859,253,000","128,475,000","121,842,000","113,522,000","127,019,000","102,661,000","100,519,000","80,001,000","85,900,000","71,100,000","68,600,000","61,100,000","86,900,000","48,100,000","46,600,000","43,100,000","47,100,000","38,700,000","35,600,000","35,000,000","36,600,000","30,800,000","28,100,000","26,500,000","23,500,000","19,400,000","17,500,000","15,600,000"
	SellingGeneralAndAdministration,"5,925,900,000","1,561,500,000","1,455,500,000","1,461,800,000","1,447,100,000","1,471,200,000","1,458,900,000","1,541,300,000","1,429,000,000","1,398,100,000","1,346,100,000","1,379,600,000","1,341,700,000","1,332,500,000","1,284,100,000","1,281,400,000","1,262,000,000","1,370,400,000","1,240,800,000","1,205,700,000","1,187,400,000","1,220,800,000","1,178,100,000","1,155,200,000","1,135,900,000","1,182,800,000","1,176,300,000","731,800,000","516,100,000","534,500,000","505,600,000","489,100,000","464,700,000","477,000,000","455,600,000","447,400,000","439,400,000","487,300,000","415,400,000","415,200,000","414,700,000","432,500,000","395,700,000","388,900,000","379,100,000","389,200,000","365,100,000","355,700,000","347,600,000","360,000,000","333,600,000","332,600,000","317,800,000","328,000,000","310,100,000","301,500,000","286,800,000","310,900,000","283,700,000","273,200,000","263,000,000","314,200,000","254,200,000","245,300,000","232,700,000","243,908,000","224,144,000","214,902,000","206,170,000","224,197,000","202,915,000","199,394,000","192,482,000","199,185,000","183,234,000","173,507,000","163,297,000","170,435,000","148,487,000","138,062,000","121,330,000","133,271,000","114,513,000","108,854,000","101,691,000","113,935,000","92,023,000","90,963,000","72,139,000","78,000,000","64,000,000","61,700,000","54,900,000","79,600,000","43,400,000","42,100,000","39,100,000","43,400,000","35,400,000","32,400,000","32,100,000","33,600,000","28,100,000","25,500,000","24,300,000","21,900,000","18,000,000","16,200,000","14,400,000"
	DepreciationAmortizationDepletionIncomeStatement,,,,,,,,,,,,,,,,,,,,,,,,,,,,,,,,,,,,,,,,,,,,,,,,,,,,,,,,,,,,,,,,,,,,,,,,,,,,,,,,,"15,721,000","14,982,000","13,962,000","12,988,000","11,831,000","13,084,000","10,638,000","9,556,000","7,862,000","7,900,000","7,100,000","6,900,000","6,200,000","7,300,000","4,700,000","4,500,000","4,000,000","3,700,000","3,300,000","3,200,000","2,900,000","3,000,000","2,700,000","2,600,000","2,200,000","1,600,000","1,400,000","1,300,000","1,200,000"
		DepreciationAndAmortizationInIncomeStatement,,,,,,,,,,,,,,,,,,,,,,,,,,,,,,,,,,,,,,,,,,,,,,,,,,,,,,,,,,,,,,,,,,,,,,,,,,,,,,,,,"15,721,000","14,982,000","13,962,000","12,988,000","11,831,000","13,084,000","10,638,000","9,556,000","7,862,000","7,900,000","7,100,000","6,900,000","6,200,000","7,300,000","4,700,000","4,500,000","4,000,000","3,700,000","3,300,000","3,200,000","2,900,000","3,000,000","2,700,000","2,600,000","2,200,000","1,600,000","1,400,000","1,300,000","1,200,000"
OperatingIncome,"1,811,400,000","578,800,000","310,500,000","402,200,000","519,900,000","681,600,000","465,500,000","374,900,000","365,900,000","562,400,000","358,400,000","268,900,000","385,500,000","579,600,000","387,800,000","382,500,000","437,600,000","730,600,000","425,200,000","422,100,000","439,700,000","586,500,000","342,400,000","357,200,000","418,700,000","469,800,000","223,700,000","123,400,000","232,800,000","383,600,000","219,700,000","205,000,000","231,900,000","348,200,000","204,300,000","201,300,000","216,600,000","363,500,000","184,200,000","184,400,000","188,000,000","302,000,000","164,900,000","153,500,000","161,700,000","258,700,000","140,900,000","127,800,000","102,600,000","218,400,000","107,600,000","89,200,000","97,600,000","165,200,000","69,300,000","61,600,000","69,700,000","154,400,000","60,200,000","53,400,000","62,300,000","156,100,000","53,300,000","48,000,000","53,400,000","136,461,000","52,120,000","46,584,000","48,074,000","132,219,000","53,589,000","49,084,000","58,659,000","131,141,000","60,365,000","47,600,000","54,491,000","141,582,000","34,096,000","42,129,000","36,114,000","-586,139,000","25,820,000","35,245,000","17,939,000","107,062,000","36,329,000","37,526,000","23,941,000","93,000,000","27,000,000","25,100,000","18,000,000","73,000,000","20,100,000","18,200,000","11,800,000","50,000,000","15,100,000","10,500,000","6,200,000","38,800,000","11,100,000","7,600,000","2,600,000","24,300,000","6,600,000","4,900,000","800,000"
NetNonOperatingInterestIncomeExpense,"-178,900,000","-79,500,000","-33,400,000","-33,000,000","-33,000,000","-34,200,000","-38,100,000","-34,800,000","-40,200,000","-39,200,000","-41,400,000","-40,100,000","-41,400,000","-46,300,000","-47,600,000","-46,100,000","-230,000,000","-81,600,000","-69,700,000","-75,800,000","-74,700,000","-88,800,000","-112,100,000","-87,300,000","-87,300,000","-114,800,000","-98,400,000","-263,900,000","-122,200,000","-54,300,000","-9,300,000","-8,400,000","-8,100,000","-9,000,000","-5,200,000","-700,000","-600,000","-400,000","-800,000","-1,100,000","-500,000","-700,000","-600,000","-700,000","-900,000","-10,200,000","1,600,000","-1,600,000","-1,400,000","-1,500,000","-1,600,000","-1,300,000","-800,000",,,,,,,,,,,,,,,,,,,,,,,,,,,,,,,,,,,,,,,,,,,,,,,,,,,,,,,,
	InterestExpenseNonOperating,"178,900,000","79,500,000","33,400,000","33,000,000","33,000,000","34,200,000","38,100,000","34,800,000","40,200,000","39,200,000","41,400,000","40,100,000","41,400,000","46,300,000","47,600,000","46,100,000","230,000,000","81,600,000","69,700,000","75,800,000","74,700,000","88,800,000","112,100,000","87,300,000","87,300,000","114,800,000","98,400,000","263,900,000","122,200,000","54,300,000","9,300,000","8,400,000","8,100,000","9,000,000","5,200,000","700,000","600,000","400,000","800,000","1,100,000","500,000","700,000",,"700,000","900,000",,,,,,,"1,300,000",,,,,,,,,,,,,,,,,,,,,,,,,,,,,,,,,,,,,,,,,,,,,,,,,,,,,,,,,
	TotalOtherFinanceCost,,,,,,,,,,"39,200,000","41,400,000","40,100,000","41,400,000","46,300,000","47,600,000","46,100,000","230,000,000","81,600,000","69,700,000","75,800,000","74,700,000","88,800,000","112,100,000","87,300,000","87,300,000","114,800,000","98,400,000","263,900,000","122,200,000","54,300,000","9,300,000","8,400,000","8,100,000","9,000,000","5,200,000","700,000","600,000","400,000","800,000","1,100,000","500,000","700,000","600,000",,,"10,200,000","-1,600,000","1,600,000","1,400,000",,"1,600,000","1,300,000","800,000",,,,,,,,,,,,,,,,,,,,,,,,,,,,,,,,,,,,,,,,,,,,,,,,,,,,,,,,
OtherIncomeExpense,"-300,000","-100,000","-200,000",,,"0","-100,000","-200,000","-500,000","-313,700,000","-100,000","-400,000","-200,000","-2,727,400,000","-200,000","1,300,000","-200,000","42,500,000","-400,000","-2,700,000","-51,200,000","0","-100,000",,"200,000","-2,500,000","-600,000","-1,700,000","2,600,000","-4,700,000","-1,100,000",,,"-100,000","-300,000","200,000","-400,000","-200,000","60,700,000",,"1,100,000","200,000","-100,000","-500,000","700,000","10,600,000","-5,400,000","-1,200,000","900,000",,,,,,,,,,,,,,,,,,,,,,,"301,000","610,000","152,000","-11,000","665,000","83,000","142,000","-1,382,000","-824,000","595,000","251,000","-1,379,000","197,000","-792,000","0",,"-1,100,000",,"0",,"-1,100,000",,,,,,,,,,,,,,,,,
	SpecialIncomeCharges,"0",,,,,"0",,,,"-313,000,000",,,,"-2,727,000,000","0","0","0","35,000,000","0","-2,600,000","-50,900,000",,,,,,,,,,,,,,,,,,,,,,"-100,000","-500,000","700,000","10,600,000","-5,400,000","-1,200,000","900,000",,,,,,,,,,,,,,,,,,,,,,,"301,000","610,000","152,000","-11,000","665,000","83,000","142,000","-1,382,000","-824,000","595,000","251,000","-1,379,000","197,000","-792,000","0",,"-1,100,000",,"0",,"-1,100,000",,,,,,,,,,,,,,,,,
		ImpairmentOfCapitalAssets,"0",,,,,"0",,,,"313,000,000",,,,"2,727,000,000",,,,,,,,,,,,,,,,,,,,,,,,,,,,,,,,,,,,,,,,,,,,,,,,,,,,,,,,,,,,,,,,,,,,,,,,,,,,,,,,,,,,,,,,,,,,,,,
		WriteOff,,,,,,,,,,,,,,"0","0","0","0","-35,000,000","0","2,600,000","50,900,000",,,,,,,,,,,,,,,,,,,,,,,,,,,,,,,,,,,,,,,,,,,,,,,,,,,,,,,,,,,,,,,,,,,,,,,,,,,,,,,,,,,,,,,,
	OtherNonOperatingIncomeExpenses,"-300,000","-100,000","-200,000",,,"0","-100,000","-200,000","-500,000","-700,000","-100,000","-400,000","-200,000","-400,000","-200,000","1,300,000","-200,000","7,500,000","-400,000","-100,000","-300,000","0","-100,000",,"200,000","-2,500,000","-600,000","-1,700,000","2,600,000","-4,700,000","-1,100,000",,,"-100,000","-300,000","200,000","-400,000","-200,000","60,700,000",,"1,100,000","200,000",,,,,,,,,,,,,,,,,,,,,,,,,,,,,,,,,,,,,,,,,,,,,,,,,,,,,,,,,,,,,,,,,,,
PretaxIncome,"1,632,200,000","499,200,000","276,900,000","369,200,000","486,900,000","647,400,000","427,300,000","339,900,000","325,200,000","209,500,000","316,900,000","228,400,000","343,900,000","-2,194,100,000","340,000,000","337,700,000","207,400,000","691,500,000","355,100,000","343,600,000","313,800,000","497,700,000","230,200,000","269,900,000","331,600,000","352,500,000","124,700,000","-142,200,000","113,200,000","324,600,000","209,300,000","196,600,000","223,800,000","339,100,000","198,800,000","200,800,000","215,600,000","362,900,000","244,100,000","183,300,000","188,600,000","301,500,000","164,200,000","152,300,000","161,500,000","258,100,000","144,700,000","125,000,000","102,100,000","216,900,000","106,000,000","87,900,000","96,800,000","164,300,000","67,000,000","59,700,000","68,100,000","150,800,000","56,500,000","51,800,000","60,700,000","153,400,000","50,600,000","46,300,000","52,600,000","134,673,000","50,023,000","43,729,000","46,793,000","131,002,000","51,827,000","48,150,000","57,191,000","129,801,000","58,799,000","46,826,000","53,326,000","141,432,000","32,322,000","41,035,000","36,670,000","123,801,000","23,678,000","35,238,000","17,534,000","105,428,000","35,530,000","35,808,000","24,095,000","92,000,000","26,200,000","23,400,000","17,400,000","66,100,000","18,700,000","17,400,000","11,400,000","49,300,000","14,100,000","9,800,000","5,800,000","37,800,000","9,700,000","6,000,000","1,500,000","23,700,000","5,900,000","4,200,000","400,000"
TaxProvision,"304,300,000","45,000,000","60,100,000","86,800,000","112,400,000","144,600,000","97,300,000","78,400,000","77,600,000","86,500,000","61,100,000","48,100,000","76,000,000","112,900,000","58,200,000","63,800,000","46,900,000","-348,600,000","115,200,000","109,800,000","113,300,000","175,900,000","58,600,000","99,700,000","98,900,000","123,500,000","42,800,000","-44,200,000","43,700,000","118,100,000","76,300,000","75,100,000","85,500,000","126,000,000","73,400,000","76,100,000","82,100,000","134,300,000","88,700,000","64,100,000","72,500,000","113,600,000","59,700,000","57,400,000","60,500,000","95,600,000","51,500,000","47,000,000","38,500,000","81,900,000","37,800,000","31,000,000","36,400,000","59,100,000","23,900,000","22,100,000","24,500,000","56,100,000","20,600,000","19,200,000","22,600,000","55,800,000","18,100,000","17,300,000","19,700,000","48,174,000","18,926,000","16,419,000","17,781,000","47,348,000","19,973,000","18,558,000","22,041,000","49,973,000","22,638,000","18,027,000","20,531,000","54,452,000","12,444,000","15,798,000","14,118,000","47,713,000","9,126,000","13,580,000","6,751,000","40,756,000","13,680,000","14,273,000","9,276,000","35,400,000","10,100,000","8,900,000","6,700,000","26,300,000","7,200,000","6,700,000","4,400,000","19,000,000","5,400,000","3,800,000","2,200,000","14,600,000","3,700,000","2,300,000","600,000","9,100,000","2,300,000","1,600,000","200,000"
NetIncomeCommonStockholders,"1,327,900,000","454,200,000","216,800,000","282,400,000","374,500,000","502,800,000","330,000,000","261,500,000","247,600,000","123,000,000","255,800,000","180,300,000","267,900,000","-2,307,000,000","281,800,000","273,900,000","160,500,000","1,040,100,000","239,900,000","233,800,000","200,500,000","321,800,000","171,600,000","170,200,000","232,700,000","229,000,000","81,900,000","-98,000,000","69,500,000","206,500,000","133,000,000","121,500,000","138,300,000","213,100,000","125,400,000","124,700,000","133,500,000","228,600,000","155,400,000","119,200,000","116,100,000","187,900,000","104,500,000","94,900,000","101,000,000","162,500,000","93,200,000","78,000,000","63,600,000","135,000,000","68,200,000","56,900,000","60,400,000","105,200,000","43,100,000","37,600,000","43,600,000","94,700,000","35,900,000","32,600,000","38,100,000","97,600,000","32,500,000","29,000,000","32,900,000","86,499,000","31,097,000","27,310,000","29,012,000","83,654,000","31,854,000","29,592,000","35,150,000","79,828,000","36,161,000","28,799,000","32,795,000","86,980,000","19,878,000","25,237,000","22,552,000","76,088,000","14,552,000","21,658,000","10,783,000","64,672,000","21,850,000","20,811,000","14,819,000","56,600,000","16,100,000","14,500,000","10,700,000","39,800,000","11,500,000","10,700,000","7,000,000","30,300,000","8,700,000","6,000,000","3,600,000","23,200,000","6,000,000","3,700,000","900,000","14,600,000","3,600,000","2,600,000","200,000"
	NetIncome,"1,327,900,000","454,200,000","216,800,000","282,400,000","374,500,000","502,800,000","330,000,000","261,500,000","247,600,000","123,000,000","255,800,000","180,300,000","267,900,000","-2,307,000,000","281,800,000","273,900,000","160,500,000","1,040,100,000","239,900,000","233,800,000","200,500,000","321,800,000","171,600,000","170,200,000","232,700,000","229,000,000","81,900,000","-98,000,000","69,500,000","206,500,000","133,000,000","121,500,000","138,300,000","213,100,000","125,400,000","124,700,000","133,500,000","228,600,000","155,400,000","119,200,000","116,100,000","187,900,000","104,500,000","94,900,000","101,000,000","162,500,000","93,200,000","78,000,000","63,600,000","135,000,000","68,200,000","56,900,000","60,400,000","105,200,000","43,100,000","37,600,000","43,600,000","94,700,000","35,900,000","32,600,000","38,100,000","97,600,000","32,500,000","29,000,000","32,900,000","86,499,000","31,097,000","27,310,000","29,012,000","83,654,000","31,854,000","29,592,000","35,150,000","79,828,000","36,161,000","28,799,000","32,795,000","86,980,000","19,878,000","25,237,000","22,552,000","76,088,000","14,552,000","21,658,000","10,783,000","64,672,000","21,850,000","21,148,000","14,819,000","56,600,000","16,100,000","14,500,000","10,700,000","39,800,000","11,500,000","10,700,000","7,000,000","30,300,000","8,700,000","6,000,000","3,600,000","23,200,000","6,000,000","3,700,000","900,000","14,600,000","3,600,000","2,600,000","200,000"
		NetIncomeIncludingNoncontrollingInterests,"1,327,900,000","454,200,000","216,800,000","282,400,000","374,500,000","502,800,000","330,000,000","261,500,000","247,600,000","123,000,000","255,800,000","180,300,000","267,900,000","-2,307,000,000","281,800,000","273,900,000","160,500,000","1,040,100,000","239,900,000","233,800,000","200,500,000","321,800,000","171,600,000","170,200,000","232,700,000","229,000,000","81,900,000","-98,000,000","69,500,000","206,500,000","133,000,000","121,500,000","138,300,000","213,100,000","125,400,000","124,700,000","133,500,000","228,600,000","155,400,000","119,200,000","116,100,000","187,900,000","104,500,000","94,900,000","101,000,000","162,500,000","93,200,000","78,000,000","63,600,000","135,000,000","68,200,000","56,900,000","60,400,000","105,200,000","43,100,000","37,600,000","43,600,000","94,700,000","35,900,000","32,600,000","38,100,000","97,600,000","32,500,000","29,000,000","32,900,000","86,499,000","31,097,000","27,310,000","29,012,000","83,654,000","31,854,000","29,592,000","35,150,000","79,828,000","36,161,000","28,799,000","32,795,000","86,980,000","19,878,000","25,237,000","22,552,000","76,088,000","14,552,000","21,658,000","10,783,000","64,672,000","21,850,000","21,148,000","14,819,000","56,600,000","16,100,000","14,500,000","10,700,000","39,800,000","11,500,000","10,700,000","7,000,000","30,300,000","8,700,000","6,000,000","3,600,000","23,200,000","6,000,000","3,700,000","900,000","14,600,000","3,600,000","2,600,000","200,000"
			NetIncomeContinuousOperations,"1,327,900,000","454,200,000","216,800,000","282,400,000","374,500,000","502,800,000","330,000,000","261,500,000","247,600,000","123,000,000","255,800,000","180,300,000","267,900,000","-2,307,000,000","281,800,000","273,900,000","160,500,000","1,040,100,000","239,900,000","233,800,000","200,500,000","321,800,000","171,600,000","170,200,000","232,700,000","229,000,000","81,900,000","-98,000,000","69,500,000","206,500,000","133,000,000","121,500,000","138,300,000","213,100,000","125,400,000","124,700,000","133,500,000","228,600,000","155,400,000","119,200,000","116,100,000","187,900,000","104,500,000","94,900,000","101,000,000","162,500,000","93,200,000","78,000,000","63,600,000","135,000,000","68,200,000","56,900,000","60,400,000","105,200,000","43,100,000","37,600,000","43,600,000","94,700,000","35,900,000","32,600,000","38,100,000","97,600,000","32,500,000","29,000,000","32,900,000","86,499,000","31,097,000","27,310,000","29,012,000","83,654,000","31,854,000","29,592,000","35,150,000","79,828,000","36,161,000","28,799,000","32,795,000","86,980,000","19,878,000","25,237,000","22,552,000","76,088,000","14,552,000","21,658,000","10,783,000","64,672,000","21,850,000","21,535,000","14,819,000","56,600,000","16,100,000","14,500,000","10,700,000","39,800,000","11,500,000","10,700,000","7,000,000","30,300,000","8,700,000","6,000,000","3,600,000","23,200,000","6,000,000","3,700,000","900,000","14,600,000","3,600,000","2,600,000","200,000"
			NetIncomeFromTaxLossCarryforward,,,,,,,,,,,,,,,,,,,,,,,,,,,,,,,,,,,,,,,,,,,,,,,,,,,,,,,,,,,,,,,,,,,,,,,,,,,,,,,,,,,,,,"0",,"-387,000",,,,,,,,,,,,,,,,,,,,,
	PreferredStockDividends,,,,,,,,,,,,,,,,,,,,,,,,,,,,,,,,,,,,,,,,,,,,,,,,,,,,,,,,,,,,,,,,,,,,,,,,,,,,,,,,,,,,,,"0",,"337,000",,,,,,,,,,,,,,,,,,,,,
DilutedNIAvailtoComStockholders,"1,327,900,000","454,200,000","216,800,000","282,400,000","374,500,000","502,800,000","330,000,000","261,500,000","247,600,000","123,000,000","255,800,000","180,300,000","267,900,000","-2,307,000,000","281,800,000","273,900,000","160,500,000","1,040,100,000","239,900,000","233,800,000","200,500,000","321,800,000","171,600,000","170,200,000","232,700,000","229,000,000","81,900,000","-98,000,000","69,500,000","206,500,000","133,000,000","121,500,000","138,300,000","213,100,000","125,400,000","124,700,000","133,500,000","228,600,000","155,400,000","119,200,000","116,100,000","187,900,000","104,500,000","94,900,000","101,000,000","162,500,000","93,200,000","78,000,000","63,600,000","135,000,000","68,200,000","56,900,000","60,400,000","105,200,000","43,100,000","37,600,000","43,600,000","94,700,000","35,900,000","32,600,000","38,100,000","97,600,000","32,500,000","29,000,000","32,900,000","86,499,000","31,097,000","27,310,000","29,012,000","83,654,000","31,854,000","29,592,000","35,150,000","79,828,000","36,161,000","28,799,000","32,795,000","86,980,000","19,878,000","25,237,000","22,552,000","76,088,000","14,552,000","21,658,000","10,783,000","64,672,000","21,850,000","20,811,000","14,819,000","56,600,000","16,100,000","14,500,000","10,700,000","39,800,000","11,500,000","10,700,000","7,000,000","30,300,000","8,700,000","6,000,000","3,600,000","23,200,000","6,000,000","3,700,000","900,000","14,600,000","3,600,000","2,600,000","200,000"
BasicEPS,,"2.02","0.96","1.24","1.61","2.14","1.39","1.1","1.05","0.52","1.08","0.76","1.13","-9.69","1.18","1.15","0.68","4.38","1.01","0.99","0.85","1.36","0.73","0.72","0.99","0.97","0.35","-0.46","0.34","1.16","0.65","0.59","0.67","1.02","0.58","0.56","0.6","1.01","0.68","0.52","0.5","0.805","0.435","0.39","0.41",,"0.365","0.305","0.247",,"0.253","0.21","0.223",,"0.16","0.14","0.16",,"0.127","0.11","0.127",,"0.107","0.093","0.103",,"0.097","0.083","0.087",,"0.093","0.087","0.103",,"0.103","0.083","0.097",,"0.057","0.073","0.067",,"0.043","0.063","0.033",,"0.07","0.067","0.053",,"0.057","0.05","0.04",,"0.043","0.04","0.027",,"0.03","0.02","0.01",,"0.02","0.013","0.003",,"0.013","0.01","0.003"
DilutedEPS,,"2.01","0.96","1.23","1.6","2.13","1.39","1.1","1.04","0.52","1.08","0.76","1.12","-9.69","1.18","1.15","0.67","4.37","1.01","0.98","0.85","1.36","0.72","0.72","0.98","0.97","0.35","-0.46","0.34","1.16","0.64","0.59","0.67","1.02","0.58","0.56","0.59","1.01","0.68","0.51","0.5","0.8","0.435","0.385","0.41",,"0.365","0.305","0.243",,"0.253","0.21","0.22",,"0.157","0.14","0.16",,"0.127","0.11","0.127",,"0.107","0.093","0.103",,"0.097","0.083","0.087",,"0.093","0.087","0.103",,"0.103","0.083","0.097",,"0.057","0.073","0.067",,"0.043","0.063","0.033",,"0.063","0.063","0.049",,"0.053","0.047","0.037",,"0.04","0.037","0.023",,"0.03","0.02","0.01",,"0.02","0.013","0.003",,"0.013","0.01","0.003"
BasicAverageShares,,"225,000,000","224,900,000","228,600,000","233,200,000","234,600,000","236,800,000","237,300,000","236,900,000","236,700,000","236,700,000","237,600,000","238,000,000","238,000,000","237,900,000","237,900,000","237,500,000","237,200,000","236,900,000","236,700,000","236,300,000","236,100,000","235,800,000","235,600,000","235,300,000","234,900,000","234,700,000","214,300,000","206,200,000","205,700,000","205,600,000","205,800,000","206,800,000","208,100,000","216,600,000","223,400,000","224,200,000","225,800,000","228,800,000","231,300,000","231,600,000","233,200,000","239,600,000","244,600,000","245,200,000",,"253,800,000","254,600,000","258,600,000",,"267,900,000","269,100,000","271,500,000",,"271,500,000","270,300,000","272,500,000",,"285,600,000","296,363,636","300,789,474",,"306,600,000","310,714,286","318,387,097",,"321,822,000","327,720,000","334,753,846",,"338,670,000","341,446,154","340,161,290",,"345,114,000","345,588,000","339,258,621",,"350,788,235","344,140,909","338,280,000",,"335,815,385","341,968,421","323,490,000",,"318,345,000","304,845,000","277,856,250",,"284,117,647","290,000,000","267,500,000",,"265,384,615","267,500,000","262,500,000",,"290,000,000","300,000,000","262,833,133",,"300,000,000","277,500,000","270,000,000",,"270,000,000","260,000,000","250,817,091"
DilutedAverageShares,,"226,300,000","225,800,000","229,500,000","234,400,000","235,900,000","237,900,000","238,100,000","237,400,000","237,500,000","237,500,000","238,300,000","239,100,000","238,900,000","238,700,000","238,600,000","238,500,000","238,200,000","237,800,000","237,400,000","237,300,000","237,100,000","236,900,000","236,700,000","236,400,000","236,000,000","235,700,000","214,300,000","207,100,000","206,800,000","206,600,000","206,600,000","207,700,000","209,300,000","217,600,000","224,300,000","225,200,000","227,100,000","230,000,000","231,300,000","232,800,000","235,200,000","241,400,000","246,000,000","247,000,000",,"255,600,000","256,200,000","260,400,000",,"269,700,000","270,600,000","273,300,000",,"273,000,000","271,500,000","272,500,000",,"287,100,000","296,363,636","300,789,474",,"308,400,000","310,714,286","318,387,097",,"322,917,000","327,720,000","334,753,846",,"340,119,000","341,446,154","340,161,290",,"349,281,000","345,588,000","339,258,621",,"350,788,235","344,140,909","338,280,000",,"335,815,385","341,968,421","323,490,000",,"340,497,000","335,244,000","303,115,909",,"301,875,000","310,714,286","291,818,182",,"287,500,000","291,818,182","300,000,000",,"290,000,000","300,000,000","262,833,133",,"300,000,000","277,500,000","270,000,000",,"270,000,000","260,000,000","250,817,091"
TotalOperatingIncomeAsReported,"1,811,400,000","578,800,000","310,500,000","402,200,000","519,900,000","681,600,000","465,500,000","374,900,000","365,900,000","249,400,000","358,400,000","268,900,000","385,500,000","-2,147,400,000","387,800,000","382,500,000","437,600,000","765,600,000","425,200,000","419,500,000","388,800,000","586,500,000","342,400,000","357,200,000","418,700,000","469,800,000","223,700,000","123,400,000","232,800,000","383,600,000","219,700,000","205,000,000","231,900,000","348,200,000","204,300,000","201,300,000","216,600,000","363,500,000","184,200,000","184,400,000","188,000,000","302,000,000","164,900,000","153,500,000","161,700,000","258,700,000","140,900,000","127,800,000","102,600,000","218,400,000","107,600,000","89,200,000","97,600,000","165,200,000","69,300,000","61,600,000","69,700,000","154,400,000","60,200,000","53,400,000","62,300,000","156,100,000","53,300,000","48,000,000","53,400,000","136,461,000","52,120,000","46,584,000","48,074,000","132,219,000","53,589,000","49,084,000","58,659,000","131,141,000","60,365,000","47,600,000","54,491,000","141,582,000","34,096,000","42,129,000","36,114,000","-586,139,000","25,820,000","35,245,000","17,939,000","107,062,000","36,329,000","37,526,000","23,941,000","93,000,000","27,000,000","25,100,000","18,000,000","73,000,000","20,100,000","18,200,000","11,800,000","50,000,000","15,100,000","10,500,000","6,200,000","38,800,000","11,100,000","7,600,000","2,600,000","24,300,000","6,600,000","4,900,000","800,000"
TotalExpenses,"24,509,800,000","6,501,800,000","6,107,200,000","5,941,000,000","5,959,800,000","6,086,300,000","5,711,500,000","5,902,700,000","5,920,900,000","5,752,900,000","5,387,800,000","5,471,700,000","5,423,200,000","5,625,600,000","5,151,000,000","5,143,100,000","5,116,100,000","5,630,000,000","4,891,400,000","4,859,100,000","4,847,400,000","5,049,000,000","4,659,200,000","4,639,100,000","4,667,100,000","4,895,500,000","4,721,500,000","2,887,800,000","1,943,900,000","2,092,000,000","1,875,500,000","1,826,100,000","1,768,400,000","1,886,700,000","1,680,400,000","1,653,600,000","1,649,200,000","1,882,300,000","1,536,300,000","1,520,200,000","1,535,600,000","1,643,600,000","1,431,700,000","1,388,900,000","1,384,200,000","1,466,600,000","1,285,700,000","1,250,100,000","1,250,000,000","1,340,200,000","1,141,100,000","1,133,600,000","1,103,500,000","1,221,300,000","1,044,700,000","1,031,500,000","981,600,000","1,144,200,000","937,600,000","917,800,000","912,700,000","1,162,800,000","857,100,000","835,600,000","803,100,000","942,556,000","744,667,000","722,443,000","701,019,000","855,259,000","670,378,000","655,150,000","651,671,000","761,924,000","604,846,000","578,428,000","561,077,000","685,899,000","479,408,000","456,449,000","453,511,000","1,300,985,000","418,925,000","405,116,000","369,380,000","492,111,000","340,989,000","346,977,000","267,658,000","359,400,000","238,400,000","228,100,000","203,200,000","345,000,000","156,000,000","155,700,000","139,000,000","196,000,000","127,300,000","118,800,000","111,500,000","155,900,000","99,500,000","95,100,000","82,400,000","96,900,000","60,800,000","58,000,000","47,900,000"
NetIncomeFromContinuingAndDiscontinuedOperation,"1,327,900,000","454,200,000","216,800,000","282,400,000","374,500,000","502,800,000","330,000,000","261,500,000","247,600,000","123,000,000","255,800,000","180,300,000","267,900,000","-2,307,000,000","281,800,000","273,900,000","160,500,000","1,040,100,000","239,900,000","233,800,000","200,500,000","321,800,000","171,600,000","170,200,000","232,700,000","229,000,000","81,900,000","-98,000,000","69,500,000","206,500,000","133,000,000","121,500,000","138,300,000","213,100,000","125,400,000","124,700,000","133,500,000","228,600,000","155,400,000","119,200,000","116,100,000","187,900,000","104,500,000","94,900,000","101,000,000","162,500,000","93,200,000","78,000,000","63,600,000","135,000,000","68,200,000","56,900,000","60,400,000","105,200,000","43,100,000","37,600,000","43,600,000","94,700,000","35,900,000","32,600,000","38,100,000","97,600,000","32,500,000","29,000,000","32,900,000","86,499,000","31,097,000","27,310,000","29,012,000","83,654,000","31,854,000","29,592,000","35,150,000","79,828,000","36,161,000","28,799,000","32,795,000","86,980,000","19,878,000","25,237,000","22,552,000","76,088,000","14,552,000","21,658,000","10,783,000","64,672,000","21,850,000","21,535,000","14,819,000","56,600,000","16,100,000","14,500,000","10,700,000","39,800,000","11,500,000","10,700,000","7,000,000","30,300,000","8,700,000","6,000,000","3,600,000","23,200,000","6,000,000","3,700,000","900,000","14,600,000","3,600,000","2,600,000","200,000"
NormalizedIncome,"1,327,900,000","454,200,000","216,800,000","282,400,000","374,500,000","502,800,000","330,000,000","261,500,000","247,600,000","123,000,000","255,800,000","180,300,000","267,900,000","-316,290,000","281,800,000","273,900,000","160,500,000","1,014,550,000","239,900,000","235,568,000","233,025,100","321,800,000","171,600,000","170,200,000","232,700,000","229,000,000","81,900,000","-98,000,000","69,500,000","206,500,000","133,000,000","121,500,000","138,300,000","213,100,000","125,400,000","124,700,000","133,500,000","228,600,000","155,400,000","119,200,000","116,100,000","187,900,000","104,563,641.9","95,211,556.139","100,562,229.102","155,826,230.143","96,678,092.605","78,748,800","63,039,373.164","135,000,000","68,200,000","56,900,000","60,400,000","105,200,000","43,100,000","37,600,000","43,600,000","94,700,000","35,900,000","32,600,000","38,100,000","97,600,000","32,500,000","29,000,000","32,900,000","86,499,000","31,097,000","27,310,000","29,012,000","83,654,000","31,854,000","29,407,011.589","34,775,089.612","79,734,519.549","36,167,764.928","28,390,010.656","32,743,955.763","86,892,670.683","20,727,928.717","25,743,769.538","22,186,075.811","75,933,735.592","15,399,504.35","21,536,919.746","11,270,061.481","64,672,000","21,850,000","22,196,542.113","14,819,000","56,600,000","16,100,000","15,181,623.932","10,700,000","39,800,000","11,500,000","10,700,000","7,000,000","30,300,000","8,700,000","6,000,000","3,600,000","23,200,000","6,000,000","3,700,000","900,000","14,600,000","3,600,000","2,600,000","200,000"
InterestExpense,"178,900,000","79,500,000","33,400,000","33,000,000","33,000,000","34,200,000","38,100,000","34,800,000","40,200,000","39,200,000","41,400,000","40,100,000","41,400,000","46,300,000","47,600,000","46,100,000","230,000,000","81,600,000","69,700,000","75,800,000","74,700,000","88,800,000","112,100,000","87,300,000","87,300,000","114,800,000","98,400,000","263,900,000","122,200,000","54,300,000","9,300,000","8,400,000","8,100,000","9,000,000","5,200,000","700,000","600,000","400,000","800,000","1,100,000","500,000","700,000",,"700,000","900,000",,,,,,,"1,300,000",,,,,,,,,,,,,,,,,,,,,,,,,,,,,,,,,,,,,,,,,,,,,,,,,,,,,,,,,
NetInterestIncome,"-178,900,000","-79,500,000","-33,400,000","-33,000,000","-33,000,000","-34,200,000","-38,100,000","-34,800,000","-40,200,000","-39,200,000","-41,400,000","-40,100,000","-41,400,000","-46,300,000","-47,600,000","-46,100,000","-230,000,000","-81,600,000","-69,700,000","-75,800,000","-74,700,000","-88,800,000","-112,100,000","-87,300,000","-87,300,000","-114,800,000","-98,400,000","-263,900,000","-122,200,000","-54,300,000","-9,300,000","-8,400,000","-8,100,000","-9,000,000","-5,200,000","-700,000","-600,000","-400,000","-800,000","-1,100,000","-500,000","-700,000","-600,000","-700,000","-900,000","-10,200,000","1,600,000","-1,600,000","-1,400,000","-1,500,000","-1,600,000","-1,300,000","-800,000",,,,,,,,,,,,,,,,,,,,,,,,,,,,,,,,,,,,,,,,,,,,,,,,,,,,,,,,
EBIT,"1,811,100,000","578,700,000","310,300,000","402,200,000","519,900,000","681,600,000","465,400,000","374,700,000","365,400,000","248,700,000","358,300,000","268,500,000","385,300,000","-2,147,800,000","387,600,000","383,800,000","437,400,000","773,100,000","424,800,000","419,400,000","388,500,000","586,500,000","342,300,000","357,200,000","418,900,000","467,300,000","223,100,000","121,700,000","235,400,000","378,900,000","218,600,000","205,000,000","231,900,000","348,100,000","204,000,000","201,500,000","216,200,000","363,300,000","244,900,000","184,400,000","189,100,000","302,300,000","164,900,000","153,000,000","162,400,000","258,700,000","140,900,000","127,800,000","102,600,000","220,300,000","107,600,000","89,200,000","97,600,000","165,200,000","69,300,000","61,600,000","69,700,000","154,400,000","60,200,000","53,400,000","62,300,000","156,100,000","53,300,000","48,000,000","53,400,000","136,461,000","52,120,000","46,584,000","48,074,000","132,219,000","53,589,000","49,084,000","58,659,000","131,141,000","60,365,000","47,600,000","54,491,000","141,582,000","34,096,000","42,129,000","36,114,000","-586,139,000","25,820,000","35,245,000","17,939,000","107,062,000","36,329,000","37,526,000","23,941,000","93,000,000","27,000,000","25,100,000","18,000,000","73,000,000","20,100,000","18,200,000","11,800,000","50,000,000","15,100,000","10,500,000","6,200,000","38,800,000","11,100,000","7,600,000","2,600,000","24,300,000","6,600,000","4,900,000","800,000"
EBITDA,"2,527,100,000"
ReconciledCostOfRevenue,"18,583,900,000","4,940,300,000","4,651,700,000","4,479,200,000","4,512,700,000","4,615,100,000","4,252,600,000","4,361,400,000","4,491,900,000","4,354,800,000","4,041,700,000","4,092,100,000","4,081,500,000","4,293,100,000","3,866,900,000","3,861,700,000","3,854,100,000","4,259,600,000","3,650,600,000","3,653,400,000","3,660,000,000","3,828,200,000","3,481,100,000","3,483,900,000","3,531,200,000","3,712,700,000","3,545,200,000","2,156,000,000","1,427,800,000","1,557,500,000","1,369,900,000","1,337,000,000","1,303,700,000","1,409,700,000","1,224,800,000","1,206,200,000","1,209,800,000","1,395,000,000","1,120,900,000","1,105,000,000","1,120,900,000","1,211,100,000","1,036,000,000","1,000,000,000","1,005,100,000","1,077,400,000","920,600,000","894,400,000","902,400,000","980,200,000","807,500,000","801,000,000","785,700,000","893,300,000","734,600,000","730,000,000","694,800,000","833,300,000","653,900,000","644,600,000","649,700,000","848,600,000","602,900,000","590,300,000","570,400,000","698,648,000","520,523,000","507,541,000","494,849,000","631,062,000","467,463,000","455,756,000","459,189,000","562,739,000","421,612,000","404,921,000","397,780,000","515,464,000","330,921,000","318,387,000","316,460,000","441,732,000","290,450,000","283,274,000","255,858,000","365,092,000","238,328,000","245,627,000","187,657,000","273,500,000","167,300,000","159,500,000","142,100,000","258,100,000","107,900,000","109,100,000","95,900,000","148,900,000","88,600,000","83,200,000","76,500,000","119,300,000","68,700,000","67,000,000","55,900,000","73,400,000","41,400,000","40,500,000","32,300,000"
ReconciledDepreciation,"716,000,000","188,700,000","178,500,000","176,100,000","172,700,000","182,900,000","170,100,000","168,100,000","165,500,000","179,100,000","160,000,000","155,100,000","151,200,000","166,700,000","150,400,000","152,500,000","151,500,000","156,600,000","149,400,000","151,300,000","153,900,000","155,700,000","157,600,000","161,900,000","162,300,000","175,100,000","170,200,000","89,500,000","52,800,000","54,400,000","50,900,000","49,900,000","50,700,000","50,200,000","48,600,000","46,600,000","45,100,000","46,900,000","43,600,000","43,000,000","41,800,000","44,000,000","41,100,000","39,600,000","39,200,000","42,100,000","38,900,000","39,400,000","39,300,000","41,300,000","38,600,000","39,100,000","38,800,000","41,900,000","38,300,000","39,700,000","41,800,000","41,400,000","39,600,000","39,000,000","39,300,000","45,300,000","39,600,000","37,800,000","36,300,000","36,713,000","35,899,000","35,573,000","32,532,000","38,396,000","31,867,000","30,495,000","28,533,000","27,402,000","26,155,000","24,769,000","23,169,000","19,836,000","18,180,000","17,878,000","15,721,000","14,982,000","13,962,000","12,988,000","11,831,000","13,084,000","10,638,000","10,387,000","7,862,000","7,900,000","7,100,000","6,900,000","6,200,000","7,300,000","4,700,000","4,500,000","4,000,000","3,700,000","3,300,000","3,200,000","2,900,000","3,000,000","2,700,000","2,600,000","2,200,000","1,600,000","1,400,000","1,300,000","1,200,000"
NetIncomeFromContinuingOperationNetMinorityInterest,"1,327,900,000","454,200,000","216,800,000","282,400,000","374,500,000","502,800,000","330,000,000","261,500,000","247,600,000","123,000,000","255,800,000","180,300,000","267,900,000","-2,307,000,000","281,800,000","273,900,000","160,500,000","1,040,100,000","239,900,000","233,800,000","200,500,000","321,800,000","171,600,000","170,200,000","232,700,000","229,000,000","81,900,000","-98,000,000","69,500,000","206,500,000","133,000,000","121,500,000","138,300,000","213,100,000","125,400,000","124,700,000","133,500,000","228,600,000","155,400,000","119,200,000","116,100,000","187,900,000","104,500,000","94,900,000","101,000,000","162,500,000","93,200,000","78,000,000","63,600,000","135,000,000","68,200,000","56,900,000","60,400,000","105,200,000","43,100,000","37,600,000","43,600,000","94,700,000","35,900,000","32,600,000","38,100,000","97,600,000","32,500,000","29,000,000","32,900,000","86,499,000","31,097,000","27,310,000","29,012,000","83,654,000","31,854,000","29,592,000","35,150,000","79,828,000","36,161,000","28,799,000","32,795,000","86,980,000","19,878,000","25,237,000","22,552,000","76,088,000","14,552,000","21,658,000","10,783,000","64,672,000","21,850,000","21,535,000","14,819,000","56,600,000","16,100,000","14,500,000","10,700,000","39,800,000","11,500,000","10,700,000","7,000,000","30,300,000","8,700,000","6,000,000","3,600,000","23,200,000","6,000,000","3,700,000","900,000","14,600,000","3,600,000","2,600,000","200,000"
TotalUnusualItemsExcludingGoodwill,"0",,,,,"0",,,,"-313,000,000",,,,"-2,727,000,000","0","0","0","35,000,000","0","-2,600,000","-50,900,000",,,,,,,,,,,,,,,,,,,,,,"-100,000","-500,000","700,000","10,600,000","-5,400,000","-1,200,000","900,000",,,,,,,,,,,,,,,,,,,,,,,"301,000","610,000","152,000","-11,000","665,000","83,000","142,000","-1,382,000","-824,000","595,000","251,000","-1,379,000","197,000","-792,000","0",,"-1,100,000",,"0",,"-1,100,000",,,,,,,,,,,,,,,,,
TotalUnusualItems,"0",,,,,"0",,,,"-313,000,000",,,,"-2,727,000,000","0","0","0","35,000,000","0","-2,600,000","-50,900,000",,,,,,,,,,,,,,,,,,,,,,"-100,000","-500,000","700,000","10,600,000","-5,400,000","-1,200,000","900,000",,,,,,,,,,,,,,,,,,,,,,,"301,000","610,000","152,000","-11,000","665,000","83,000","142,000","-1,382,000","-824,000","595,000","251,000","-1,379,000","197,000","-792,000","0",,"-1,100,000",,"0",,"-1,100,000",,,,,,,,,,,,,,,,,
NormalizedEBITDA,"2,527,100,000","767,400,000","488,800,000","578,300,000","692,600,000","864,500,000","635,500,000","542,800,000","530,900,000","427,800,000","518,300,000","423,600,000","536,500,000","745,900,000","538,000,000","536,300,000","588,900,000","894,700,000","574,200,000","573,300,000","593,300,000","742,200,000","499,900,000","519,100,000","581,200,000","642,400,000","393,300,000","211,200,000","288,200,000","433,300,000","269,500,000","254,900,000","282,600,000","398,300,000","252,600,000","248,100,000","261,300,000","410,200,000","288,500,000","227,400,000","230,900,000","346,300,000","206,100,000","193,100,000","200,900,000","290,200,000","185,200,000","168,400,000","141,000,000","261,600,000","146,200,000","128,300,000","136,400,000","207,100,000","107,600,000","101,300,000","111,500,000","195,800,000","99,800,000","92,400,000","101,600,000","201,400,000","92,900,000","85,800,000","89,700,000","173,174,000","88,019,000","82,157,000","80,606,000","170,615,000","85,456,000","79,278,000","86,582,000","158,391,000","86,531,000","71,704,000","77,577,000","161,276,000","53,658,000","60,831,000","51,240,000","-571,408,000","41,161,000","48,036,000","30,562,000","120,146,000","46,967,000","49,013,000","31,803,000","100,900,000","34,100,000","33,100,000","24,200,000","80,300,000","24,800,000","22,700,000","15,800,000","53,700,000","18,400,000","13,700,000","9,100,000","41,800,000","13,800,000","10,200,000","4,800,000","25,900,000","8,000,000","6,200,000","2,000,000"
TaxRateForCalcs,"0.186","0.09","0.217","0.235","0.231","0.223","0.228","0.231","0.239","0.27","0.193","0.211","0.221","0.27","0.171","0.189","0.226","0.27","0.324","0.32","0.361","0.353","0.255","0.369","0.298","0.35","0.343","0.311","0.386","0.364","0.365","0.382","0.382","0.372","0.369","0.379","0.381","0.37","0.363","0.35","0.384","0.377","0.364","0.377","0.375","0.37","0.356","0.376","0.377","0.378","0.357","0.353","0.376","0.36","0.357","0.37","0.36","0.372","0.365","0.371","0.372","0.364","0.358","0.374","0.375","0.358","0.378","0.375","0.38","0.361","0.385","0.385","0.385","0.385","0.385","0.385","0.385","0.385","0.385","0.385","0.385","0.385","0.385","0.385","0.385","0.387","0.385","0.399","0.385","0.385","0.385","0.38","0.385","0.398","0.385","0.385","0.386","0.385","0.383","0.388","0.379","0.386","0.381","0.383","0.4","0.384","0.39","0.381","0.4"
TaxEffectOfUnusualItems,"0","0","0","0","0","0","0","0","0","0","0","0","0","-736,290,000","0","0","0","9,450,000","0","-832,000","-18,374,900","0","0","0","0","0","0","0","0","0","0","0","0","0","0","0","0","0","0","0","0","0","-36,358.1","-188,443.861","262,229.102","3,926,230.143","-1,921,907.395","-451,200","339,373.164","0","0","0","0","0","0","0","0","0","0","0","0","0","0","0","0","0","0","0","0","0","0","116,011.589","235,089.612","58,519.549","-4,235.072","256,010.656","31,955.763","54,670.683","-532,071.283","-317,230.462","229,075.811","96,735.592","-531,495.65","75,919.746","-304,938.519","0","0","-438,457.887","0","0","0","-418,376.068","0","0","0","0","0","0","0","0","0","0","0","0","0","0","0","0","0"