name,ttm,12/31/2021,09/30/2021,06/30/2021,03/31/2021,12/31/2020,09/30/2020,06/30/2020,03/31/2020,12/31/2019,09/30/2019,06/30/2019,03/31/2019,12/31/2018,09/30/2018,06/30/2018,03/31/2018,12/31/2017,09/30/2017,06/30/2017,03/31/2017,12/31/2016,09/30/2016,06/30/2016,03/31/2016,12/31/2015,09/30/2015,06/30/2015,03/31/2015,12/31/2014,09/30/2014,06/30/2014,03/31/2014,12/31/2013,09/30/2013,06/30/2013,03/31/2013,12/31/2012,09/30/2012,06/30/2012,03/31/2012,12/31/2011,09/30/2011,06/30/2011,03/31/2011,12/31/2010,09/30/2010,06/30/2010,03/31/2010,12/31/2009,09/30/2009,06/30/2009,03/31/2009,12/31/2008,09/30/2008,06/30/2008,03/31/2008,12/31/2007,09/30/2007,06/30/2007,03/31/2007,12/31/2006,09/30/2006,06/30/2006,03/31/2006,12/31/2005,09/30/2005,06/30/2005,03/31/2005,12/31/2004,09/30/2004,06/30/2004,03/31/2004,12/31/2003,09/30/2003,06/30/2003,03/31/2003,12/31/2002,09/30/2002,06/30/2002,03/31/2002,12/31/2001,09/30/2001,06/30/2001,03/31/2001,12/31/2000,09/30/2000,06/30/2000,03/31/2000,12/31/1999,09/30/1999,06/30/1999,03/31/1999,12/31/1998,09/30/1998,06/30/1998,03/31/1998,12/31/1997,09/30/1997,06/30/1997,03/31/1997,12/31/1996,09/30/1996,06/30/1996,03/31/1996,12/31/1995,09/30/1995,06/30/1995,03/31/1995,12/31/1994,09/30/1994,06/30/1994,03/31/1994,12/31/1993,09/30/1993,06/30/1993,03/31/1993
TotalRevenue,"1,105,923,000","264,574,000","280,365,000","271,692,000","289,292,000","266,290,000","262,028,000","238,511,000","226,369,000","230,475,000","241,329,000","237,026,000","264,929,000","270,857,000","231,898,000","210,558,000","234,557,000","215,619,000","194,828,000","189,412,000","227,314,000","224,527,000","226,199,000","226,564,000","224,954,000","221,563,000","234,537,000","225,897,000","267,435,000","277,442,000","291,061,000","303,030,000","293,170,000","252,556,000","291,690,000","275,458,000","268,668,000","266,482,000","302,889,000","268,615,000","272,400,000","166,038,000","361,263,000","363,070,000","386,886,000","304,799,000","371,271,000","383,934,000","335,661,000","338,964,000","324,893,000","352,229,000","326,045,000","270,130,000","245,935,000","242,232,000","242,677,000","260,143,000","223,487,000","219,693,000","229,868,000","245,980,000","234,219,000","220,677,000","212,010,000","198,740,000","199,886,000","228,914,000","217,931,000","221,802,000","212,405,000","202,471,000","202,785,000","205,928,000","196,815,000","194,063,000","194,433,000","184,946,000","193,977,000","195,758,000","204,197,000","192,248,000","199,875,000","205,395,000","206,290,000","194,714,000","207,663,000","203,449,000","188,799,000","174,394,000","179,500,000","118,500,000","117,200,000","98,241,000","98,800,000","90,800,000","85,400,000","75,380,000","64,300,000","57,000,000","55,400,000","49,589,000","46,700,000","44,700,000","41,200,000","35,518,000","34,500,000","31,400,000","29,800,000","25,531,000","30,300,000","26,300,000","25,700,000","27,000,000","4,300,000","19,900,000","19,900,000"
	OperatingRevenue,"1,105,923,000","264,574,000","280,365,000","271,692,000","289,292,000","266,290,000","262,028,000","238,511,000","226,369,000","230,475,000","241,329,000","237,026,000","264,929,000","270,857,000","231,898,000","210,558,000","234,557,000","215,619,000","194,828,000","189,412,000","227,314,000","224,527,000","226,199,000","226,564,000","224,954,000","221,563,000","234,537,000","225,897,000","267,435,000","277,442,000","291,061,000","303,030,000","293,170,000","252,556,000","291,690,000","275,458,000","268,668,000","266,482,000","302,889,000","268,615,000","272,400,000","166,038,000","361,263,000","363,070,000","386,886,000","304,799,000","371,271,000","383,934,000","335,661,000","338,964,000","324,893,000","352,229,000","326,045,000","270,130,000","245,935,000","242,232,000","247,031,000","230,660,000","231,578,000","224,670,000","229,868,000","245,980,000","234,219,000","220,677,000","216,100,000","188,875,000","203,940,000","228,914,000","217,931,000","208,537,000","217,015,000","202,471,000","202,785,000","210,073,000","199,438,000","196,689,000","194,433,000","184,946,000","193,977,000","200,092,000","205,945,000","192,248,000","199,875,000","207,108,000","206,290,000","166,631,000","213,752,000","209,137,000","188,799,000","187,100,000","179,500,000","118,500,000","117,200,000","101,200,000","98,800,000","90,800,000","85,400,000","79,300,000","64,300,000","57,000,000","55,400,000","55,300,000","46,700,000","44,700,000","41,200,000","37,700,000","34,500,000","31,400,000","29,800,000","28,800,000","30,300,000","26,300,000","25,700,000","27,000,000","4,300,000","19,900,000","19,900,000"
CostOfRevenue,"313,480,000","61,990,000","78,778,000","73,949,000","98,763,000","75,184,000","81,862,000","64,726,000","62,138,000","63,276,000","74,537,000","73,161,000","105,696,000","114,135,000","82,949,000","63,218,000","91,951,000","80,390,000","68,460,000","63,782,000","65,368,000","74,221,000","74,579,000","77,905,000","79,825,000","76,677,000","87,533,000","79,579,000","113,926,000","107,761,000","123,706,000","135,759,000","130,005,000","104,181,000","132,730,000","115,951,000","110,541,000","115,397,000","156,054,000","120,745,000","129,934,000","97,259,000","204,279,000","203,769,000","227,557,000","165,821,000","209,319,000","237,502,000","191,144,000","188,702,000","176,258,000","197,237,000","171,594,000",,,,,,,,,,,,"46,338,000",,,,,,,,,,,,,,,,,,,,,,,,,,,,,,,,,,,,,,,,,,,,,,,,,,,,
GrossProfit,"792,443,000","202,584,000","201,587,000","197,743,000","190,529,000","191,106,000","180,166,000","173,785,000","164,231,000","167,199,000","166,792,000","163,865,000","159,233,000","156,722,000","148,949,000","147,340,000","142,606,000","135,229,000","126,368,000","125,630,000","161,946,000","150,306,000","151,620,000","148,659,000","145,129,000","144,886,000","147,004,000","146,318,000","153,509,000","169,681,000","167,355,000","167,271,000","163,165,000","148,375,000","158,960,000","159,507,000","158,127,000","151,085,000","146,835,000","147,870,000","142,466,000","68,779,000","156,984,000","159,301,000","159,329,000","138,978,000","161,952,000","146,432,000","144,517,000","150,262,000","148,635,000","154,992,000","154,451,000",,,,,,,,,,,,"165,672,000",,,,,,,,,,,,,,,,,,,,,,,,,,,,,,,,,,,,,,,,,,,,,,,,,,,,
OperatingExpense,"448,611,000","107,936,000","106,809,000","111,973,000","121,893,000","113,404,000","105,865,000","105,890,000","110,759,000","102,548,000","99,641,000","101,389,000","102,254,000","93,779,000","88,482,000","90,428,000","99,338,000","90,640,000","78,837,000","79,589,000","101,527,000","92,712,000","94,646,000","92,581,000","97,133,000","89,545,000","92,705,000","99,127,000","100,464,000","107,394,000","105,629,000","108,135,000","112,845,000","105,487,000","114,014,000","108,287,000","110,328,000","110,928,000","104,181,000","104,511,000","103,717,000","54,641,000","106,462,000","108,625,000","106,022,000","121,348,000","105,924,000","83,988,000","90,284,000","624,637,000","-78,778,000","75,607,000","-70,493,000","-137,786,000","159,353,000","162,863,000","184,534,000","192,012,000","160,828,000","190,961,000","210,576,000","-217,659,000","265,843,000","192,316,000","88,841,000","109,614,000","136,966,000","134,392,000","183,601,000","175,549,000","177,229,000","113,779,000","165,080,000","155,444,000","147,293,000","148,137,000","155,053,000","137,091,000","142,180,000","135,312,000","141,676,000","130,417,000","126,965,000","133,556,000","135,613,000","131,752,000","146,650,000","141,945,000","133,675,000","578,685,000","-79,900,000","-52,200,000","-53,600,000","372,852,000","-44,200,000","-42,900,000","-39,300,000","245,217,000","-27,800,000","-26,800,000","-26,000,000","182,614,000","-19,100,000","-20,400,000","-20,600,000","133,341,000","-15,400,000","-13,400,000","-13,200,000","111,529,000","-12,000,000","-11,500,000","-10,500,000","-11,200,000","-2,600,000",,
	SellingGeneralAndAdministration,"69,554,000","15,306,000","14,152,000","15,879,000","24,217,000","15,596,000","11,439,000","13,606,000","21,763,000","11,766,000","13,720,000","13,420,000","21,983,000","12,777,000","8,959,000","13,459,000","21,023,000","13,779,000","10,075,000","11,858,000","19,232,000","13,173,000","12,534,000","11,584,000","18,098,000","10,983,000","11,340,000","19,238,000","17,004,000","13,730,000","10,573,000","10,365,000","14,694,000","9,448,000","10,373,000","9,707,000","13,145,000","14,057,000","8,934,000","11,594,000","11,839,000","13,876,000","9,493,000","8,541,000","11,197,000","19,361,000","8,476,000","9,151,000","13,544,000","13,224,000","11,233,000","-13,600,000","9,880,000","10,008,000","10,448,000","6,888,000","12,162,000","9,768,000","3,847,000","10,606,000","13,467,000","8,119,000","6,804,000","6,965,000","13,947,000","8,774,000","5,250,000","6,280,000","7,581,000","5,460,000","6,892,000","5,718,000","8,323,000","5,898,000","4,892,000","5,081,000","6,272,000","4,087,000","6,804,000","7,224,000","7,237,000","5,407,000","1,437,000","4,688,000","4,027,000","5,645,000","5,825,000","4,510,000","5,164,000","-8,144,000","10,500,000","6,800,000","7,300,000","-6,527,000","6,000,000","3,800,000","2,900,000","-5,170,000","4,000,000","2,500,000","2,300,000","-6,481,000","3,300,000","3,600,000","900,000","-5,531,000","2,800,000","2,500,000","2,400,000","-6,555,000","3,500,000","2,600,000","3,400,000","3,000,000","100,000",,
		GeneralAndAdministrativeExpense,"69,554,000","15,306,000","14,152,000","15,879,000","24,217,000","15,596,000","11,439,000","13,606,000","21,763,000","11,766,000","13,720,000","13,420,000","21,983,000","12,777,000","8,959,000","13,459,000","21,023,000","13,779,000","10,075,000","11,858,000","19,232,000","13,173,000","12,534,000","11,584,000","18,098,000","10,983,000","11,340,000","19,238,000","17,004,000","13,730,000","10,573,000","10,365,000","14,694,000","9,448,000","10,373,000","9,707,000","13,145,000","14,057,000",,,,,,,,,,,,,,,,,"10,448,000","6,888,000","12,162,000","9,768,000","3,847,000","10,606,000","13,467,000","8,119,000","6,804,000","6,965,000","13,947,000","8,774,000","5,250,000","6,280,000","7,581,000","5,460,000","6,892,000","5,718,000","8,323,000","5,898,000","4,892,000","5,081,000","6,272,000","4,087,000","6,804,000","7,224,000","7,237,000","5,407,000","1,437,000","4,688,000","4,027,000","5,645,000","5,825,000","4,510,000","5,164,000",,"10,500,000","6,800,000","7,300,000","-6,527,000","6,000,000","3,800,000","2,900,000","-5,170,000","4,000,000","2,500,000","2,300,000","-6,481,000","3,300,000","3,600,000","900,000","-5,531,000","2,800,000","2,500,000","2,400,000","-6,555,000","3,500,000","2,600,000","3,400,000","3,000,000","100,000",,
			SalariesAndWages,,,,,,,,,,,,,,,,,,,,,,,,,,,,,,,,,,,,,,,,,,,,,,,,,,,,,,,,,"12,162,000","9,768,000","3,847,000","10,606,000","13,467,000","8,119,000","6,804,000","6,965,000","13,947,000","8,774,000","5,250,000","6,280,000","7,581,000","5,460,000","6,892,000","5,718,000","8,323,000","5,898,000","4,892,000","5,081,000","6,272,000","4,087,000","6,804,000","7,224,000","7,237,000","5,407,000","1,437,000","4,688,000","4,027,000","5,645,000","5,825,000","4,510,000","5,164,000",,"10,500,000","6,800,000","7,300,000","5,900,000","6,000,000","3,800,000","2,900,000","5,600,000","4,000,000","2,500,000","2,300,000","-2,000,000","3,300,000","3,600,000","900,000","2,700,000","2,800,000","2,500,000","2,400,000","2,200,000","3,500,000","2,600,000","3,400,000","3,000,000","100,000",,
			RentAndLandingFees,,,,,,,,,,,,,,,,,,,,,,,,,,,,,,,,,,,,,,,,,,,,,,,,,,,,,,,"76,881,000","73,735,000",,,,,,,,,,,,,,,,,,,,,,,,,,,,,,,,,,,,,,,,,,,,,,,,,,,,,,,,,,,,,
			OtherGandA,"69,554,000","15,306,000","14,152,000","15,879,000","24,217,000","15,596,000","11,439,000","13,606,000","21,763,000","11,766,000","13,720,000","13,420,000","21,983,000","12,777,000","8,959,000","13,459,000","21,023,000","13,779,000","10,075,000","11,858,000","19,232,000","13,173,000","12,534,000","11,584,000","18,098,000","10,983,000","11,340,000","19,238,000","17,004,000","13,730,000","10,573,000","10,365,000","14,694,000","9,448,000","10,373,000","9,707,000","13,145,000","14,057,000",,,,,,,,,,,,,,,,,"-66,433,000","-66,847,000",,,,,,,,,,,,,,,,,,,,,,,,,,,,,,,,,,,,,,,,,,,,,,,,,,,,,,,,,,,,,
	DepreciationAmortizationDepletionIncomeStatement,"362,148,000","88,813,000","88,033,000","91,729,000","93,573,000","92,354,000","88,596,000","86,704,000","85,359,000","84,303,000","83,924,000","83,004,000","75,992,000","80,001,000","78,855,000","75,832,000","77,529,000","76,533,000","67,992,000","67,013,000","81,557,000","79,171,000","80,688,000","80,161,000","77,798,000","77,194,000","79,898,000","78,334,000","81,903,000","93,712,000","95,000,000","97,641,000","98,059,000","96,659,000","103,594,000","98,545,000","97,115,000","96,829,000","95,117,000","92,721,000","91,613,000","39,699,000","96,909,000","100,058,000","94,740,000","87,316,000","97,323,000","81,681,000","83,461,000","593,300,000","-87,647,000","86,745,000","-80,016,000","83,217,000","75,144,000","76,382,000","78,713,000","68,769,000","71,981,000","65,943,000","67,739,000","57,030,000","63,892,000","64,333,000","60,147,000","56,831,000","61,245,000","63,789,000","62,876,000","60,540,000","61,447,000","51,264,000","52,318,000","51,329,000","48,159,000","46,545,000","47,654,000","44,338,000","45,074,000","42,991,000","42,397,000","43,123,000","38,282,000","37,995,000","40,314,000","38,459,000","41,884,000","39,766,000","39,779,000",,,,,,,,,,,,,,,,,,,,,,,,,,,,
		DepreciationAndAmortizationInIncomeStatement,"362,148,000","88,813,000","88,033,000","91,729,000","93,573,000","92,354,000","88,596,000","86,704,000","85,359,000","84,303,000","83,924,000","83,004,000","75,992,000","80,001,000","78,855,000","75,832,000","77,529,000","76,533,000","67,992,000","67,013,000","81,557,000","79,171,000","80,688,000","80,161,000","77,798,000","77,194,000","79,898,000","78,334,000","81,903,000","93,712,000","95,000,000","97,641,000","98,059,000","96,659,000","103,594,000","98,545,000","97,115,000","96,829,000","95,117,000","92,721,000","91,613,000","39,699,000","96,909,000","100,058,000","94,740,000","87,316,000","97,323,000","81,681,000","83,461,000","593,300,000","-87,647,000","86,745,000","-80,016,000","83,217,000","75,144,000","76,382,000","78,713,000","68,769,000","71,981,000","65,943,000","67,739,000","57,030,000","63,892,000","64,333,000","60,147,000","56,831,000","61,245,000","63,789,000","62,876,000","60,540,000","61,447,000","51,264,000","52,318,000","51,329,000","48,159,000","46,545,000","47,654,000","44,338,000","45,074,000","42,991,000","42,397,000","43,123,000","38,282,000","37,995,000","40,314,000","38,459,000","41,884,000","39,766,000","39,779,000",,,,,,,,,,,,,,,,,,,,,,,,,,,,
	OtherTaxes,,,,,,,,,,,,,,,,,,,,,,,,,,,,,,,,,,,,,,,,,,,,,,,,,,,,,,,,,"-180,809,000",,"-158,383,000","-151,754,000",,,,,"-149,346,000",,"-140,699,000",,,,"-143,066,000",,,"-125,644,000","-115,824,000","-113,379,000",,,,"-107,394,000","-113,956,000",,,"-105,313,000",,,"-110,385,000","-105,820,000",,"-96,800,000","-90,400,000","-59,000,000","-60,900,000","-52,600,000","-50,200,000","-46,700,000","-42,200,000","-39,300,000","-31,800,000","-29,300,000","-28,300,000","-27,200,000","-22,400,000","-24,000,000","-21,500,000","-19,800,000","-18,200,000","-15,900,000","-15,600,000","-14,900,000","-15,500,000","-14,100,000","-13,900,000","-14,200,000","-2,700,000",,
	OtherOperatingExpenses,"16,909,000","3,817,000","4,624,000","4,365,000","4,103,000","5,454,000","5,830,000","5,580,000","3,637,000","6,479,000","1,997,000","4,965,000","4,279,000","1,001,000","668,000","1,137,000","786,000","328,000","770,000","718,000","738,000","368,000","1,424,000","836,000","1,237,000","1,368,000","1,467,000","1,555,000","1,557,000","-48,000","56,000","129,000","92,000","-620,000","47,000","35,000","68,000","42,000","130,000","196,000","265,000","1,066,000","60,000","26,000","85,000","14,671,000","125,000","-6,844,000","-6,721,000","18,113,000","-2,364,000","2,462,000","-357,000",,"73,761,000","79,593,000","274,468,000","-354,720,000","243,383,000","266,166,000","129,370,000","-282,808,000","195,147,000","121,018,000","164,093,000","-356,864,000","211,170,000","64,323,000","113,144,000","-288,904,000","251,956,000","56,797,000","104,439,000","223,861,000","210,066,000","209,890,000","101,127,000","88,666,000","90,302,000","192,491,000","205,998,000","81,887,000","87,246,000","196,186,000","91,272,000","-229,673,000","209,326,000","203,489,000","88,732,000",,,,,,,,,,,,,,,,,,,,,,,,,,,,
OperatingIncome,"343,832,000","94,648,000","94,778,000","85,770,000","68,636,000","77,702,000","74,301,000","67,895,000","53,472,000","64,651,000","67,151,000","62,476,000","56,979,000","62,943,000","60,467,000","56,912,000","43,268,000","44,589,000","47,531,000","46,041,000","60,419,000","57,594,000","56,974,000","56,078,000","47,996,000","55,341,000","54,299,000","47,191,000","53,045,000","62,287,000","61,726,000","59,136,000","50,320,000","42,888,000","44,946,000","51,220,000","47,799,000","40,157,000","42,654,000","43,359,000","38,749,000","14,138,000","50,522,000","50,676,000","53,307,000","17,630,000","56,028,000","62,444,000","54,233,000","-474,375,000","227,413,000","79,385,000","224,944,000","59,764,000","86,582,000","79,369,000","58,143,000","68,131,000","62,659,000","28,732,000","19,292,000","426,710,000","-31,624,000","28,361,000","76,831,000","48,204,000","62,920,000","94,522,000","34,330,000","46,253,000","35,176,000","88,692,000","37,705,000","50,484,000","49,522,000","45,926,000","39,380,000","47,855,000","51,797,000","60,446,000","62,521,000","61,831,000","72,910,000","71,839,000","70,677,000","62,962,000","61,013,000","61,504,000","55,124,000","-404,291,000","259,400,000","170,700,000","170,800,000","-274,611,000","143,000,000","133,700,000","124,700,000","-169,837,000","92,100,000","83,800,000","81,400,000","-133,025,000","65,800,000","65,100,000","61,800,000","-97,823,000","49,900,000","44,800,000","43,000,000","-85,998,000","42,300,000","37,800,000","36,200,000","38,200,000","6,900,000","19,900,000","19,900,000"
NetNonOperatingInterestIncomeExpense,"-80,392,000","-20,379,000","-18,570,000","-19,399,000","-22,044,000","-23,970,000","-23,027,000","-22,625,000","-22,099,000","-18,946,000","-20,519,000","-20,976,000","-19,374,000","-18,954,000","-17,333,000","-15,948,000","-15,537,000","-16,078,000","-14,431,000","-19,420,000","-29,972,000","-31,618,000","-34,099,000","-36,617,000","-35,207,000","-37,387,000","-40,272,000","-41,601,000","-49,272,000","-55,824,000","-52,987,000","-54,643,000","-54,906,000","-52,222,000","-57,955,000","-58,375,000","-59,922,000","-61,427,000","-61,389,000","-61,122,000","-60,940,000","-23,669,000","-66,703,000","-66,562,000","-65,995,000","-56,582,000","-63,900,000","-60,433,000","-58,870,000","-57,264,000","-57,719,000","-52,025,000","-51,945,000","-56,573,000","-46,456,000","-45,248,000",,,,,,,,,,,,,,,,,,,,,,,,,,,,,,,,,,,,,,,,,,,,,,,,,,,,,,,,,,,,,
	InterestIncomeNonOperating,"4,451,000","882,000","1,433,000","1,673,000","463,000","78,000","32,000","216,000","1,395,000","2,564,000","2,085,000","2,534,000","2,758,000","3,915,000","4,129,000","4,727,000","4,463,000","5,524,000","6,404,000","2,260,000","533,000","438,000","507,000","567,000","2,523,000","1,611,000","1,343,000","1,375,000","338,000","310,000","356,000","229,000","351,000","668,000","145,000","921,000","153,000","120,000","150,000","98,000","146,000","115,000","172,000","284,000","87,000","30,000","149,000","204,000","151,000",,,,"123,000","-5,082,000","2,804,000","1,786,000",,,,,,,,,,,,,,,,,,,,,,,,,,,,,,,,,,,,,,,,,,,,,,,,,,,,,,,,,,,,,
	InterestExpenseNonOperating,"84,843,000","21,261,000","20,003,000","21,072,000","22,507,000","24,048,000","23,059,000","22,841,000","23,494,000","21,510,000","22,604,000","23,510,000","22,132,000","22,869,000","21,462,000","20,675,000","20,000,000","21,602,000","20,835,000","21,680,000","30,505,000","32,056,000","34,606,000","37,184,000","37,730,000","38,998,000","41,615,000","42,976,000","49,610,000","56,134,000","53,343,000","54,872,000","55,257,000","52,890,000","58,100,000","59,296,000","60,075,000","61,547,000","61,539,000","61,220,000","61,086,000","23,784,000","66,875,000","66,846,000","66,082,000","56,612,000","64,049,000","60,637,000","59,021,000","58,493,000","57,719,000","52,025,000","52,068,000","51,491,000","49,260,000","47,034,000",,,,,,,,,,,,,,,,,,,,,,,,,,,,,,,,,,,,,,,,,,,,,,,,,,,,,,,,,,,,,
OtherIncomeExpense,"616,727,000","33,036,000","429,938,000","114,957,000","38,796,000","112,686,000","20,246,000","-5,223,000","-11,821,000","43,959,000","181,251,000","36,685,000","7,548,000","19,135,000","9,271,000","151,850,000","56,122,000","25,912,000","9,268,000","97,999,000","42,466,000","21,007,000","89,229,000","90,186,000","31,159,000","-744,000","59,808,000","50,117,000","35,127,000","2,529,000","61,237,000","129,766,000","16,188,000","56,130,000","504,000","-6,700,000","47,991,000","-3,135,000","-411,000","-2,811,000","-1,646,000","-14,193,000","-934,000","-841,000","66,031,000","53,046,000","53,127,000","-26,289,000","-2,605,000","28,895,000","-300,604,000","20,266,000","32,886,000","-16,596,000","3,646,000","2,665,000","415,000","9,144,000","683,000","1,145,000","12,591,000",,"550,000","-1,566,000","315,000","1,639,000","-1,012,000","-166,000","-2,289,000","-2,672,000","-76,000","-71,000","4,626,000","2,639,000","1,814,000","1,735,000","8,852,000","-8,844,000","4,702,000","3,001,000","1,323,000","2,233,000","29,597,000","-282,000","11,578,000","34,905,000","4,348,000","3,277,000","14,564,000",,,,,,,,,,,,,,,,,,,,,,,,,,,,
	GainOnSaleOfSecurity,"598,602,000","30,056,000","440,865,000","105,083,000","22,598,000","109,702,000","13,314,000","6,070,000","9,072,000","31,454,000","177,515,000","32,542,000","587,000","13,360,000","3,808,000","150,319,000","47,835,000","21,125,000","27,617,000","35,620,000","38,551,000","31,931,000","84,299,000","40,021,000","15,707,000","38,507,000","72,918,000","124,422,000","28,909,000","31,124,000","48,537,000","72,349,000","13,881,000","62,476,000","1,257,000","-1,591,000","-2,030,000","-2,124,000",,,,,,,,,,,"-354,000",,,,,,,,"1,226,000",,"2,915,000","9,224,000",,,,,"1,890,000",,,,,,,,,,,,,,,,,,,,,,,,,,,,,,,,,,,,,,,,,,,,,,,,,,,,
	EarningsFromEquityInterest,"32,804,000","2,980,000","2,966,000","10,590,000","16,268,000","2,986,000","4,023,000","2,396,000","2,539,000","18,812,000","3,736,000","4,143,000","4,715,000","5,923,000","5,552,000","1,682,000","8,287,000","4,787,000","1,841,000","71,940,000","4,749,000","9,999,000","14,222,000","27,621,000","21,860,000","-19,585,000","-5,088,000","15,123,000","6,246,000","11,992,000","19,178,000","60,826,000","2,321,000","3,674,000","-27,000","1,091,000","49,378,000","618,000","2,280,000","267,000","1,509,000","-1,325,000","3,104,000","1,713,000","1,073,000",,,,,,,,,,,,,,,,,,,,,,,,,,,,,,,,,,,,,,,,,,,,,,,,,,,,,,,,,,,,,,,,,,,,,,,,
	SpecialIncomeCharges,"-14,679,000","0","-13,893,000","-716,000","-70,000","-2,000","2,909,000","-13,689,000","-23,432,000","-6,307,000","0","0","2,246,000","-148,000","-89,000","-151,000","0","0","-20,190,000","-9,561,000","-834,000","-20,923,000","-9,292,000","22,544,000","-6,408,000","-19,666,000","-8,022,000","-89,428,000","-28,000","-40,587,000","-6,478,000","-3,409,000","-14,000","-10,020,000","-726,000","-6,200,000","643,000","4,732,000","-2,691,000","-3,078,000","-3,155,000","-12,868,000","-4,038,000","-2,554,000","64,958,000","45,066,000","53,127,000","-26,289,000","-2,605,000","28,895,000","-300,604,000","20,266,000","32,886,000","-16,596,000","3,646,000","2,665,000","-811,000","38,144,000","-2,232,000","-8,079,000","12,591,000",,"550,000","-1,566,000","-1,575,000","1,639,000","-1,012,000","-166,000","-2,289,000","-2,672,000","-76,000","-71,000","4,626,000","2,639,000","1,814,000","1,735,000","8,852,000","-8,844,000","4,702,000","3,001,000","1,323,000","2,233,000","29,597,000","-282,000","11,578,000","34,905,000","4,348,000","3,277,000","14,564,000",,,,,,,,,,,,,,,,,,,,,,,,,,,,
		RestructuringAndMergernAcquisition,,,,,,,,,,,,,,,,,,"0","0","0","0","-7,258,000","7,000","72,000","3,000","1,506,000","5,660,000","1,305,000","28,000","228,000","110,000","747,000","14,000","587,000","726,000","2,423,000","-643,000","1,629,000","954,000",,,,,"594,000","589,000",,,,,,,,,,,,,,,,,,,,,,,,,,,,,,,,,,,,,,,,,,,,,,,,,,,,,,,,,,,,,,,,,,,,,,,,
		ImpairmentOfCapitalAssets,,,"0","0","0","0","0","0","5,626,000",,,,,"0","0",,"0","0","3,622,000","0","859,000","2,920,000","3,042,000","5,651,000","6,405,000","15,036,000","2,426,000","5,470,000",,"40,215,000","6,368,000","2,523,000",,"0","0","3,777,000",,"0",,,,"12,931,000","0","0","2,309,000","-7,152,000","4,219,000","10,516,000","2,251,000","-7,472,000","287,769,000","-19,811,000","2,703,000",,,,,,,,,,,,,,,,,,,,,,,,,,,,,,,,,,,,,,,,,,,,,,,,,,,,,,,,,,,,,,,,
		OtherSpecialCharges,"14,679,000","0","13,893,000","716,000","70,000","2,000","-2,909,000","13,689,000","17,806,000","6,307,000",,,"-2,246,000","148,000","89,000","151,000",,"0","16,568,000","9,561,000","-25,000","25,261,000","6,243,000","2,430,000",,"3,124,000","-64,000","82,653,000",,"144,000",,"139,000",,"9,433,000",,,,,"2,140,000","2,168,000","2,298,000","1,913,000","2,259,000","2,453,000","2,309,000","57,568,000","-57,346,000","15,773,000","354,000","-21,486,000","12,835,000","-1,454,000","-35,589,000",,,,,,,,,,,,,,,,,,,,,,,,,,,,,,,,,,,,,,,,,,,,,,,,,,,,,,,,,,,,,,,,
		GainOnSaleOfBusiness,,,,,,,,,,,,,,,,,,"0","0","0",,"0",,"30,697,000",,,,,,,,,,,,,,,,"-1,029,000","-580,000","337,000","-342,000","-594,000","-589,000",,,"0",,"-63,000","0","-999,000",,,,,,,,,,,,,,,,,,,,,,,,,,,,,,,,,,,,,,,,,,,,,,,,,,,,,,,,,,,,,,,,,
		GainOnSaleOfPPE,,,,,,,,,,,,,,,,,,,,,,,,,,,,,,,,,,,,,,,"403,000","119,000","-277,000","1,639,000","-1,437,000","493,000","67,856,000",,,,,,,,,,,,,,,,,,,,,,,,,,,,,,,,,,,,,,,,,,,,,,,,,,,,,,,,,,,,,,,,,,,,,,,,
	OtherNonOperatingIncomeExpenses,,,,,,"0","3,029,000","1,283,000",,"0",,,"2,259,000",,,,,,,,,,,,,,,,,,,,,,,,,,,,,,,,,,,,,,,,,,,,,,,,,,,,,,,,,,,,,,,,,,,,,,,,,,,,,,,,,,,,,,,,,,,,,,,,,,,,,,,,
PretaxIncome,"880,167,000","107,305,000","506,146,000","181,328,000","85,388,000","166,418,000","71,520,000","40,047,000","19,552,000","89,664,000","227,883,000","78,185,000","45,153,000","63,124,000","52,405,000","192,814,000","83,853,000","54,423,000","42,368,000","124,620,000","72,913,000","46,983,000","112,104,000","109,647,000","43,948,000","17,210,000","73,835,000","55,707,000","38,900,000","8,992,000","69,976,000","134,259,000","11,602,000","46,796,000","-12,505,000","-13,855,000","35,868,000","-24,405,000","-19,146,000","-20,574,000","-23,837,000","-23,724,000","-17,115,000","-16,727,000","53,343,000","14,094,000","45,255,000","-24,278,000","-7,242,000","5,906,000","-306,204,000",,,,,,,,,,,,,,,,,,,,,,,,,,,,,,,,,,,,,,,,,,,,,,,,,,,,,,,,,,,,,,,,,,
TaxProvision,"18,549,000","3,312,000","6,381,000","3,672,000","5,184,000","-3,946,000","-956,000","-150,000","-60,000","2,221,000","-536,000","6,616,000","385,000","-667,000","-897,000","63,000","10,329,000","-8,275,000","359,000","5,426,000","2,132,000","-416,000","-359,000","-157,000","343,000","181,000","-3,305,000","-2,288,000","1,484,000","-3,439,000","-442,000","364,000","2,674,000","-580,000","-4,500,000",,,"0","-103,000",,,"0","-194,000",,,"0","-1,126,000","0","0","-8,123,000","7,947,000",,,,,,,,,,,,,,,,,,,,,,,,,,,,,,,,,,,,,,,,,,,,,,,,,,,,,,,,,,,,,,,,,,
NetIncomeCommonStockholders,"851,539,000","102,576,000","494,519,000","175,452,000","78,991,000","168,433,000","71,471,000","39,464,000","19,100,000","86,440,000","226,216,000","70,665,000","44,163,000","63,470,000","52,631,000","193,427,000","72,526,000","185,965,000","164,825,000","1,210,003,000","69,658,000","47,150,000","111,434,000","108,485,000","42,723,000","22,974,000","75,841,000","448,791,000","64,624,000","-3,658,000","60,882,000","127,042,000","18,038,000","68,920,000","-6,717,000","60,806,000","27,355,000","-36,118,000","-28,230,000","-28,482,000","-36,390,000","44,965,000","-32,076,000","-29,042,000","47,569,000","9,483,000","34,064,000","-42,391,000","-15,264,000","-3,433,000","-322,882,000","-32,406,000","23,247,000","21,717,000","13,054,000","17,797,000","4,048,000","58,666,000","53,387,000","37,076,000","68,563,000","50,196,000","61,734,000","21,717,000","11,448,000","30,055,000","213,348,000","40,299,000","25,481,000","41,150,000","42,527,000","34,716,000","32,886,000","49,711,000","40,185,000","34,538,000","37,477,000","28,294,000","39,172,000","48,528,000","45,278,000","44,420,000","77,102,000","49,675,000","58,770,000","73,425,000","45,149,000","45,525,000","48,859,000","41,236,000","41,400,000","29,600,000","27,400,000","23,271,000","23,500,000","21,900,000","22,300,000","19,399,000","16,900,000","14,700,000","15,000,000","13,672,000","15,300,000","12,300,000","11,600,000","10,019,000","9,300,000","8,300,000","7,400,000","7,116,000","7,700,000","5,800,000","5,600,000","6,000,000","-400,000","5,600,000","5,600,000"
	NetIncome,"852,895,000","102,899,000","494,817,000","175,817,000","79,362,000","168,816,000","71,823,000","39,820,000","19,456,000","86,802,000","226,566,000","71,053,000","44,551,000","63,896,000","53,025,000","193,845,000","72,963,000","188,419,000","165,269,000","1,210,543,000","70,200,000","47,755,000","112,014,000","109,067,000","43,307,000","24,252,000","76,434,000","449,380,000","65,244,000","12,816,000","70,801,000","134,734,000","25,237,000","76,929,000","1,289,000","68,849,000","43,525,000","-21,961,000","-17,149,000","-17,400,000","-17,467,000","58,971,000","-14,044,000","-13,068,000","63,706,000","25,793,000","56,442,000","-19,536,000","3,099,000","14,929,000","-304,519,000","-14,043,000","41,610,000","26,059,000","31,920,000","36,663,000","19,354,000","74,762,000","68,614,000","52,302,000","83,789,000","65,422,000","76,960,000","34,972,000","26,793,000","41,675,000","224,967,000","51,919,000","37,101,000","50,606,000","50,847,000","43,148,000","44,100,000","60,113,000","49,600,000","43,290,000","46,229,000","37,379,000","50,925,000","60,635,000","57,386,000","56,528,000","90,349,000","63,490,000","72,042,000","85,662,000","57,392,000","57,774,000","61,111,000","53,440,000","53,700,000","38,900,000","36,200,000","29,004,000","28,200,000","26,600,000","27,000,000","24,084,000","21,300,000","16,400,000","16,700,000","16,231,000","15,300,000","12,300,000","11,600,000","10,019,000","9,300,000","8,300,000","7,400,000","7,116,000","7,700,000","5,800,000","5,600,000","6,000,000","-400,000","5,600,000","5,600,000"
		NetIncomeIncludingNoncontrollingInterests,"861,618,000","103,993,000","499,765,000","177,656,000","80,204,000","170,364,000","72,516,000","40,220,000","19,660,000","87,522,000","228,531,000","71,668,000","44,923,000","64,426,000","53,523,000","195,671,000","73,648,000","190,166,000","165,627,000","1,227,767,000","70,781,000","48,180,000","113,159,000","110,183,000","43,756,000","24,519,000","77,208,000","454,165,000","65,969,000","12,800,000","71,557,000","136,527,000","25,571,000","81,257,000","1,337,000","69,832,000","44,123,000","-22,481,000","-17,549,000","-17,728,000","-18,110,000","60,247,000","-14,869,000","-13,858,000","64,789,000","25,819,000","57,435,000","-20,640,000","2,648,000","15,172,000","-314,151,000","-15,098,000","42,587,000","26,059,000","31,920,000","36,663,000","19,568,000","80,833,000","69,730,000","53,568,000","85,195,000","69,814,000","79,392,000","36,812,000","28,148,000","44,276,000","228,184,000","55,428,000","39,454,000","54,307,000","54,050,000","47,723,000","47,384,000","62,062,000","55,316,000","48,866,000","51,527,000","41,794,000","57,430,000","68,097,000","65,469,000","64,783,000","104,094,000","71,022,000","83,690,000","99,200,000","66,991,000","64,962,000","71,308,000","96,305,000","44,400,000","35,300,000","32,200,000","52,697,000","24,400,000","23,400,000","23,800,000","38,729,000","19,300,000","14,400,000","14,900,000","30,501,000","13,100,000","10,600,000","11,400,000","23,560,000","7,000,000","6,100,000","5,700,000","21,056,000","5,700,000","3,800,000","3,400,000","4,000,000","-400,000","5,600,000","5,600,000"
			NetIncomeContinuousOperations,"861,618,000","103,993,000","499,765,000","177,656,000","80,204,000","170,364,000","72,476,000","40,197,000","19,612,000","87,443,000","228,419,000","71,569,000","44,768,000","63,791,000","53,302,000","192,751,000","73,524,000","62,698,000","42,009,000","119,194,000","70,781,000","47,399,000","112,463,000","109,804,000","43,605,000","17,029,000","77,140,000","57,995,000","37,416,000","12,431,000","70,418,000","133,895,000","8,928,000","47,376,000","-8,005,000","-13,855,000","35,868,000","-24,405,000","-19,043,000","-20,574,000","-23,837,000","-23,724,000","-16,921,000","-16,727,000","53,343,000","14,094,000","46,381,000","-24,278,000","-7,242,000","14,029,000","-314,151,000","-14,272,000","37,255,000","21,366,000","30,850,000","27,907,000","18,474,000","63,471,000","29,689,000","32,443,000","34,301,000","60,713,000","37,199,000","29,027,000","26,744,000","38,538,000","28,502,000","46,715,000","33,361,000","44,469,000","36,323,000","42,596,000","40,555,000","52,084,000","46,429,000","42,967,000","43,925,000","35,341,000","50,925,000","57,318,000","56,186,000","44,420,000","77,102,000","49,675,000","58,770,000","73,425,000","45,149,000","45,525,000","48,859,000","10,836,000","53,700,000","38,900,000","36,200,000","9,171,000","28,200,000","26,600,000","27,000,000","11,599,000","21,300,000","16,400,000","16,700,000","14,572,000","14,400,000","12,300,000","11,600,000","10,019,000","9,300,000","8,300,000","7,400,000","7,116,000","7,700,000","5,800,000","5,600,000","6,000,000","-400,000","5,600,000","5,600,000"
			NetIncomeDiscontinuousOperations,,,"0","0","0","0","40,000","23,000","48,000","79,000","112,000","99,000","155,000","635,000","221,000","2,920,000","124,000","127,468,000","123,618,000","1,108,573,000","0","781,000","696,000","379,000","151,000","7,490,000","68,000","396,170,000","28,553,000","369,000","1,139,000","2,632,000","16,643,000","33,881,000","9,342,000","83,687,000","8,255,000","1,924,000","1,494,000","2,846,000","5,727,000","83,971,000","2,052,000","2,869,000","11,446,000","11,725,000","11,054,000","3,638,000","9,890,000","1,143,000","0","-826,000","5,332,000","4,693,000","1,070,000","8,756,000","880,000","11,291,000","38,925,000","19,859,000","49,488,000","4,709,000","39,761,000","5,945,000","49,000","3,137,000","196,465,000","5,204,000","3,740,000","6,137,000","14,524,000","552,000","3,545,000","8,029,000","3,171,000","323,000","2,304,000","2,038,000","0","3,317,000","1,200,000",,,,,,,,,,,,,,,,,,,,,,,,,,,,,,,,,,,,
			NetIncomeFromTaxLossCarryforward,,,,,,,,,,,,,,,,,,,,,,,,,,,,,,,,,,,,,,,,,,,,,,,,,,,,,,,,,,,,,,,,,,,,,,,,,,,,,,,,,,,,,,,,,,,,,,,,,,,,,,,"900,000",,,,,,,,,,,,,,
		MinorityInterests,"-8,723,000","-1,094,000","-4,948,000","-1,839,000","-842,000","-1,548,000","-693,000","-400,000","-204,000","-720,000","-1,965,000","-615,000","-372,000","-530,000","-498,000","-1,826,000","-685,000","-1,747,000","-358,000","-17,224,000","-581,000","-425,000","-1,145,000","-1,116,000","-449,000","-267,000","-774,000","-4,785,000","-725,000","16,000","-756,000","-1,793,000","-334,000","-4,328,000","-48,000","-983,000","-598,000","520,000","400,000","328,000","643,000","-1,276,000","825,000","790,000","-1,083,000","-26,000","-993,000","1,104,000","451,000","-243,000","9,632,000","1,055,000","-977,000",,,,"-214,000","-6,071,000","-1,116,000","-1,266,000","-1,406,000","-4,392,000","-2,432,000","-1,840,000","-1,355,000","-2,601,000","-3,217,000","-3,509,000","-2,353,000","-3,701,000","-3,203,000","-4,575,000","-3,284,000","-1,949,000","-5,716,000","-5,576,000","-5,298,000","-4,415,000","-6,505,000","-7,462,000","-8,083,000","-8,255,000","-13,745,000","-7,532,000","-11,648,000","-13,538,000","-9,599,000","-7,188,000","-10,197,000","-42,865,000","9,300,000","3,600,000","4,000,000","-23,693,000","3,800,000","3,200,000","3,200,000","-14,645,000","2,000,000","2,000,000","1,800,000","-14,270,000","2,200,000","1,700,000","200,000","-13,541,000","2,300,000","2,200,000","1,700,000","-13,940,000","2,000,000","2,000,000","2,200,000",,,,
	PreferredStockDividends,,,,,,,,,,,,,,,,,,,,,,,,,,,,,,"4,788,000","6,072,000","7,046,000","7,037,000","7,355,000","7,356,000","7,355,000","9,550,000","11,082,000","11,081,000","11,082,000","13,193,000","14,006,000","14,399,000","15,974,000","15,974,000","5,872,000","22,378,000","18,363,000","18,363,000","18,362,000","18,363,000","18,363,000","18,363,000","18,388,000","18,866,000","18,866,000","15,306,000","12,613,000","15,227,000","15,226,000","15,226,000","15,226,000","15,226,000","13,255,000","12,712,000","11,620,000","11,619,000","11,620,000","11,620,000","9,456,000","8,320,000","8,401,000","7,600,000","10,402,000","9,415,000","8,752,000","8,752,000","9,085,000","11,753,000","12,107,000","12,108,000","12,108,000","13,247,000","13,815,000","13,272,000","12,237,000","12,243,000","12,249,000","12,252,000","12,204,000","12,300,000","9,300,000","8,800,000","5,733,000","4,700,000","4,700,000","4,700,000","4,685,000","4,400,000","1,700,000","1,700,000",,,,,,,,,,,,,,,,
	OtherunderPreferredStockDividend,"1,356,000","323,000","298,000","365,000","371,000","383,000","352,000","356,000","356,000","362,000","350,000","388,000","388,000","426,000","394,000","418,000","437,000","2,454,000","444,000","540,000","542,000","605,000","580,000","582,000","584,000","1,278,000","593,000","589,000","620,000","11,686,000","3,847,000","646,000","162,000","654,000","650,000","688,000","6,620,000","3,075,000",,,"5,730,000","0","3,633,000",,"163,000",,,"4,492,000",,,,,,,,,,,,,,"0",,,"2,633,000",,,,,"0",,"31,000","3,614,000",,,,,,,,,,,,,,,,,,,,,,,,,,,,,,,,,,,,,,,,,,,,
AverageDilutionEarnings,"9,710,000","1,330,000","5,146,000","2,103,000","761,000","1,499,000","638,000","356,000","170,000","-2,609,000","2,318,000","621,000","382,000","952,000","495,000","2,242,000","683,000","4,203,000","1,979,000","11,780,000","957,000","1,024,000","1,711,000","1,683,000","438,000","1,470,000","1,344,000","4,762,000","699,000","-111,000","795,000","1,693,000","250,000","952,000","0","842,000","392,000","0",,,,,,,,,,,,,,,,,,,,,,,,,,,,,,,,,,,,,,,,,,,,,,,,,,,,,,,,,,,,,,,,,,,,,,,,,,,,,,,
DilutedNIAvailtoComStockholders,"861,249,000","103,906,000","499,665,000","177,555,000","79,752,000","169,932,000","72,109,000","39,820,000","19,270,000","83,831,000","228,534,000","71,286,000","44,545,000","64,422,000","53,126,000","195,669,000","73,209,000","190,168,000","166,804,000","1,221,783,000","70,615,000","48,174,000","113,145,000","110,168,000","43,161,000","24,444,000","77,185,000","453,553,000","65,323,000","-3,769,000","61,677,000","128,735,000","18,288,000","69,872,000","-6,717,000","61,648,000","27,747,000","-36,118,000","-28,230,000","-28,482,000","-36,390,000","44,965,000","-32,076,000","-29,042,000","47,569,000","9,483,000","34,064,000","-42,391,000","-15,264,000","-3,433,000","-322,882,000","-32,406,000","23,247,000","21,717,000","13,054,000","17,797,000","4,048,000","58,666,000","53,387,000","37,076,000","68,563,000","50,196,000","61,734,000","21,717,000","11,448,000","30,055,000","213,348,000","40,299,000","25,481,000","41,150,000","42,527,000","34,716,000","32,886,000","49,711,000","40,185,000","34,538,000","37,477,000","28,294,000","39,172,000","48,528,000","45,278,000","44,420,000","77,102,000","49,675,000","58,770,000","73,425,000","45,149,000","45,525,000","48,859,000","41,236,000","41,400,000","29,600,000","27,400,000","23,271,000","23,500,000","21,900,000","22,300,000","19,399,000","16,900,000","14,700,000","15,000,000","13,672,000","15,300,000","12,300,000","11,600,000","10,019,000","9,300,000","8,300,000","7,400,000","7,116,000","7,700,000","5,800,000","5,600,000","6,000,000","-400,000","5,600,000","5,600,000"
BasicEPS,,,"1.3","0.47","0.21",,"0.19","0.11","0.05",,"0.62","0.2","0.12","0.18","0.15","0.54","0.2",,"0.46","3.4","0.2",,"0.32","0.31","0.12",,"0.22","1.3","0.19",,"0.18","0.38","0.06","0.21","-0.02","0.19","0.09","-0.12","-0.11","-0.11","-0.14","0.17","-0.13","-0.12","0.19",,"0.13","-0.19","-0.07",,"-1.44","-0.16","0.15",,"0.09","0.12","0.03",,"0.39","0.27","0.5",,"0.46","0.16","0.08",,"1.5","0.28","0.18",,"0.3","0.24","0.24",,"0.3","0.26","0.28",,"0.29","0.36","0.34",,"0.59","0.39","0.46",,"0.36","0.36","0.39",,"0.35","0.33","0.32",,"0.29","0.27","0.29",,"0.26","0.115","0.12",,"0.115","0.105","0.1",,"0.1","0.095","0.09",,"0.12","0.09","0.09",,"-0.01","0.07","0.07"
DilutedEPS,,,"1.3","0.47","0.21",,"0.19","0.11","0.05",,"0.62","0.2","0.12","0.18","0.15","0.54","0.2",,"0.46","3.38","0.2",,"0.32","0.31","0.12",,"0.22","1.3","0.19",,"0.18","0.38","0.06","0.21","-0.02","0.19","0.09","-0.12","-0.11","-0.11","-0.14","0.17","-0.13","-0.12","0.19",,"0.13","-0.19","-0.07",,"-1.44","-0.16","0.15",,"0.09","0.12","0.03",,"0.39","0.27","0.49",,"0.45","0.16","0.08",,"1.48","0.28","0.18",,"0.3","0.24","0.23",,"0.3","0.25","0.28",,"0.29","0.36","0.34",,"0.58","0.38","0.45",,"0.35","0.36","0.39",,"0.35","0.33","0.32",,"0.29","0.27","0.29",,"0.25","0.115","0.12",,"0.115","0.105","0.1",,"0.1","0.095","0.09",,"0.12","0.09","0.09",,"-0.01","0.07","0.07"
BasicAverageShares,,,"379,220,000","376,020,000","373,667,000",,"371,082,000","368,836,000","368,190,000",,"362,416,000","359,681,000","359,139,000","358,561,000","357,898,000","357,054,000","356,740,000",,"355,905,000","355,647,000","355,282,000",,"351,856,000","347,464,000","345,665,000",,"345,256,000","345,098,000","344,597,000",,"341,165,000","331,753,000","327,106,000","326,059,000","324,895,000","322,489,000","314,936,000","276,081,000","270,289,000","266,748,000","259,928,571","264,500,000","246,738,462","252,640,000","250,363,158",,"262,030,769","227,082,000","224,153,000",,"223,952,000","207,290,000","148,488,000",,"146,966,000","146,741,000","146,331,000",,"137,576,000","136,921,000","136,823,000",,"135,117,000","134,969,000","134,781,000",,"142,663,000","143,480,000","143,089,000",,"142,273,000","142,104,000","138,398,000",,"135,706,000","135,386,000","135,170,000",,"134,818,000","134,196,000","131,932,000",,"130,104,000","129,131,000","128,399,000",,"127,010,000","126,597,000","126,070,000",,"118,285,714","89,696,970","85,625,000",,"81,034,483","81,111,111","76,896,552",,"65,000,000","63,320,000","62,875,692",,"58,640,000","58,640,000","57,372,000",,"48,274,000","48,270,000","40,784,000",,"39,092,000","32,092,000","32,092,000",,"40,000,000","80,000,000","80,000,000"
DilutedAverageShares,,,"384,624,000","381,621,000","377,744,000",,"374,834,000","372,573,000","371,870,000",,"367,271,000","362,926,000","362,362,000","362,536,000","361,410,000","362,741,000","360,400,000",,"362,102,000","361,981,000","360,700,000",,"358,981,000","354,433,000","349,674,000",,"352,150,000","349,161,000","348,653,000",,"345,826,000","336,414,000","331,716,000","330,834,000","324,895,000","327,098,000","319,571,000","276,081,000","270,289,000","266,748,000","259,928,571","264,500,000","246,738,462","252,640,000","250,363,158",,"262,030,769","227,082,000","224,153,000",,"223,952,000","207,290,000","155,747,000",,"155,344,000","155,064,000","154,596,000",,"147,651,000","148,129,000","149,465,000",,"150,947,000","149,364,000","149,265,000",,"158,468,000","157,696,000","157,720,000",,"157,105,000","156,828,000","156,913,000",,"151,244,000","151,019,000","150,627,000",,"151,256,000","151,092,000","150,270,000",,"158,594,000","149,572,000","151,031,000",,"147,916,000","147,181,000","146,326,000",,"118,285,714","89,696,970","85,625,000",,"81,034,483","81,111,111","76,896,552",,"67,600,000","63,320,000","62,875,692",,"58,640,000","58,640,000","57,372,000",,"48,274,000","48,270,000","40,784,000",,"39,092,000","32,092,000","32,092,000",,"40,000,000","80,000,000","80,000,000"
TotalOperatingIncomeAsReported,"975,238,000","127,684,000","538,609,000","201,443,000","107,502,000","190,390,000","91,638,000","76,361,000","59,457,000","114,917,000","248,402,000","99,161,000","62,281,000","82,226,000","69,827,000","208,913,000","99,390,000","70,501,000","73,367,000","153,601,000","102,860,000","96,604,000","152,453,000","148,766,000","79,158,000","59,227,000","119,703,000","181,266,000","88,200,000","65,188,000","123,073,000","189,788,000","66,522,000","109,038,000","46,176,000","46,943,000","95,147,000","38,651,000","43,197,000","41,577,000","37,683,000","-392,000","49,930,000","50,429,000","119,927,000","72,424,000","51,809,000","51,928,000","51,982,000","64,337,000","-235,650,000","37,298,000","56,138,000","35,966,000","24,400,000","23,456,000","14,334,000","53,468,000","22,714,000","28,732,000","19,292,000","239,611,000","32,268,000","28,361,000","24,229,000","152,125,000","27,831,000","94,522,000","34,330,000","46,253,000","35,176,000","88,692,000","37,705,000","50,484,000","49,522,000","45,926,000","39,380,000","47,855,000","51,797,000","60,446,000","62,521,000","61,831,000","72,910,000","71,839,000","70,677,000","62,962,000","61,013,000","61,504,000","55,124,000",,,,,,,,,,,,,,,,,,,,,,,,,,,,
RentExpenseSupplemental,"85,782,000","19,371,000","19,766,000","18,515,000","28,130,000","20,008,000","20,231,000","17,557,000","18,843,000","18,161,000","19,158,000","17,597,000","20,668,000","18,206,000","17,704,000","16,769,000","20,396,000","17,615,000","16,224,000","14,506,000","25,271,000","26,318,000","26,084,000","25,729,000","29,278,000","29,311,000","30,137,000","30,094,000","36,124,000","40,116,000","38,317,000","39,938,000","50,267,000","36,255,000","42,888,000","39,977,000","41,713,000","41,658,000","39,659,000","34,795,000","37,342,000",,"49,947,000","47,153,000","56,890,000",,,,,,,,,,"76,881,000","73,735,000",,,,,,,,,,,,,,,,,,,,,,,,,,,,,,,,,,,,,,,,,,,,,,,,,,,,,,,,,,,,,
TotalExpenses,"762,091,000","169,926,000","185,587,000","185,922,000","220,656,000","188,588,000","187,727,000","170,616,000","172,897,000","165,824,000","174,178,000","174,550,000","207,950,000","207,914,000","171,431,000","153,646,000","191,289,000","171,030,000","147,297,000","143,371,000","166,895,000","166,933,000","169,225,000","170,486,000","176,958,000","166,222,000","180,238,000","178,706,000","214,390,000","215,155,000","229,335,000","243,894,000","242,850,000","209,668,000","246,744,000","224,238,000","220,869,000","226,325,000","260,235,000","225,256,000","233,651,000","151,900,000","310,741,000","312,394,000","333,579,000","287,169,000","315,243,000","321,490,000","281,428,000","813,339,000","97,480,000","272,844,000","101,101,000","210,366,000","159,353,000","162,863,000","184,534,000","192,012,000","160,828,000","190,961,000","210,576,000","-180,730,000","265,843,000","192,316,000","135,179,000","150,536,000","136,966,000","134,392,000","183,601,000","175,549,000","177,229,000","113,779,000","165,080,000","155,444,000","147,293,000","148,137,000","155,053,000","137,091,000","142,180,000","135,312,000","141,676,000","130,417,000","126,965,000","133,556,000","135,613,000","131,752,000","146,650,000","141,945,000","133,675,000","578,685,000","-79,900,000","-52,200,000","-53,600,000","372,852,000","-44,200,000","-42,900,000","-39,300,000","245,217,000","-27,800,000","-26,800,000","-26,000,000","182,614,000","-19,100,000","-20,400,000","-20,600,000","133,341,000","-15,400,000","-13,400,000","-13,200,000","111,529,000","-12,000,000","-11,500,000","-10,500,000","-11,200,000","-2,600,000",,
NetIncomeFromContinuingAndDiscontinuedOperation,"852,895,000","102,899,000","494,817,000","175,817,000","79,362,000","168,816,000","71,823,000","39,820,000","19,456,000","86,802,000","226,566,000","71,053,000","44,551,000","63,896,000","53,025,000","193,845,000","72,963,000","188,419,000","165,269,000","1,210,543,000","70,200,000","47,755,000","112,014,000","109,067,000","43,307,000","24,252,000","76,434,000","449,380,000","65,244,000","12,816,000","70,801,000","134,734,000","25,237,000","76,929,000","1,289,000","68,849,000","43,525,000","-21,961,000","-17,149,000","-17,400,000","-17,467,000","58,971,000","-14,044,000","-13,068,000","63,706,000","25,793,000","56,442,000","-19,536,000","3,099,000","14,929,000","-304,519,000","-14,043,000","41,610,000","26,059,000","31,920,000","36,663,000","19,354,000","74,762,000","68,614,000","52,302,000","83,789,000","65,422,000","76,960,000","34,972,000","26,793,000","41,675,000","224,967,000","51,919,000","37,101,000","50,606,000","50,847,000","43,148,000","44,100,000","60,113,000","49,600,000","43,290,000","46,229,000","37,379,000","50,925,000","60,635,000","57,386,000","56,528,000","90,349,000","63,490,000","72,042,000","85,662,000","57,392,000","57,774,000","61,111,000","53,440,000","53,700,000","38,900,000","36,200,000","29,004,000","28,200,000","26,600,000","27,000,000","24,084,000","21,300,000","16,400,000","16,700,000","17,131,000","14,400,000","12,300,000","11,600,000","10,019,000","9,300,000","8,300,000","7,400,000","7,116,000","7,700,000","5,800,000","5,600,000","6,000,000","-400,000","5,600,000","5,600,000"
NormalizedIncome,"281,277,832.56","73,770,687.172","73,227,850.664","73,563,493.912","58,201,699.817","88,735,000","59,940,210","45,358,870","29,890,800","62,198,897.562","96,868,050","41,165,697.922","41,587,155.759","53,616,240","50,089,130","40,806,065.856","30,896,308.146","48,276,000","34,286,931.765","77,045,618.312","33,585,857.433","40,369,200","66,313,800","71,149,000","33,929,575.703","-1,880,846.543","37,428,400","32,213,600","8,911,784.165","18,597,950","42,323,650","63,348,908.587","-2,076,968.454","8,951,600","-8,392,916.433","-7,047,000","36,171,550","-20,132,000","-15,966,476.81","-17,168,000","-20,039,000","-12,132,000","-12,103,771.078","-13,383,000","10,037,300","-30,998,000","10,855,450","3,115,000","-4,186,000","-4,995,750","-109,126,400","-26,389,900","14,902,100","32,153,400","28,480,100","26,174,750","18,204,250","57,527,400","29,245,050","31,698,750","26,116,850","60,713,000","36,869,000","29,966,600","26,555,000","37,554,600","29,109,200","46,814,600","34,734,400","46,072,200","36,368,600","42,638,600","37,779,400","50,500,600","45,340,600","41,926,000","38,613,800","40,647,400","48,103,800","55,517,400","55,392,200","55,188,200","72,590,800","63,659,200","65,095,200","64,719,000","54,783,200","55,807,800","52,372,600","53,440,000","53,700,000","38,900,000","36,200,000","29,004,000","28,200,000","26,600,000","27,000,000","24,084,000","21,300,000","16,400,000","16,700,000","17,131,000","14,400,000","12,300,000","11,600,000","10,019,000","9,300,000","8,300,000","7,400,000","7,116,000","7,700,000","5,800,000","5,600,000","6,000,000","-400,000","5,600,000","5,600,000"
InterestIncome,"4,451,000","882,000","1,433,000","1,673,000","463,000","78,000","32,000","216,000","1,395,000","2,564,000","2,085,000","2,534,000","2,758,000","3,915,000","4,129,000","4,727,000","4,463,000","5,524,000","6,404,000","2,260,000","533,000","438,000","507,000","567,000","2,523,000","1,611,000","1,343,000","1,375,000","338,000","310,000","356,000","229,000","351,000","668,000","145,000","921,000","153,000","120,000","150,000","98,000","146,000","115,000","172,000","284,000","87,000","30,000","149,000","204,000","151,000",,,,"123,000","-5,082,000","2,804,000","1,786,000",,,,,,,,,,,,,,,,,,,,,,,,,,,,,,,,,,,,,,,,,,,,,,,,,,,,,,,,,,,,,
InterestExpense,"84,843,000","21,261,000","20,003,000","21,072,000","22,507,000","24,048,000","23,059,000","22,841,000","23,494,000","21,510,000","22,604,000","23,510,000","22,132,000","22,869,000","21,462,000","20,675,000","20,000,000","21,602,000","20,835,000","21,680,000","30,505,000","32,056,000","34,606,000","37,184,000","37,730,000","38,998,000","41,615,000","42,976,000","49,610,000","56,134,000","53,343,000","54,872,000","55,257,000","52,890,000","58,100,000","59,296,000","60,075,000","61,547,000","61,539,000","61,220,000","61,086,000","23,784,000","66,875,000","66,846,000","66,082,000","56,612,000","64,049,000","60,637,000","59,021,000","58,493,000","57,719,000","52,025,000","52,068,000","51,491,000","49,260,000","47,034,000",,,,,,,,,,,,,,,,,,,,,,,,,,,,,,,,,,,,,,,,,,,,,,,,,,,,,,,,,,,,,
NetInterestIncome,"-80,392,000","-20,379,000","-18,570,000","-19,399,000","-22,044,000","-23,970,000","-23,027,000","-22,625,000","-22,099,000","-18,946,000","-20,519,000","-20,976,000","-19,374,000","-18,954,000","-17,333,000","-15,948,000","-15,537,000","-16,078,000","-14,431,000","-19,420,000","-29,972,000","-31,618,000","-34,099,000","-36,617,000","-35,207,000","-37,387,000","-40,272,000","-41,601,000","-49,272,000","-55,824,000","-52,987,000","-54,643,000","-54,906,000","-52,222,000","-57,955,000","-58,375,000","-59,922,000","-61,427,000","-61,389,000","-61,122,000","-60,940,000","-23,669,000","-66,703,000","-66,562,000","-65,995,000","-56,582,000","-63,900,000","-60,433,000","-58,870,000","-57,264,000","-57,719,000","-52,025,000","-51,945,000","-56,573,000","-46,456,000","-45,248,000",,,,,,,,,,,,,,,,,,,,,,,,,,,,,,,,,,,,,,,,,,,,,,,,,,,,,,,,,,,,,
EBIT,"965,010,000","128,566,000","526,149,000","202,400,000","107,895,000","190,466,000","94,579,000","62,888,000","43,046,000","111,174,000","250,487,000","101,695,000","67,285,000","85,993,000","73,867,000","213,489,000","103,853,000","76,025,000","63,203,000","146,300,000","103,418,000","79,039,000","146,710,000","146,831,000","81,678,000","56,208,000","115,450,000","98,683,000","88,510,000","65,126,000","123,319,000","189,131,000","66,859,000","99,686,000","45,595,000","45,441,000","95,943,000","37,142,000","42,393,000","40,646,000","37,249,000","60,000","49,760,000","50,119,000","119,425,000","70,706,000","109,304,000","36,359,000","51,779,000","64,399,000","-248,485,000","79,385,000","224,944,000","59,764,000","86,582,000","79,369,000","58,143,000","68,131,000","62,659,000","28,732,000","19,292,000","426,710,000","-31,624,000","28,361,000","76,831,000","48,204,000","62,920,000","94,522,000","34,330,000","46,253,000","35,176,000","88,692,000","37,705,000","50,484,000","49,522,000","45,926,000","39,380,000","47,855,000","51,797,000","60,446,000","62,521,000","61,831,000","72,910,000","71,839,000","70,677,000","62,962,000","61,013,000","61,504,000","55,124,000","-404,291,000","259,400,000","170,700,000","170,800,000","-274,611,000","143,000,000","133,700,000","124,700,000","-169,837,000","92,100,000","83,800,000","81,400,000","-133,025,000","65,800,000","65,100,000","61,800,000","-97,823,000","49,900,000","44,800,000","43,000,000","-85,998,000","42,300,000","37,800,000","36,200,000","38,200,000","6,900,000","19,900,000","19,900,000"
EBITDA,"1,327,158,000"
ReconciledCostOfRevenue,"370,693,000","76,191,000","92,958,000","88,270,000","113,274,000","90,074,000","94,686,000","79,090,000","75,915,000","77,418,000","88,078,000","86,710,000","119,265,000","128,346,000","97,383,000","76,955,000","105,536,000","94,235,000","81,417,000","72,084,000","80,753,000","89,527,000","90,307,000","93,592,000","95,503,000","92,323,000","103,920,000","96,124,000","128,994,000","128,157,000","146,361,000","160,175,000","156,671,000","126,375,000","163,559,000","143,691,000","137,108,000","142,880,000","185,174,000","149,844,000","157,687,000","73,870,000","232,863,000","235,081,000","255,234,000","183,431,000","235,526,000","254,920,000","208,632,000","701,890,000","19,919,000","216,028,000","27,854,000",,,,,,,,,,,,"55,214,000",,,,,,,,,,,,,,,,,,,,,,,,,,,,,,,,,,,,,,,,,,,,,,,,,,,,
ReconciledDepreciation,"304,935,000","74,612,000","73,853,000","77,408,000","79,062,000","77,464,000","75,772,000","72,340,000","71,582,000","70,161,000","70,383,000","69,455,000","62,423,000","65,790,000","64,421,000","62,095,000","63,944,000","62,688,000","55,035,000","58,711,000","66,172,000","63,865,000","64,960,000","64,474,000","62,120,000","61,548,000","63,511,000","61,789,000","66,835,000","73,316,000","72,345,000","73,225,000","71,393,000","74,465,000","72,765,000","70,805,000","70,548,000","69,346,000","65,997,000","63,622,000","63,860,000","63,088,000","68,325,000","68,746,000","67,063,000","69,706,000","71,116,000","64,263,000","65,973,000","80,112,000","68,692,000","67,954,000","63,724,000","73,862,000","78,738,000","101,502,000","60,850,000","53,490,000","55,873,000","52,971,000","52,143,000","51,843,000","51,498,000","52,387,000","51,271,000","47,117,000","53,247,000","52,450,000","51,563,000","50,246,000","51,239,000","44,622,000","43,012,000","43,768,000","42,276,000","41,144,000","41,771,000","39,996,000","38,985,000","38,398,000","37,186,000","35,779,000","33,721,000","33,363,000","35,860,000","34,083,000","36,528,000","35,664,000","35,714,000","24,663,000","33,400,000","21,200,000","20,800,000","11,914,000","18,100,000","16,800,000","14,600,000","8,571,000","11,000,000","10,400,000","9,800,000","4,368,000","7,100,000","9,100,000","7,000,000","3,016,000","6,300,000","5,500,000","5,600,000","2,368,000","4,600,000","4,100,000","4,000,000","4,000,000",,,
NetIncomeFromContinuingOperationNetMinorityInterest,"852,895,000","102,899,000","494,817,000","175,817,000","79,362,000","168,816,000","71,783,000","39,797,000","19,408,000","86,723,000","226,454,000","70,954,000","44,396,000","63,261,000","52,804,000","190,925,000","72,839,000","60,951,000","41,651,000","101,970,000","70,200,000","46,974,000","111,318,000","108,688,000","43,156,000","16,762,000","76,366,000","53,210,000","36,691,000","12,447,000","69,662,000","132,102,000","8,594,000","43,048,000","-8,053,000","-14,838,000","35,270,000","-23,885,000","-18,643,000","-20,246,000","-23,194,000","-25,000,000","-16,096,000","-15,937,000","52,260,000","14,068,000","45,388,000","-23,174,000","-6,791,000","13,786,000","-304,519,000","-13,217,000","36,278,000","21,366,000","30,850,000","27,907,000","18,474,000","63,471,000","29,689,000","32,443,000","34,301,000","60,713,000","37,199,000","29,027,000","26,744,000","38,538,000","28,502,000","46,715,000","33,361,000","44,469,000","36,323,000","42,596,000","40,555,000","52,084,000","46,429,000","42,967,000","43,925,000","35,341,000","50,925,000","57,318,000","56,186,000","56,528,000","90,349,000","63,490,000","72,042,000","85,662,000","57,392,000","57,774,000","61,111,000","53,440,000","53,700,000","38,900,000","36,200,000","29,004,000","28,200,000","26,600,000","27,000,000","24,084,000","21,300,000","16,400,000","16,700,000","17,131,000","14,400,000","12,300,000","11,600,000","10,019,000","9,300,000","8,300,000","7,400,000","7,116,000","7,700,000","5,800,000","5,600,000","6,000,000","-400,000","5,600,000","5,600,000"
TotalUnusualItemsExcludingGoodwill,"583,923,000","30,056,000","426,972,000","104,367,000","22,528,000","109,700,000","16,223,000","-7,619,000","-14,360,000","25,147,000","177,515,000","32,542,000","2,833,000","13,212,000","3,719,000","150,168,000","47,835,000","21,125,000","7,427,000","26,059,000","37,717,000","11,008,000","75,007,000","62,565,000","9,299,000","18,841,000","64,896,000","34,994,000","28,881,000","-9,463,000","42,059,000","68,940,000","13,867,000","52,456,000","531,000","-7,791,000","-1,387,000","-3,753,000","-2,691,000","-3,078,000","-3,155,000","-12,868,000","-4,038,000","-2,554,000","64,958,000","45,066,000","53,127,000","-26,289,000","-2,605,000","28,895,000","-300,604,000","20,266,000","32,886,000","-16,596,000","3,646,000","2,665,000","415,000","9,144,000","683,000","1,145,000","12,591,000",,"550,000","-1,566,000","315,000","1,639,000","-1,012,000","-166,000","-2,289,000","-2,672,000","-76,000","-71,000","4,626,000","2,639,000","1,814,000","1,735,000","8,852,000","-8,844,000","4,702,000","3,001,000","1,323,000","2,233,000","29,597,000","-282,000","11,578,000","34,905,000","4,348,000","3,277,000","14,564,000",,,,,,,,,,,,,,,,,,,,,,,,,,,,
TotalUnusualItems,"583,923,000","30,056,000","426,972,000","104,367,000","22,528,000","109,700,000","16,223,000","-7,619,000","-14,360,000","25,147,000","177,515,000","32,542,000","2,833,000","13,212,000","3,719,000","150,168,000","47,835,000","21,125,000","7,427,000","26,059,000","37,717,000","11,008,000","75,007,000","62,565,000","9,299,000","18,841,000","64,896,000","34,994,000","28,881,000","-9,463,000","42,059,000","68,940,000","13,867,000","52,456,000","531,000","-7,791,000","-1,387,000","-3,753,000","-2,691,000","-3,078,000","-3,155,000","-12,868,000","-4,038,000","-2,554,000","64,958,000","45,066,000","53,127,000","-26,289,000","-2,605,000","28,895,000","-300,604,000","20,266,000","32,886,000","-16,596,000","3,646,000","2,665,000","415,000","9,144,000","683,000","1,145,000","12,591,000",,"550,000","-1,566,000","315,000","1,639,000","-1,012,000","-166,000","-2,289,000","-2,672,000","-76,000","-71,000","4,626,000","2,639,000","1,814,000","1,735,000","8,852,000","-8,844,000","4,702,000","3,001,000","1,323,000","2,233,000","29,597,000","-282,000","11,578,000","34,905,000","4,348,000","3,277,000","14,564,000",,,,,,,,,,,,,,,,,,,,,,,,,,,,
NormalizedEBITDA,"743,235,000","187,323,000","187,210,000","189,762,000","178,940,000","173,120,000","166,952,000","157,211,000","142,765,000","170,330,000","156,896,000","152,157,000","140,444,000","152,782,000","149,003,000","139,153,000","133,547,000","131,433,000","123,768,000","187,254,000","147,258,000","147,202,000","152,391,000","164,427,000","150,177,000","114,561,000","130,452,000","142,023,000","141,532,000","168,301,000","176,260,000","217,832,000","151,051,000","143,889,000","148,658,000","151,777,000","194,445,000","137,724,000","140,201,000","136,445,000","132,017,000","76,016,000","150,707,000","152,731,000","149,207,000","112,956,000","153,500,000","144,329,000","137,845,000","628,804,000","120,811,000","145,864,000","255,782,000","159,577,000","161,674,000","178,206,000","136,441,000","127,756,000","133,957,000","93,530,000","74,440,000","483,740,000","31,718,000","94,260,000","136,663,000","103,396,000","125,177,000","158,477,000","99,495,000","109,465,000","96,699,000","140,027,000","85,397,000","99,174,000","95,867,000","90,736,000","78,182,000","101,037,000","92,169,000","100,436,000","103,595,000","102,721,000","81,595,000","110,116,000","99,413,000","66,516,000","98,549,000","97,993,000","80,339,000","-379,628,000","292,800,000","191,900,000","191,600,000","-262,697,000","161,100,000","150,500,000","139,300,000","-161,266,000","103,100,000","94,200,000","91,200,000","-128,657,000","72,900,000","74,200,000","68,800,000","-94,807,000","56,200,000","50,300,000","48,600,000","-83,630,000","46,900,000","41,900,000","40,200,000","42,200,000","6,900,000","19,900,000","19,900,000"
TaxRateForCalcs,"0.021","0.031","0.013","0.02","0.061","0.27","0.27","0.27","0.27","0.025","0.27","0.085","0.009","0.27","0.27","0","0.123","0.4","0.008","0.044","0.029","0.4","0.4","0.4","0.008","0.011","0.4","0.4","0.038","0.35","0.35","0.003","0.23","0.35","0.36","0","0.35","0","0.005","0","0","0","0.011","0","0.35","0","0.35","0","0","0.35","0.35","0.35","0.35","0.35","0.35","0.35","0.35","0.35","0.35","0.35","0.35","0.4","0.4","0.4","0.4","0.4","0.4","0.4","0.4","0.4","0.4","0.4","0.4","0.4","0.4","0.4","0.4","0.4","0.4","0.4","0.4","0.4","0.4","0.4","0.4","0.4","0.4","0.4","0.4","0.4","0.4","0.4","0.4","0.4","0.4","0.4","0.4","0.4","0.4","0.4","0.4","0.4","0.4","0.4","0.4","0.4","0.4","0.4","0.4","0.4","0.4","0.4","0.4","0.4","0.4","0.4","0.4"
TaxEffectOfUnusualItems,"12,305,832.56","927,687.172","5,382,850.664","2,113,493.912","1,367,699.817","29,619,000","4,380,210","-2,057,130","-3,877,200","622,897.562","47,929,050","2,753,697.922","24,155.759","3,567,240","1,004,130","49,065.856","5,892,308.146","8,450,000","62,931.765","1,134,618.312","1,102,857.433","4,403,200","30,002,800","25,026,000","72,575.703","198,153.457","25,958,400","13,997,600","1,101,784.165","-3,312,050","14,720,650","186,908.587","3,196,031.546","18,359,600","191,083.567","0","-485,450","0","-14,476.81","0","0","0","-45,771.078","0","22,735,300","0","18,594,450","0","0","10,113,250","-105,211,400","7,093,100","11,510,100","-5,808,600","1,276,100","932,750","145,250","3,200,400","239,050","400,750","4,406,850","0","220,000","-626,400","126,000","655,600","-404,800","-66,400","-915,600","-1,068,800","-30,400","-28,400","1,850,400","1,055,600","725,600","694,000","3,540,800","-3,537,600","1,880,800","1,200,400","529,200","893,200","11,838,800","-112,800","4,631,200","13,962,000","1,739,200","1,310,800","5,825,600","0","0","0","0","0","0","0","0","0","0","0","0","0","0","0","0","0","0","0","0","0","0","0","0","0","0","0","0"