name,ttm,02/28/2022,11/30/2021,08/31/2021,05/31/2021,02/28/2021,11/30/2020,08/31/2020,05/31/2020,02/29/2020,11/30/2019,08/31/2019,05/31/2019,02/28/2019,11/30/2018,08/31/2018,05/31/2018,02/28/2018,11/30/2017,08/31/2017,05/31/2017,02/28/2017,11/30/2016,08/31/2016,05/31/2016,02/29/2016,11/30/2015,08/31/2015,05/31/2015,02/28/2015,11/30/2014,08/31/2014,05/31/2014,02/28/2014,11/30/2013,08/31/2013,05/31/2013,02/28/2013,11/30/2012,08/31/2012,05/31/2012,02/29/2012,11/30/2011,08/31/2011,05/31/2011,02/28/2011,11/30/2010,08/31/2010,05/31/2010,02/28/2010,11/30/2009,08/31/2009,05/31/2009,02/28/2009,11/30/2008,08/31/2008,05/31/2008,02/29/2008,11/30/2007,08/31/2007,05/31/2007,02/28/2007,11/30/2006,08/31/2006,05/31/2006,02/28/2006,11/30/2005,08/31/2005,05/31/2005,02/28/2005,11/30/2004,08/31/2004,05/31/2004,02/29/2004,11/30/2003,08/31/2003,05/31/2003,02/28/2003,11/30/2002,08/31/2002,05/31/2002,02/28/2002,11/30/2001,08/31/2001,05/31/2001,02/28/2001,11/30/2000,08/31/2000,05/31/2000,02/29/2000,11/30/1999,08/31/1999,05/31/1999,02/28/1999,11/30/1998,08/31/1998,05/31/1998,02/28/1998,11/30/1997,08/31/1997,05/31/1997,02/28/1997,11/30/1996,08/31/1996,05/31/1996,02/29/1996,11/30/1995,08/31/1995,05/31/1995,02/28/1995,11/30/1994,08/31/1994
TotalRevenue,"9,306,300,000","2,448,900,000","2,272,200,000","2,306,000,000","2,279,200,000","1,733,000,000","1,656,500,000","1,527,400,000","1,270,100,000","2,346,500,000","2,056,400,000","2,133,900,000","2,229,100,000","2,246,500,000","1,973,400,000","2,061,400,000","2,134,100,000","2,128,400,000","1,881,500,000","1,936,100,000","1,934,600,000","1,878,700,000","1,642,500,000","1,714,400,000","1,790,200,000","1,847,500,000","1,608,800,000","1,687,000,000","1,878,300,000","1,730,900,000","1,559,000,000","1,595,800,000","-155,900,000","2,233,100,000","2,049,900,000","2,158,500,000","2,298,900,000","2,258,200,000","1,960,000,000","2,034,800,000","2,065,500,000","2,159,700,000","1,831,500,000","1,942,000,000","1,990,400,000","1,976,800,000","1,726,200,000","1,806,700,000","1,863,800,000","1,874,000,000","1,641,300,000","1,734,000,000","1,975,600,000","1,798,900,000","1,668,900,000","1,774,200,000","1,825,600,000","1,811,400,000","1,522,000,000","1,467,500,000","1,183,000,000","1,542,900,000","1,385,299,000","1,455,874,000","1,512,199,000","1,474,181,000","1,325,093,000","1,409,167,000","1,394,214,000","1,375,879,000","1,229,373,000","1,278,644,000","1,359,171,000","1,241,952,000","1,142,543,000","1,259,689,000","1,227,492,000","1,181,383,000","1,071,531,000","1,174,565,000","1,139,319,000","1,134,388,000","1,013,504,000","1,081,489,000","1,082,359,000","988,635,000","931,958,000","1,018,205,000","1,006,156,000","917,500,000","848,200,000","929,400,000","914,000,000","866,900,000","791,200,000","886,100,000","921,100,000","811,300,000","745,300,000","809,300,000","816,600,000","800,800,000","748,800,000","805,600,000","829,500,000","795,100,000","731,200,000","836,000,000","790,800,000","790,800,000","790,800,000","790,800,000"
	OperatingRevenue,"9,306,300,000","2,448,900,000","2,272,200,000","2,306,000,000","2,279,200,000","1,733,000,000","1,656,500,000","1,527,400,000","1,270,100,000","2,346,500,000","2,056,400,000","2,133,900,000","2,229,100,000","2,246,500,000","1,973,400,000","2,061,400,000","2,134,100,000","2,128,400,000","1,881,500,000","1,936,100,000","1,934,600,000","1,878,700,000","1,642,500,000","1,714,400,000","1,790,200,000","1,847,500,000","1,608,800,000","1,687,000,000","1,878,300,000","1,730,900,000","1,559,000,000","1,595,800,000","-155,900,000","2,233,100,000","2,049,900,000","2,158,500,000","2,298,900,000","2,258,200,000","1,960,000,000","2,034,800,000","2,065,500,000","2,159,700,000","1,831,500,000","1,942,000,000","1,990,400,000","1,976,800,000","1,726,200,000","1,806,700,000","1,863,800,000","1,874,000,000","1,641,300,000","1,734,000,000","1,975,600,000","1,798,900,000","1,668,900,000","1,774,200,000","1,825,600,000","1,811,400,000","1,522,000,000","1,467,500,000","1,183,000,000","1,542,900,000","1,385,299,000","1,455,874,000","1,512,199,000","1,474,181,000","1,325,093,000","1,409,167,000","1,394,214,000","1,375,879,000","1,229,373,000","1,278,644,000","1,359,171,000","1,241,952,000","1,142,543,000","1,259,689,000","1,227,492,000","1,181,383,000","1,071,531,000","1,174,565,000","1,139,319,000","1,134,388,000","1,013,504,000","1,081,489,000","1,082,359,000","988,635,000","931,958,000","1,018,205,000","1,006,156,000","917,500,000","848,200,000","929,400,000","914,000,000","866,900,000","791,200,000","886,100,000","921,100,000","811,300,000","745,300,000","809,300,000","816,600,000","800,800,000","748,800,000","805,600,000","829,500,000","795,100,000","731,200,000","836,000,000","790,800,000","790,800,000","790,800,000","790,800,000"
CostOfRevenue,"7,310,300,000","1,947,100,000","1,823,900,000","1,799,500,000","1,739,800,000","1,395,600,000","1,341,100,000","1,226,100,000","1,259,600,000","1,808,500,000","1,650,900,000","1,679,500,000","1,725,300,000","1,728,900,000","1,586,700,000","1,620,500,000","1,648,500,000","1,647,100,000","1,516,800,000","1,522,300,000","1,496,400,000","1,440,200,000","1,321,500,000","1,342,700,000","1,382,300,000","1,415,500,000","1,283,900,000","1,310,700,000","1,446,900,000","1,342,300,000","1,269,700,000","1,282,600,000","-141,800,000","1,760,900,000","1,670,100,000","1,701,300,000","1,790,200,000","1,752,300,000","1,568,700,000","1,549,800,000","1,568,900,000","1,627,300,000","1,460,600,000","1,506,400,000","1,514,200,000","1,478,400,000","1,341,500,000","1,365,400,000","1,425,600,000","1,430,200,000","1,292,400,000","1,335,700,000","1,508,500,000","1,394,000,000","1,341,300,000","1,393,100,000","1,418,600,000","1,398,200,000","1,209,500,000","1,112,300,000","875,500,000","1,181,600,000","1,090,345,000","1,111,324,000","1,169,184,000","1,129,664,000","1,045,612,000","1,083,048,000","1,077,096,000","1,055,441,000","971,037,000","990,451,000","1,050,751,000","952,272,000","912,824,000","979,870,000","956,276,000","920,322,000","854,617,000","903,175,000","880,743,000","869,347,000","803,321,000","831,188,000","844,608,000","767,284,000","735,353,000","787,539,000","780,063,000","712,700,000","677,700,000","724,700,000","704,000,000","683,200,000","643,000,000","710,000,000","720,200,000","644,700,000","611,900,000","646,800,000","653,500,000","652,300,000","628,800,000","637,600,000","640,900,000","605,600,000","577,200,000","647,600,000",,,,
GrossProfit,"1,996,000,000","501,800,000","448,300,000","506,500,000","539,400,000","337,400,000","315,400,000","301,300,000","10,500,000","538,000,000","405,500,000","454,400,000","503,800,000","517,600,000","386,700,000","440,900,000","485,600,000","481,300,000","364,700,000","413,800,000","438,200,000","438,500,000","321,000,000","371,700,000","407,900,000","432,000,000","324,900,000","376,300,000","431,400,000","388,600,000","289,300,000","313,200,000","-14,100,000","472,200,000","379,800,000","457,200,000","508,700,000","505,900,000","391,300,000","485,000,000","496,600,000","532,400,000","370,900,000","435,600,000","476,200,000","498,400,000","384,700,000","441,300,000","438,200,000","443,800,000","348,900,000","398,300,000","467,100,000","404,900,000","327,600,000","381,100,000","407,000,000","413,200,000","312,500,000","355,200,000","307,500,000","361,300,000","294,954,000","344,550,000","343,015,000","344,517,000","279,481,000","326,119,000","317,118,000","320,438,000","258,336,000","288,193,000","308,420,000","289,680,000","229,719,000","279,819,000","271,216,000","261,061,000","216,914,000","271,390,000","258,576,000","265,041,000","210,183,000","250,301,000","237,751,000","221,351,000","196,605,000","230,666,000","226,093,000","204,800,000","170,500,000","204,700,000","210,000,000","183,700,000","148,200,000","176,100,000","200,900,000","166,600,000","133,400,000","162,500,000","163,100,000","148,500,000","120,000,000","168,000,000","188,600,000","189,500,000","154,000,000","188,400,000",,,,
OperatingExpense,"848,200,000","204,600,000","205,400,000","225,700,000","210,800,000","186,300,000","194,700,000","244,700,000","212,600,000","259,600,000","245,200,000","252,900,000","259,400,000","250,500,000","235,900,000","251,700,000","251,100,000","248,200,000","235,800,000","240,100,000","268,000,000","209,700,000","204,400,000","218,200,000","220,900,000","212,900,000","235,500,000","243,800,000","269,800,000","213,800,000","270,500,000","238,700,000","-14,500,000","317,800,000","328,800,000","335,800,000","315,700,000","300,800,000","315,300,000","310,800,000","268,800,000","286,900,000","273,200,000","266,900,000","263,700,000","275,300,000","258,000,000","257,600,000","249,900,000","247,600,000","243,700,000","244,300,000","261,300,000","230,900,000","217,300,000","239,300,000","233,600,000","229,500,000","230,700,000","193,600,000","140,300,000","197,000,000","198,678,000","199,055,000","188,650,000","195,069,000","186,942,000","187,173,000","180,187,000","179,209,000","183,961,000","167,340,000","178,820,000","165,731,000","172,368,000","165,194,000","171,573,000","157,067,000","149,822,000","152,132,000","139,961,000","153,149,000","147,215,000","146,450,000","137,088,000","137,332,000","143,517,000","136,554,000","136,129,000","125,400,000","127,300,000","127,000,000","134,700,000","120,800,000","118,800,000","116,800,000","134,800,000","116,300,000","116,800,000","121,600,000","116,400,000","121,300,000","130,200,000","134,100,000","129,300,000","127,500,000","122,600,000","131,000,000",,,,
	SellingGeneralAndAdministration,"483,700,000","110,300,000","113,300,000","136,700,000","121,700,000","98,100,000","108,700,000","157,100,000","118,200,000","171,900,000","157,600,000","166,700,000","171,500,000","165,200,000","153,100,000","171,000,000","172,100,000","169,000,000","157,000,000","164,000,000","197,600,000","141,800,000","136,600,000","151,400,000","154,100,000","145,900,000","160,200,000","162,700,000","188,900,000","134,200,000","190,400,000","160,000,000","3,000,000","209,300,000","221,100,000","230,000,000","213,700,000","199,800,000","216,100,000","218,200,000","178,500,000","198,000,000","187,400,000","182,800,000","182,100,000","194,800,000","180,000,000","180,900,000","173,800,000","169,500,000","169,900,000","171,400,000","188,700,000","159,700,000","146,700,000","170,500,000","165,500,000","162,800,000","170,400,000","143,000,000","110,100,000","140,200,000","142,058,000","142,311,000","132,178,000","138,984,000","132,181,000","133,035,000","125,625,000","126,488,000","130,785,000","114,580,000","124,596,000","113,552,000","120,320,000","113,641,000","119,558,000","108,935,000","103,892,000","106,991,000","96,568,000","111,284,000","106,154,000","106,940,000","103,930,000","98,455,000","105,955,000","99,287,000","100,170,000","90,900,000","94,200,000","94,200,000","101,600,000","88,200,000","86,400,000","84,800,000","101,600,000","83,300,000","84,400,000","89,200,000","83,700,000","85,200,000","93,300,000","99,100,000","93,600,000","95,100,000","89,600,000","95,600,000",,,,
		GeneralAndAdministrativeExpense,"386,400,000","83,100,000","91,400,000","112,800,000","97,400,000","78,900,000","89,900,000","128,300,000","86,800,000","100,300,000","91,300,000","98,000,000","103,100,000","102,800,000","95,100,000","104,500,000","102,800,000","110,100,000","98,900,000","98,000,000","133,300,000","87,200,000","79,500,000","87,700,000","90,700,000","95,200,000","101,900,000","97,100,000","-54,400,000","134,200,000","190,400,000","160,000,000","3,000,000","209,300,000","221,100,000","230,000,000","213,700,000","199,800,000","216,100,000","218,200,000","178,500,000","198,000,000",,,,"194,800,000",,,,,,,,,,,,,,,,,,,,,,,,,,,,,,,,,,,,,,,,,,,,,,,,,,,,,,,,,,,,,,,,,,
			OtherGandA,"386,400,000","83,100,000","91,400,000","112,800,000","97,400,000","78,900,000","89,900,000","128,300,000","86,800,000","100,300,000","91,300,000","98,000,000","103,100,000","102,800,000","95,100,000","104,500,000","102,800,000","110,100,000","98,900,000","98,000,000","133,300,000","87,200,000","79,500,000","87,700,000","90,700,000","95,200,000","101,900,000","97,100,000","-54,400,000","134,200,000","190,400,000","160,000,000","3,000,000","209,300,000","221,100,000","230,000,000","213,700,000","199,800,000","216,100,000","218,200,000","178,500,000","198,000,000",,,,"194,800,000",,,,,,,,,,,,,,,,,,,,,,,,,,,,,,,,,,,,,,,,,,,,,,,,,,,,,,,,,,,,,,,,,,
		SellingAndMarketingExpense,"97,300,000","27,200,000","21,900,000","23,900,000","24,300,000","19,200,000","18,800,000","28,800,000","31,400,000","71,600,000","66,300,000","68,700,000","68,400,000","62,400,000","58,000,000","66,500,000","69,300,000","58,900,000","58,100,000","66,000,000","64,300,000","54,600,000","57,100,000","63,700,000","63,400,000","50,700,000","58,300,000","65,600,000","65,500,000",,,,,,,,,,,,,,,,,,,,,,,,,,,,,,,,,,,,,,,,,,,,,,,,,,,,,,,,,,,,,,,,,,,,,,,,,,,,,,,,,,,
	DepreciationAmortizationDepletionIncomeStatement,"364,500,000","94,300,000","92,100,000","89,000,000","89,100,000","88,200,000","86,000,000","87,600,000","94,400,000","87,700,000","87,600,000","86,200,000","87,900,000","85,300,000","82,800,000","80,700,000","79,000,000","79,200,000","78,800,000","76,100,000","70,400,000","67,900,000","67,800,000","66,800,000","66,800,000","67,000,000","75,300,000","81,100,000","80,900,000","79,600,000","80,100,000","78,700,000","-17,500,000","108,500,000","107,700,000","105,800,000","102,000,000","101,000,000","99,200,000","92,600,000","90,300,000","88,900,000","85,800,000","84,100,000","81,600,000","80,500,000","78,000,000","76,700,000","76,100,000","78,100,000","73,800,000","72,900,000","72,600,000","71,200,000","70,600,000","68,800,000","68,100,000","66,700,000","60,300,000","50,600,000","30,200,000","56,800,000","56,620,000","56,744,000","56,472,000","56,085,000","54,761,000","54,138,000","54,562,000","52,721,000","53,176,000","52,760,000","54,224,000","52,179,000","52,048,000","51,553,000","52,015,000","48,132,000","45,930,000","45,141,000","43,393,000","41,865,000","41,061,000","39,510,000","33,158,000","38,877,000","37,562,000","37,267,000","35,959,000","34,500,000","33,100,000","32,800,000","33,100,000","32,600,000","32,400,000","32,000,000","33,200,000","33,000,000","32,400,000","32,400,000","32,700,000","36,100,000","36,900,000","35,000,000","35,700,000","32,400,000","33,000,000","35,400,000",,,,
		DepreciationAndAmortizationInIncomeStatement,"364,500,000","94,300,000","92,100,000","89,000,000","89,100,000","88,200,000","86,000,000","87,600,000","94,400,000","87,700,000","87,600,000","86,200,000","87,900,000","85,300,000","82,800,000","80,700,000","79,000,000","79,200,000","78,800,000","76,100,000","70,400,000","67,900,000","67,800,000","66,800,000","66,800,000","67,000,000","75,300,000","81,100,000","80,900,000","79,600,000","80,100,000","78,700,000","-17,500,000","108,500,000","107,700,000","105,800,000","102,000,000","101,000,000","99,200,000","92,600,000","90,300,000","88,900,000","85,800,000","84,100,000","81,600,000","80,500,000","78,000,000","76,700,000","76,100,000","78,100,000","73,800,000","72,900,000","72,600,000","71,200,000","70,600,000","68,800,000","68,100,000","66,700,000","60,300,000","50,600,000","30,200,000","56,800,000","56,620,000","56,744,000","56,472,000","56,085,000","54,761,000","54,138,000","54,562,000","52,721,000","53,176,000","52,760,000","54,224,000","52,179,000","52,048,000","51,553,000","52,015,000","48,132,000","45,930,000","45,141,000","43,393,000","41,865,000","41,061,000","39,510,000","33,158,000","38,877,000","37,562,000","37,267,000","35,959,000","34,500,000","33,100,000","32,800,000","33,100,000","32,600,000","32,400,000","32,000,000","33,200,000","33,000,000","32,400,000","32,400,000","32,700,000","36,100,000","36,900,000","35,000,000","35,700,000","32,400,000","33,000,000","35,400,000",,,,
OperatingIncome,"1,147,800,000","297,200,000","242,900,000","280,800,000","328,600,000","151,100,000","120,700,000","56,600,000","-202,100,000","278,400,000","160,300,000","201,500,000","244,400,000","267,100,000","150,800,000","189,200,000","234,500,000","233,100,000","128,900,000","173,700,000","170,200,000","228,800,000","116,600,000","153,500,000","187,000,000","219,100,000","89,400,000","132,500,000","161,600,000","174,800,000","18,800,000","74,500,000","400,000","154,400,000","51,000,000","121,400,000","193,000,000","205,100,000","76,000,000","174,200,000","227,800,000","245,500,000","97,700,000","168,700,000","212,500,000","223,100,000","126,700,000","183,700,000","188,300,000","196,200,000","105,200,000","154,000,000","205,800,000","174,000,000","110,300,000","141,800,000","173,400,000","183,700,000","81,800,000","161,600,000","167,200,000","164,300,000","96,276,000","145,495,000","154,365,000","149,448,000","92,539,000","138,946,000","136,931,000","141,229,000","74,375,000","120,853,000","129,600,000","123,949,000","57,351,000","114,625,000","99,643,000","103,994,000","67,092,000","119,258,000","118,615,000","111,892,000","62,968,000","103,851,000","100,663,000","84,019,000","53,088,000","94,112,000","89,964,000","79,400,000","43,200,000","77,700,000","75,300,000","62,900,000","29,400,000","59,300,000","66,100,000","50,300,000","16,600,000","40,900,000","46,700,000","27,200,000","-10,200,000","33,900,000","59,300,000","62,000,000","31,400,000","57,400,000","-2,186,400,000","790,800,000","790,800,000","790,800,000"
NetNonOperatingInterestIncomeExpense,"-66,900,000","-17,500,000","-16,700,000","-15,600,000","-17,100,000","-15,200,000","-14,600,000","-16,600,000","-19,900,000","-13,200,000","-13,100,000","-11,100,000","-11,900,000","-12,400,000","-12,800,000","-13,100,000","-13,200,000","-117,400,000","-15,500,000","-15,000,000","-11,500,000","-9,300,000","-9,500,000","-9,900,000","-9,700,000","-83,100,000","-57,300,000","-22,400,000","-24,000,000","-23,300,000","-33,700,000","-111,300,000","-35,600,000","-33,100,000","-32,900,000","-32,700,000","-33,200,000","-31,900,000","-32,900,000","-27,900,000","-27,100,000","-27,700,000","-25,200,000","-21,700,000","-21,500,000","-24,000,000","-23,500,000","-24,600,000","-24,900,000","-20,800,000","-24,500,000","-23,700,000",,,,,,,,,,,,,,,,,,,,,,,,,,,,,,,,,,,,,,,,,,,,,,,,,,,,,,,,,,,,
	InterestExpenseNonOperating,,,,,,,,,,,,,,,,,,,,,,,,,,,,,,,,,,,,,,,"32,900,000","27,900,000","27,100,000",,"25,200,000","21,700,000",,,"23,500,000","24,600,000",,"20,800,000","24,500,000","23,700,000",,,,,,,,,,,,,,,,,,,,,,,,,,,,,,,,,,,,,,,,,,,,,,,,,,,,,,,,,,,,
	TotalOtherFinanceCost,,"17,500,000","16,700,000","15,600,000","17,100,000","15,200,000","14,600,000","16,600,000","19,900,000","13,200,000","13,100,000","11,100,000","11,900,000","12,400,000","12,800,000","13,100,000","13,200,000","117,400,000","15,500,000","15,000,000","11,500,000","9,300,000","9,500,000","9,900,000","9,700,000","83,100,000","57,300,000","22,400,000","24,000,000","23,300,000","33,700,000","111,300,000","35,600,000","33,100,000","32,900,000","32,700,000","33,200,000","31,900,000","32,900,000","27,900,000",,"27,700,000","25,200,000","21,700,000",,"24,000,000","23,500,000","24,600,000",,"20,800,000","24,500,000","23,700,000",,,,,,,,,,,,,,,,,,,,,,,,,,,,,,,,,,,,,,,,,,,,,,,,,,,,,,,,,,,,
OtherIncomeExpense,"-700,000","3,600,000","-300,000","-200,000","-5,500,000","-3,600,000","-400,000","-7,500,000","-388,300,000","-100,000","-153,400,000",,"-14,600,000","-1,600,000","-2,700,000","-100,000","-4,500,000","300,000",,"800,000","0","700,000","-100,000","7,800,000","-1,900,000","2,100,000","-7,700,000","1,700,000","-11,100,000","-4,400,000","-39,700,000","-6,900,000","-14,800,000",,,,,,,,,,,,,,,,,,,,,,,,,,,,"18,800,000","-16,300,000","-261,000","-4,650,000",,,,,,,,,,,,,"501,000",,"-143,000",,"299,000",,"2,269,000",,,,,,,,,,,,,,,,,,,,,,"0",,,"-75,000,000",,,,
	SpecialIncomeCharges,"300,000","3,800,000",,,"-5,200,000","-3,100,000",,,"-390,000,000","-100,000","-100,000","0","-14,600,000","-1,600,000","-2,700,000","-100,000","-4,500,000","300,000","0","800,000","0","700,000","-100,000","7,800,000","-1,900,000","2,100,000","-7,700,000","1,700,000","-11,100,000","-4,400,000","-39,700,000","-6,900,000","-14,800,000",,,,,,,,,,,,,,,,,,,,,,,,,,,,"18,800,000","-16,300,000","-261,000","-4,650,000",,,,,,,,,,,,,"501,000",,"-143,000",,"299,000",,"2,269,000",,,,,,,,,,,,,,,,,,,,,,"0",,,"-75,000,000",,,,
		RestructuringAndMergernAcquisition,,,,,,,,,,,,,,,,,,,,,,,,,,,,,,,,,,,,,,,,,,,,,,,,,,,,,,,,,,,,,,,,,,,,,,,,,,,,,"-501,000",,"143,000",,"-299,000",,"-2,269,000",,,,,,,,,,,,,,,,,,,,,,,,,,,,,
		ImpairmentOfCapitalAssets,,,,,"0",,,,"361,200,000",,,,,,,,,,,,,,,,,,,,,,,,,,,,,,,,,,,,,,,,,,,,,,,,,,,,,,,,,,,,,,,,,,,,,,,,,,,,,,,,,,,,,,,,,,,,,,,,,,,,,,,
		WriteOff,"1,800,000","-3,800,000",,,"7,300,000","3,100,000",,,"220,800,000","100,000","1,100,000","1,400,000","14,700,000","2,300,000","2,600,000","100,000","4,500,000","0","0","-800,000","0","700,000","1,300,000","0","2,500,000","0","7,700,000","-1,700,000","11,100,000","4,400,000","39,700,000","6,900,000","14,800,000",,,,,,,,,,,,,,,,,,,,,,,,,,,,,,,,,,,,,,,,,,,,,,,,,,,,,,,,,,,,,,,,,,,,,,,,,,,,,,,
		GainOnSaleOfPPE,,,,,,,,,"0",,"1,000,000","1,400,000","100,000","700,000","-100,000",,"0","300,000","0","800,000","0","1,400,000","1,200,000","7,800,000","600,000","2,100,000",,,,,,,,,,,,,,,,,,,,,,,,,,,,,,,,,,,,,,,,,,,,,,,,,,,,,,,,,,,,,,,,,,,,,,,,,,,,,,,,,,,,,,
	OtherNonOperatingIncomeExpenses,"-1,000,000","-200,000","-300,000","-200,000","-300,000","-500,000","-400,000","-7,500,000","1,700,000",,"-153,300,000",,,,,,,,,,,,,,,,,,,,,,,,,,,,,,,,,,,,,,,,,,,,,,,,,,,,,,,,,,,,,,,,,,,,,,,,,,,,,,,,,,,,,,,,,,,,,,,,,,,,,
PretaxIncome,"1,080,200,000","283,300,000","225,900,000","265,000,000","306,000,000","132,300,000","105,700,000","32,500,000","-610,300,000","265,100,000","-6,200,000","190,400,000","217,900,000","253,100,000","135,300,000","176,000,000","216,800,000","116,000,000","113,400,000","159,500,000","158,700,000","220,200,000","107,000,000","151,400,000","175,400,000","138,100,000","24,400,000","111,800,000","126,500,000","147,100,000","-54,600,000","-43,700,000","-53,500,000","121,300,000","18,100,000","88,700,000","159,800,000","173,200,000","43,100,000","146,300,000","200,700,000","217,800,000","72,500,000","147,000,000","186,300,000","199,100,000","103,200,000","159,100,000","157,200,000","175,400,000","80,700,000","130,300,000","167,100,000","148,500,000","82,500,000","114,400,000","146,700,000","156,900,000","59,200,000","151,900,000","176,700,000","137,800,000","85,732,000","130,577,000","134,516,000","139,136,000","80,869,000","127,998,000","121,639,000","130,824,000","63,368,000","109,889,000","76,383,000","113,005,000","46,626,000","103,984,000","89,198,000","93,325,000","56,220,000","109,005,000","108,701,000","102,776,000","56,255,000","95,577,000","92,578,000","75,491,000","45,311,000","87,838,000","90,007,000","72,700,000","38,000,000","73,200,000","78,700,000","58,600,000","24,600,000","53,900,000","60,400,000","45,300,000","11,800,000","36,200,000","-189,200,000","21,600,000","-15,900,000","28,900,000","54,300,000","56,500,000","26,000,000","-23,000,000",,,,
TaxProvision,"38,200,000","35,400,000","32,500,000","33,300,000","-63,000,000","3,100,000","8,800,000","-4,800,000","-130,600,000","31,800,000","-31,600,000","18,600,000","9,200,000","28,000,000","19,400,000","7,100,000","41,400,000","-102,500,000","24,800,000","38,200,000","33,300,000","53,900,000","27,300,000","40,300,000","35,000,000","29,900,000","-5,700,000","30,800,000","8,400,000","18,700,000","-23,800,000","-24,400,000","-37,100,000","11,800,000","-1,700,000","18,400,000","26,500,000","38,700,000","9,400,000","35,300,000","49,200,000","53,700,000","18,400,000","40,200,000","48,400,000","47,400,000","27,400,000","45,800,000","41,200,000","40,600,000","19,500,000","35,300,000","44,400,000","40,400,000","24,000,000","32,000,000","43,400,000","41,300,000","15,100,000","45,300,000","56,200,000","31,400,000","24,070,000","42,034,000","42,210,000","33,818,000","25,812,000","42,484,000","37,650,000","38,194,000","20,393,000","37,764,000","22,667,000","35,106,000","15,373,000","35,390,000","28,088,000","31,539,000","18,742,000","37,119,000","35,752,000","36,556,000","19,792,000","33,421,000","31,567,000","25,964,000","15,770,000","30,917,000","32,002,000","25,800,000","13,500,000","25,900,000","27,700,000","20,200,000","8,700,000","18,700,000","20,400,000","15,500,000","4,300,000","11,800,000","-73,200,000","5,900,000","-4,700,000","8,400,000","19,800,000","20,900,000","9,700,000","-10,900,000",,,,
NetIncomeCommonStockholders,"1,039,600,000","247,000,000","193,200,000","230,900,000","368,500,000","128,700,000","96,000,000","36,100,000","-480,000,000","232,300,000","24,700,000","170,600,000","208,000,000","223,600,000","115,600,000","166,200,000","174,500,000","217,800,000","84,700,000","119,000,000","123,800,000","165,600,000","79,500,000","110,200,000","139,600,000","105,800,000","43,200,000","86,400,000","105,300,000","133,800,000","-32,800,000","503,200,000","86,500,000","109,700,000","19,800,000","70,200,000","133,100,000","134,400,000","33,600,000","110,800,000","151,200,000","164,100,000","53,700,000","106,600,000","137,500,000","151,200,000","74,500,000","113,100,000","115,600,000","134,300,000","60,300,000","94,300,000","123,000,000","107,500,000","59,700,000","82,100,000","101,800,000","126,000,000","43,500,000","105,900,000","-55,200,000","106,400,000","61,662,000","88,543,000","92,306,000","105,318,000","55,057,000","85,514,000","83,989,000","92,630,000","42,975,000","72,125,000","53,716,000","77,899,000","31,253,000","68,594,000","61,110,000","61,786,000","37,478,000","71,886,000","72,949,000","66,220,000","36,463,000","62,156,000","61,011,000","49,527,000","29,541,000","56,921,000","58,005,000","46,900,000","24,500,000","47,300,000","51,000,000","38,400,000","15,900,000","35,200,000","40,000,000","29,800,000","7,500,000","24,400,000","-116,000,000","15,700,000","-11,200,000","20,500,000","34,500,000","35,600,000","16,300,000","-12,100,000","13,100,000","13,100,000","13,100,000","13,100,000"
	NetIncome,"1,039,600,000","247,000,000","193,200,000","230,900,000","368,500,000","128,700,000","96,000,000","36,100,000","-480,000,000","232,300,000","24,700,000","170,600,000","208,000,000","223,600,000","115,600,000","166,200,000","174,500,000","217,800,000","84,700,000","119,000,000","123,800,000","165,600,000","79,500,000","110,200,000","139,600,000","105,800,000","43,200,000","86,400,000","105,300,000","133,800,000","-32,800,000","503,200,000","86,500,000","109,700,000","19,800,000","70,200,000","133,100,000","134,400,000","33,600,000","110,800,000","151,200,000","164,100,000","53,700,000","106,600,000","137,500,000","151,200,000","74,500,000","113,100,000","115,600,000","134,300,000","60,300,000","94,300,000","123,000,000","107,500,000","59,700,000","82,100,000","101,800,000","126,000,000","43,500,000","105,900,000","-55,200,000","106,400,000","61,662,000","88,543,000","92,306,000","105,318,000","55,057,000","85,514,000","83,989,000","92,630,000","42,975,000","72,125,000","53,716,000","77,899,000","31,253,000","68,594,000","61,110,000","61,786,000","37,478,000","71,886,000","72,949,000","66,220,000","36,463,000","62,156,000","61,011,000","49,527,000","29,541,000","56,921,000","58,005,000","46,900,000","24,500,000","47,300,000","51,000,000","38,400,000","15,900,000","35,200,000","40,000,000","29,800,000","7,500,000","24,400,000","-116,000,000","15,700,000","-11,200,000","20,500,000","34,500,000","35,600,000","16,300,000","-12,100,000","13,100,000","13,100,000","13,100,000","13,100,000"
		NetIncomeIncludingNoncontrollingInterests,"1,039,600,000","247,000,000","193,200,000","230,900,000","368,500,000","128,700,000","96,000,000","36,100,000","-480,000,000","232,300,000","24,700,000","170,600,000","208,000,000","223,600,000","115,600,000","166,200,000","174,500,000","217,800,000","84,700,000","119,000,000","123,800,000","165,600,000","79,500,000","110,200,000","139,600,000","105,800,000","43,200,000","86,400,000","105,300,000","133,800,000","-32,800,000","503,200,000","86,500,000","109,700,000","19,800,000","70,200,000","133,100,000","134,400,000","33,600,000","110,800,000","151,200,000","164,100,000","53,700,000","106,600,000","137,500,000","151,200,000","74,500,000","113,100,000","115,600,000","134,300,000","60,300,000","94,300,000","123,000,000","107,500,000","59,700,000","82,100,000","101,800,000","126,000,000","43,500,000","105,900,000","-55,200,000","106,400,000","61,662,000","88,543,000","92,306,000","105,318,000","55,057,000","85,514,000","83,989,000","92,630,000","42,975,000","72,125,000","53,716,000","77,899,000","31,253,000","68,594,000","61,110,000","61,786,000","37,478,000","71,886,000","72,949,000","66,220,000","36,463,000","62,156,000","61,011,000","49,527,000","29,541,000","56,921,000","58,005,000","46,900,000","24,500,000","47,300,000","51,000,000","38,400,000","15,900,000","35,200,000","40,000,000","29,800,000","7,500,000","24,400,000","-116,000,000","15,700,000","-11,200,000","20,500,000","34,500,000","35,600,000","16,300,000","-12,100,000","13,100,000","13,100,000","13,100,000","13,100,000"
			NetIncomeContinuousOperations,"1,042,000,000","247,900,000","193,400,000","231,700,000","369,000,000","129,200,000","96,900,000","37,300,000","-479,700,000","233,300,000","25,400,000","171,800,000","208,700,000","225,100,000","115,900,000","168,900,000","175,400,000","218,500,000","88,600,000","121,300,000","125,400,000","166,300,000","79,700,000","111,100,000","140,400,000","108,200,000","30,100,000","81,000,000","118,100,000","128,400,000","-30,800,000","-19,300,000","-16,400,000","109,500,000","19,800,000","70,300,000","133,300,000","134,500,000","33,700,000","111,000,000","151,500,000","164,100,000","54,100,000","106,800,000","137,900,000","151,700,000","75,800,000","113,300,000","116,000,000","134,800,000","61,200,000","95,000,000","122,700,000","108,100,000","58,500,000","82,400,000","103,300,000","115,600,000","44,100,000","106,600,000","120,500,000","106,400,000","61,662,000","88,543,000","92,306,000","105,318,000","55,057,000","85,514,000","83,989,000","92,630,000","42,975,000","72,125,000","53,716,000","77,899,000","31,253,000","68,594,000","61,110,000","61,786,000","37,478,000","71,886,000","72,949,000","66,220,000","36,463,000","62,156,000","61,011,000","49,527,000","29,541,000","56,921,000","58,005,000","46,900,000","24,500,000","47,300,000","51,000,000","38,400,000","15,900,000","35,200,000","40,000,000","29,800,000","7,500,000","24,400,000","-116,000,000","15,700,000","-11,200,000","20,500,000","34,500,000","35,600,000","16,300,000","-12,100,000","13,100,000","13,100,000","13,100,000","13,100,000"
			NetIncomeDiscontinuousOperations,"-2,400,000","-900,000","-200,000","-800,000","-500,000","-500,000","-900,000","-1,200,000","-300,000","-1,000,000","-700,000","-1,200,000","-700,000","-1,500,000","-300,000","-2,700,000","-900,000","-700,000","-3,900,000","-2,300,000","-1,600,000","-700,000","-200,000","-900,000","-800,000","-2,400,000","13,100,000","5,400,000","-12,800,000","5,400,000","-2,000,000","522,500,000","102,900,000","200,000","0","-100,000","-200,000","-100,000","-100,000","-200,000","-300,000","0","-400,000","-200,000","-400,000","-500,000","-1,300,000","-200,000","-400,000","-500,000","-900,000","-700,000","300,000","-600,000","1,200,000","-300,000","-1,500,000","10,400,000","-600,000","-700,000",,,,,,,,,,,,,,,,,,,,,,,,,,,,,,,,,,,,,,,,,,,,,,,,,,,,
DilutedNIAvailtoComStockholders,"1,039,600,000","247,000,000","193,200,000","230,900,000","368,500,000","128,700,000","96,000,000","36,100,000","-480,000,000","232,300,000","24,700,000","170,600,000","208,000,000","223,600,000","115,600,000","166,200,000","174,500,000","217,800,000","84,700,000","119,000,000","123,800,000","165,600,000","79,500,000","110,200,000","139,600,000","105,800,000","43,200,000","86,400,000","105,300,000","133,800,000","-32,800,000","503,200,000","86,500,000","109,700,000","19,800,000","70,200,000","133,100,000","134,400,000","33,600,000","110,800,000","151,200,000","164,100,000","53,700,000","106,600,000","137,500,000","151,200,000","74,500,000","113,100,000","115,600,000","134,300,000","60,300,000","94,300,000","123,000,000","107,500,000","59,700,000","82,100,000","101,800,000","126,000,000","43,500,000","105,900,000","-55,200,000","106,400,000","61,662,000","88,543,000","92,306,000","105,318,000","55,057,000","85,514,000","83,989,000","92,630,000","42,975,000","72,125,000","53,716,000","77,899,000","31,253,000","68,594,000","61,110,000","61,786,000","37,478,000","71,886,000","72,949,000","66,220,000","36,463,000","62,156,000","61,011,000","49,527,000","29,541,000","56,921,000","58,005,000","46,900,000","24,500,000","47,300,000","51,000,000","38,400,000","15,900,000","35,200,000","40,000,000","29,800,000","7,500,000","24,400,000","-116,000,000","15,700,000","-11,200,000","20,500,000","34,500,000","35,600,000","16,300,000","-12,100,000","13,100,000","13,100,000","13,100,000","13,100,000"
BasicEPS,,"1.94","1.5","1.77","2.82","0.99","0.74","0.28","-3.86","1.92","0.2","1.39","1.69","1.81","0.93","1.34","1.41","1.76","0.69","0.95","0.99","1.33","0.65","0.88","1.1","0.83","0.34","0.68","0.83","1.07","-0.26","-0.15","0.66","0.84","0.15","0.54","1.03","1.04","0.26","0.86","1.18","1.28","0.41","0.8",,"1.11","0.54","0.82",,"0.96","0.43","0.68",,"0.79","0.44","0.59",,"0.9","0.31","0.75",,"0.74","0.42","0.61",,"0.7","0.37","0.56",,"0.59","0.27","0.46",,"0.47","0.19","0.42",,"0.36","0.22","0.42",,"0.38","0.207","0.354",,"0.273","0.167","0.313",,"0.247","0.127","0.24",,"0.187","0.073","0.167",,"0.133","0.033","0.107",,"0.067","-0.047","0.087",,"0.147","0.067","-0.053",,"0.053","0.053","0.053"
DilutedEPS,,"1.93","1.48","1.75","2.78","0.98","0.73","0.28","-3.86","1.89","0.2","1.37","1.67","1.79","0.92","1.32","1.39","1.73","0.67","0.93","0.98","1.32","0.64","0.87","1.09","0.82","0.33","0.67","0.82","1.05","-0.26","-0.15","0.65","0.82","0.15","0.53","1.01","1.02","0.26","0.85","1.15","1.25","0.4","0.78",,"1.08","0.53","0.8",,"0.94","0.43","0.67",,"0.78","0.43","0.58",,"0.88","0.3","0.72",,"0.72","0.41","0.59",,"0.67","0.35","0.53",,"0.56","0.26","0.44",,"0.46","0.18","0.4",,"0.35","0.21","0.4",,"0.36","0.2","0.34",,"0.267","0.16","0.307",,"0.24","0.12","0.233",,"0.18","0.073","0.16",,"0.133","0.033","0.107",,"0.067","-0.047","0.087",,"0.147","0.067","-0.053",,"0.053","0.053","0.053"
BasicAverageShares,,"127,000,000","129,200,000","130,300,000","130,900,000","130,500,000","130,300,000","130,000,000","124,500,000","121,300,000","122,200,000","122,900,000","123,100,000","123,300,000","123,900,000","123,800,000","123,600,000","123,600,000","123,600,000","125,200,000","125,000,000","124,100,000","123,100,000","124,900,000","126,400,000","127,600,000","128,100,000","127,400,000","126,300,000","124,600,000","127,700,000","132,200,000","131,900,000","131,300,000","130,600,000","130,200,000","129,800,000","129,300,000","128,800,000","128,100,000","128,500,000","128,000,000","130,300,000","133,800,000",,"136,400,000","137,600,000","138,600,000",,"139,300,000","139,000,000","138,700,000",,"136,100,000","137,000,000","139,000,000",,"140,400,000","142,000,000","140,800,000",,"142,900,000","145,300,000","144,900,000",,"149,400,000","149,600,000","153,300,000",,"157,300,000","156,800,000","157,600,000",,"164,200,000","164,900,000","164,700,000",,"170,700,000","170,900,000","171,600,000",,"175,050,000","175,200,000","176,011,994",,"179,700,000","179,700,000","182,308,846",,"191,550,000","196,200,000","196,984,841",,"205,611,480","216,709,827","211,094,453",,"223,388,306","224,887,556","228,635,682",,"235,382,309","239,880,060","236,420,251",,"242,605,970","244,377,811","226,761,619",,"245,502,249","245,502,249","245,502,249"
DilutedAverageShares,,"128,200,000","130,500,000","131,700,000","132,400,000","132,000,000","131,500,000","130,900,000","124,500,000","122,800,000","123,700,000","124,600,000","124,900,000","125,000,000","125,800,000","125,800,000","125,500,000","125,700,000","125,500,000","127,300,000","126,600,000","125,900,000","124,900,000","126,700,000","128,200,000","129,400,000","129,900,000","129,300,000","128,400,000","126,900,000","127,700,000","134,000,000","133,800,000","133,400,000","132,800,000","132,600,000","132,200,000","131,500,000","131,700,000","131,000,000","131,600,000","130,900,000","133,200,000","137,200,000",,"140,000,000","141,200,000","141,700,000",,"142,300,000","141,700,000","141,300,000",,"138,600,000","139,400,000","142,800,000",,"143,700,000","146,900,000","146,200,000",,"148,300,000","150,700,000","150,300,000",,"156,900,000","156,200,000","160,400,000",,"164,500,000","163,400,000","163,200,000",,"170,100,000","171,000,000","170,500,000",,"177,500,000","178,700,000","180,000,000",,"184,500,000","183,000,000","183,658,171",,"186,000,000","185,550,000","186,506,747",,"195,750,000","201,750,000","202,612,979",,"213,226,720","216,709,827","219,890,055",,"223,388,306","224,887,556","228,635,682",,"235,382,309","239,880,060","236,420,251",,"242,605,970","244,377,811","226,761,619",,"245,502,249","245,502,249","245,502,249"
TotalOperatingIncomeAsReported,"1,148,100,000","301,000,000","242,900,000","280,800,000","323,400,000","148,000,000","120,700,000","56,600,000","-592,100,000","278,300,000","160,200,000","201,500,000","229,800,000","265,500,000","148,100,000","189,100,000","230,000,000","233,400,000","128,900,000","174,500,000","170,200,000","229,500,000","116,500,000","161,300,000","185,100,000","221,200,000","81,700,000","134,200,000","150,500,000",,,,,,,,,,"76,000,000",,,"245,500,000","97,700,000",,,"223,100,000","126,700,000",,,,,,"193,800,000","174,000,000","110,300,000","141,800,000","173,400,000","183,700,000","81,800,000","161,600,000","167,200,000","164,300,000","96,276,000","145,495,000","144,691,000","149,448,000","92,539,000","138,946,000","132,382,000","141,229,000","74,375,000","120,853,000","87,732,000","123,949,000","57,351,000","114,625,000","100,144,000","103,994,000","66,949,000","119,258,000","118,914,000","111,892,000","65,237,000","103,851,000","100,663,000","84,019,000","53,088,000","94,112,000","89,964,000","79,400,000","43,200,000","77,700,000","75,300,000","62,900,000","29,400,000","59,300,000","66,100,000","50,300,000","16,600,000","40,900,000","46,700,000","27,200,000","-10,200,000","33,900,000","59,300,000","62,000,000","31,400,000","57,400,000",,,,
TotalExpenses,"8,158,500,000","2,151,700,000","2,029,300,000","2,025,200,000","1,950,600,000","1,581,900,000","1,535,800,000","1,470,800,000","1,472,200,000","2,068,100,000","1,896,100,000","1,932,400,000","1,984,700,000","1,979,400,000","1,822,600,000","1,872,200,000","1,899,600,000","1,895,300,000","1,752,600,000","1,762,400,000","1,764,400,000","1,649,900,000","1,525,900,000","1,560,900,000","1,603,200,000","1,628,400,000","1,519,400,000","1,554,500,000","1,716,700,000","1,556,100,000","1,540,200,000","1,521,300,000","-156,300,000","2,078,700,000","1,998,900,000","2,037,100,000","2,105,900,000","2,053,100,000","1,884,000,000","1,860,600,000","1,837,700,000","1,914,200,000","1,733,800,000","1,773,300,000","1,777,900,000","1,753,700,000","1,599,500,000","1,623,000,000","1,675,500,000","1,677,800,000","1,536,100,000","1,580,000,000","1,769,800,000","1,624,900,000","1,558,600,000","1,632,400,000","1,652,200,000","1,627,700,000","1,440,200,000","1,305,900,000","1,015,800,000","1,378,600,000","1,289,023,000","1,310,379,000","1,357,834,000","1,324,733,000","1,232,554,000","1,270,221,000","1,257,283,000","1,234,650,000","1,154,998,000","1,157,791,000","1,229,571,000","1,118,003,000","1,085,192,000","1,145,064,000","1,127,849,000","1,077,389,000","1,004,439,000","1,055,307,000","1,020,704,000","1,022,496,000","950,536,000","977,638,000","981,696,000","904,616,000","878,870,000","924,093,000","916,192,000","838,100,000","805,000,000","851,700,000","838,700,000","804,000,000","761,800,000","826,800,000","855,000,000","761,000,000","728,700,000","768,400,000","769,900,000","773,600,000","759,000,000","771,700,000","770,200,000","733,100,000","699,800,000","778,600,000",,,,
NetIncomeFromContinuingAndDiscontinuedOperation,"1,039,600,000","247,000,000","193,200,000","230,900,000","368,500,000","128,700,000","96,000,000","36,100,000","-480,000,000","232,300,000","24,700,000","170,600,000","208,000,000","223,600,000","115,600,000","166,200,000","174,500,000","217,800,000","84,700,000","119,000,000","123,800,000","165,600,000","79,500,000","110,200,000","139,600,000","105,800,000","43,200,000","86,400,000","105,300,000","133,800,000","-32,800,000","503,200,000","86,500,000","109,700,000","19,800,000","70,200,000","133,100,000","134,400,000","33,600,000","110,800,000","151,200,000","164,100,000","53,700,000","106,600,000","137,500,000","151,200,000","74,500,000","113,100,000","115,600,000","134,300,000","60,300,000","94,300,000","123,000,000","107,500,000","59,700,000","82,100,000","101,800,000","126,000,000","43,500,000","105,900,000","-55,200,000","106,400,000","61,662,000","88,543,000","92,306,000","105,318,000","55,057,000","85,514,000","83,989,000","92,630,000","42,975,000","72,125,000","53,716,000","77,899,000","31,253,000","68,594,000","61,110,000","61,786,000","37,478,000","71,886,000","72,949,000","66,220,000","36,463,000","62,156,000","61,011,000","49,527,000","29,541,000","56,921,000","58,005,000","46,900,000","24,500,000","47,300,000","51,000,000","38,400,000","15,900,000","35,200,000","40,000,000","29,800,000","7,500,000","24,400,000","-116,000,000","15,700,000","-11,200,000","20,500,000","34,500,000","35,600,000","16,300,000","-12,100,000","13,100,000","13,100,000","13,100,000","13,100,000"
NormalizedIncome,"1,041,710,609.146","244,575,000","193,400,000","231,700,000","372,796,000","132,228,700","96,900,000","37,300,000","-173,157,316.074","233,388,000","25,473,000","171,800,000","222,683,570.445","226,522,400","118,213,900","168,996,000","179,040,682.657","218,281,000","88,600,000","120,691,200","125,400,000","165,771,500","79,774,500","105,374,800","141,920,866.591","106,555,700","34,720,000","79,767,500","128,462,924.901","132,241,200","-4,995,000","-14,815,000","-16,400,000","109,500,000","19,800,000","70,300,000","133,300,000","134,500,000","33,700,000","111,000,000","151,500,000","164,100,000","54,100,000","106,800,000","137,900,000","151,700,000","75,800,000","113,300,000","116,000,000","134,800,000","61,200,000","95,000,000","122,700,000","108,100,000","58,500,000","82,400,000","103,300,000","115,600,000","44,100,000","106,600,000","107,679,400.113","118,985,776.488","61,849,721.994","91,696,119.998","92,306,000","105,318,000","55,057,000","85,514,000","83,989,000","92,630,000","42,975,000","72,125,000","53,716,000","77,899,000","31,253,000","68,594,000","60,766,762.371","61,786,000","37,573,328.246","71,886,000","72,748,341.763","66,220,000","34,992,294.338","62,156,000","61,011,000","49,527,000","29,541,000","56,921,000","58,005,000","46,900,000","24,500,000","47,300,000","51,000,000","38,400,000","15,900,000","35,200,000","40,000,000","29,800,000","7,500,000","24,400,000","-116,000,000","15,700,000","-11,200,000","20,500,000","34,500,000","35,600,000","16,300,000","32,900,000","13,100,000","13,100,000","13,100,000","13,100,000"
InterestExpense,,,,,,,,,,,,,,,,,,,,,,,,,,,,,,,,,,,,,,,"32,900,000","27,900,000","27,100,000",,"25,200,000","21,700,000",,,"23,500,000","24,600,000",,"20,800,000","24,500,000","23,700,000",,,,,,,,,,,,,,,,,,,,,,,,,,,,,,,,,,,,,,,,,,,,,,,,,,,,,,,,,,,,
NetInterestIncome,"-66,900,000","-17,500,000","-16,700,000","-15,600,000","-17,100,000","-15,200,000","-14,600,000","-16,600,000","-19,900,000","-13,200,000","-13,100,000","-11,100,000","-11,900,000","-12,400,000","-12,800,000","-13,100,000","-13,200,000","-117,400,000","-15,500,000","-15,000,000","-11,500,000","-9,300,000","-9,500,000","-9,900,000","-9,700,000","-83,100,000","-57,300,000","-22,400,000","-24,000,000","-23,300,000","-33,700,000","-111,300,000","-35,600,000","-33,100,000","-32,900,000","-32,700,000","-33,200,000","-31,900,000","-32,900,000","-27,900,000","-27,100,000","-27,700,000","-25,200,000","-21,700,000","-21,500,000","-24,000,000","-23,500,000","-24,600,000","-24,900,000","-20,800,000","-24,500,000","-23,700,000",,,,,,,,,,,,,,,,,,,,,,,,,,,,,,,,,,,,,,,,,,,,,,,,,,,,,,,,,,,,
EBIT,"1,134,200,000","297,200,000","242,900,000","280,800,000","315,000,000","151,100,000","120,700,000","56,600,000","-739,000,000","278,400,000","160,300,000","201,500,000","229,200,000","267,100,000","150,800,000","189,200,000","231,900,000","233,100,000","128,900,000","173,700,000","179,900,000","228,800,000","116,600,000","153,500,000","182,300,000","219,100,000","89,400,000","132,500,000","100,100,000","174,800,000","18,800,000","74,500,000","-17,300,000","154,400,000","51,000,000","121,400,000","193,900,000","205,100,000","76,000,000","174,200,000","228,700,000","245,500,000","97,700,000","168,700,000","208,700,000","223,100,000","126,700,000","183,700,000","183,400,000","196,200,000","105,200,000","154,000,000","194,700,000","174,000,000","110,300,000","141,800,000","173,400,000","183,700,000","81,800,000","161,600,000","167,200,000","164,300,000","96,276,000","145,495,000","154,365,000","149,448,000","92,539,000","138,946,000","136,931,000","141,229,000","74,375,000","120,853,000","129,600,000","123,949,000","57,351,000","114,625,000","99,643,000","103,994,000","67,092,000","119,258,000","118,615,000","111,892,000","62,968,000","103,851,000","100,663,000","84,019,000","53,088,000","94,112,000","89,964,000","79,400,000","43,200,000","77,700,000","75,300,000","62,900,000","29,400,000","59,300,000","66,100,000","50,300,000","16,600,000","40,900,000","46,700,000","27,200,000","-10,200,000","33,900,000","59,300,000","62,000,000","31,400,000","57,400,000","-2,186,400,000","790,800,000","790,800,000","790,800,000"
EBITDA,"1,498,700,000"
ReconciledCostOfRevenue,"7,310,300,000","1,947,100,000","1,823,900,000","1,799,500,000","1,739,800,000","1,395,600,000","1,341,100,000","1,226,100,000","1,259,600,000","1,808,500,000","1,650,900,000","1,679,500,000","1,725,300,000","1,728,900,000","1,586,700,000","1,620,500,000","1,648,500,000","1,647,100,000","1,516,800,000","1,522,300,000","1,496,400,000","1,440,200,000","1,321,500,000","1,342,700,000","1,382,300,000","1,415,500,000","1,283,900,000","1,310,700,000","1,446,900,000","1,342,300,000","1,269,700,000","1,282,600,000","-141,800,000","1,760,900,000","1,670,200,000","1,701,300,000","1,790,200,000","1,752,300,000","1,568,700,000","1,549,800,000","1,568,900,000","1,627,200,000","1,461,300,000","1,505,800,000","1,514,200,000","1,479,900,000","1,340,800,000","1,364,600,000","1,425,600,000","1,430,200,000","1,292,400,000","1,335,700,000","1,511,200,000","1,391,300,000","1,342,500,000","1,392,000,000","1,418,400,000","1,396,700,000","1,209,300,000","1,111,900,000","875,200,000","1,181,064,000","1,089,888,000","1,110,881,000","1,165,281,000","1,126,682,000","1,043,088,000","1,080,826,000","1,074,198,000","1,052,497,000","968,389,000","987,900,000","1,043,152,000","955,625,000","911,315,000","978,026,000","954,695,000","918,546,000","852,848,000","901,400,000","878,573,000","867,576,000","801,578,000","829,294,000","837,577,000","767,284,000","735,353,000","787,539,000","780,063,000","712,700,000","677,700,000","724,700,000","704,000,000","683,200,000","642,900,000","710,000,000","720,200,000","644,700,000","611,900,000","646,800,000","653,500,000","652,300,000","628,800,000","637,600,000","640,900,000","605,600,000","577,200,000","647,600,000",,,,
ReconciledDepreciation,"364,500,000","94,300,000","92,100,000","89,000,000","89,100,000","88,200,000","86,000,000","87,600,000","94,400,000","87,700,000","87,600,000","86,200,000","87,900,000","85,300,000","82,800,000","80,700,000","79,000,000","79,200,000","78,800,000","76,100,000","70,400,000","67,900,000","67,800,000","66,800,000","66,800,000","67,000,000","75,300,000","81,100,000","80,900,000","79,600,000","80,100,000","78,700,000","-17,500,000","108,500,000","107,600,000","105,800,000","102,000,000","101,000,000","99,200,000","92,600,000","90,300,000","89,000,000","85,100,000","84,700,000","81,600,000","79,000,000","78,700,000","77,500,000","76,100,000","78,100,000","73,800,000","72,900,000","69,900,000","73,900,000","69,400,000","69,900,000","68,300,000","68,200,000","60,500,000","51,000,000","30,500,000","57,336,000","57,077,000","57,187,000","60,375,000","59,067,000","57,285,000","56,360,000","57,460,000","55,665,000","55,824,000","55,311,000","61,823,000","48,826,000","53,557,000","53,397,000","53,596,000","49,908,000","47,699,000","46,916,000","45,563,000","43,636,000","42,804,000","41,404,000","40,189,000","38,877,000","37,562,000","37,267,000","35,959,000","34,500,000","33,100,000","32,800,000","33,100,000","32,600,000","32,500,000","32,000,000","33,200,000","33,000,000","32,400,000","32,400,000","32,700,000","36,100,000","36,900,000","35,000,000","35,700,000","32,400,000","33,000,000","35,400,000",,,,
NetIncomeFromContinuingOperationNetMinorityInterest,"1,042,000,000","247,900,000","193,400,000","231,700,000","369,000,000","129,200,000","96,900,000","37,300,000","-479,700,000","233,300,000","25,400,000","171,800,000","208,700,000","225,100,000","115,900,000","168,900,000","175,400,000","218,500,000","88,600,000","121,300,000","125,400,000","166,300,000","79,700,000","111,100,000","140,400,000","108,200,000","30,100,000","81,000,000","118,100,000","128,400,000","-30,800,000","-19,300,000","-16,400,000","109,500,000","19,800,000","70,300,000","133,300,000","134,500,000","33,700,000","111,000,000","151,500,000","164,100,000","54,100,000","106,800,000","137,900,000","151,700,000","75,800,000","113,300,000","116,000,000","134,800,000","61,200,000","95,000,000","122,700,000","108,100,000","58,500,000","82,400,000","103,300,000","115,600,000","44,100,000","106,600,000","120,500,000","106,400,000","61,662,000","88,543,000","92,306,000","105,318,000","55,057,000","85,514,000","83,989,000","92,630,000","42,975,000","72,125,000","53,716,000","77,899,000","31,253,000","68,594,000","61,110,000","61,786,000","37,478,000","71,886,000","72,949,000","66,220,000","36,463,000","62,156,000","61,011,000","49,527,000","29,541,000","56,921,000","58,005,000","46,900,000","24,500,000","47,300,000","51,000,000","38,400,000","15,900,000","35,200,000","40,000,000","29,800,000","7,500,000","24,400,000","-116,000,000","15,700,000","-11,200,000","20,500,000","34,500,000","35,600,000","16,300,000","-12,100,000","13,100,000","13,100,000","13,100,000","13,100,000"
TotalUnusualItemsExcludingGoodwill,"300,000","3,800,000",,,"-5,200,000","-3,100,000",,,"-390,000,000","-100,000","-100,000","0","-14,600,000","-1,600,000","-2,700,000","-100,000","-4,500,000","300,000","0","800,000","0","700,000","-100,000","7,800,000","-1,900,000","2,100,000","-7,700,000","1,700,000","-11,100,000","-4,400,000","-39,700,000","-6,900,000","-14,800,000",,,,,,,,,,,,,,,,,,,,,,,,,,,,"18,800,000","-16,300,000","-261,000","-4,650,000",,,,,,,,,,,,,"501,000",,"-143,000",,"299,000",,"2,269,000",,,,,,,,,,,,,,,,,,,,,,"0",,,"-75,000,000",,,,
TotalUnusualItems,"300,000","3,800,000",,,"-5,200,000","-3,100,000",,,"-390,000,000","-100,000","-100,000","0","-14,600,000","-1,600,000","-2,700,000","-100,000","-4,500,000","300,000","0","800,000","0","700,000","-100,000","7,800,000","-1,900,000","2,100,000","-7,700,000","1,700,000","-11,100,000","-4,400,000","-39,700,000","-6,900,000","-14,800,000",,,,,,,,,,,,,,,,,,,,,,,,,,,,"18,800,000","-16,300,000","-261,000","-4,650,000",,,,,,,,,,,,,"501,000",,"-143,000",,"299,000",,"2,269,000",,,,,,,,,,,,,,,,,,,,,,"0",,,"-75,000,000",,,,
NormalizedEBITDA,"1,498,400,000","387,700,000","335,000,000","369,800,000","409,300,000","242,400,000","206,700,000","144,200,000","-254,600,000","366,200,000","248,000,000","287,700,000","331,700,000","354,000,000","236,300,000","270,000,000","315,400,000","312,000,000","207,700,000","249,000,000","250,300,000","296,000,000","184,500,000","212,500,000","251,000,000","284,000,000","172,400,000","211,900,000","192,100,000","258,800,000","138,600,000","160,100,000","-34,800,000","262,900,000","158,700,000","227,200,000","295,900,000","306,100,000","175,200,000","266,800,000","319,000,000","334,500,000","183,500,000","253,400,000","290,300,000","303,600,000","205,400,000","261,200,000","259,500,000","274,300,000","179,000,000","226,900,000","267,300,000","247,900,000","180,900,000","211,700,000","241,700,000","251,900,000","142,300,000","212,600,000","178,900,000","237,936,000","153,614,000","207,332,000","214,740,000","208,515,000","149,824,000","195,306,000","194,391,000","196,894,000","130,199,000","176,164,000","191,423,000","176,128,000","110,908,000","168,022,000","152,738,000","153,902,000","114,934,000","166,174,000","163,879,000","155,528,000","103,503,000","145,255,000","140,852,000","122,896,000","90,650,000","131,379,000","125,923,000","113,900,000","76,300,000","110,500,000","108,400,000","95,500,000","61,900,000","91,300,000","99,300,000","83,300,000","49,000,000","73,300,000","79,400,000","63,300,000","26,700,000","68,900,000","95,000,000","94,400,000","64,400,000","167,800,000","-2,186,400,000","790,800,000","790,800,000","790,800,000"
TaxRateForCalcs,"0.035","0.125","0.144","0.126","0.27","0.023","0.083","0.27","0.214","0.12","0.27","0.098","0.042","0.111","0.143","0.04","0.191","0.27","0.219","0.239","0.21","0.245","0.255","0.266","0.2","0.217","0.4","0.275","0.066","0.127","0.35","0.35","0.35","0.097","0.35","0.207","0.166","0.223","0.218","0.241","0.245","0.247","0.254","0.273","0.26","0.238","0.266","0.288","0.262","0.231","0.242","0.271","0.266","0.272","0.291","0.28","0.296","0.263","0.255","0.298","0.318","0.228","0.281","0.322","0.314","0.243","0.319","0.332","0.31","0.292","0.322","0.344","0.297","0.311","0.33","0.34","0.315","0.338","0.333","0.341","0.329","0.356","0.352","0.35","0.341","0.344","0.348","0.352","0.356","0.355","0.355","0.354","0.352","0.345","0.354","0.347","0.338","0.342","0.364","0.326","0.387","0.273","0.296","0.291","0.365","0.37","0.373","0.4","0.4","0.4","0.4","0.4"
TaxEffectOfUnusualItems,"10,609.146","475,000","0","0","-1,404,000","-71,300","0","0","-83,457,316.074","-12,000","-27,000","0","-616,429.555","-177,600","-386,100","-4,000","-859,317.343","81,000","0","191,200","0","171,500","-25,500","2,074,800","-379,133.409","455,700","-3,080,000","467,500","-737,075.099","-558,800","-13,895,000","-2,415,000","0","0","0","0","0","0","0","0","0","0","0","0","0","0","0","0","0","0","0","0","0","0","0","0","0","0","0","0","5,979,400.113","-3,714,223.512","-73,278.006","-1,496,880.002","0","0","0","0","0","0","0","0","0","0","0","0","157,762.371","0","-47,671.754","0","98,341.763","0","798,294.338","0","0","0","0","0","0","0","0","0","0","0","0","0","0","0","0","0","0","0","0","0","0","0","0","-30,000,000","0","0","0","0"