name,ttm,12/31/2021,09/30/2021,06/30/2021,03/31/2021,12/31/2020,09/30/2020,06/30/2020,03/31/2020,12/31/2019,09/30/2019,06/30/2019,03/31/2019,12/31/2018,09/30/2018,06/30/2018,03/31/2018,12/31/2017,09/30/2017,06/30/2017,03/31/2017,12/31/2016,09/30/2016,06/30/2016,03/31/2016,12/31/2015,09/30/2015,06/30/2015,03/31/2015,12/31/2014,09/30/2014,06/30/2014,03/31/2014,12/31/2013,09/30/2013,06/30/2013,03/31/2013,12/31/2012,09/30/2012,06/30/2012,03/31/2012,12/31/2011,09/30/2011,06/30/2011,03/31/2011,12/31/2010,09/30/2010,06/30/2010,03/31/2010,12/31/2009,09/30/2009,06/30/2009,03/31/2009,12/31/2008,09/30/2008,06/30/2008,03/31/2008,12/31/2007,09/30/2007,06/30/2007,03/31/2007,12/31/2006,09/30/2006,06/30/2006,03/31/2006,12/31/2005,09/30/2005,06/30/2005,03/31/2005,12/31/2004,09/30/2004,06/30/2004,03/31/2004,12/31/2003,09/30/2003,06/30/2003,03/31/2003,12/31/2002,09/30/2002,06/30/2002,03/31/2002,12/31/2001,09/30/2001,06/30/2001,03/31/2001,12/31/2000,09/30/2000,06/30/2000,03/31/2000,12/31/1999,09/30/1999,06/30/1999,03/31/1999,12/31/1998,09/30/1998,06/30/1998,03/31/1998,12/31/1997,09/30/1997,06/30/1997,03/31/1997,12/31/1996,09/30/1996,06/30/1996,03/31/1996,12/31/1995,09/30/1995,06/30/1995,03/31/1995,12/31/1994,09/30/1994,06/30/1994,03/31/1994,12/31/1993,09/30/1993,06/30/1993,03/31/1993,12/31/1992,09/30/1992,06/30/1992,03/31/1992,12/31/1991,09/30/1991,06/30/1991,03/31/1991,12/31/1990,09/30/1990,06/30/1990,03/31/1990,12/31/1989,09/30/1989,06/30/1989,03/31/1989,12/31/1988,09/30/1988,06/30/1988,03/31/1988,12/31/1987,09/30/1987,06/30/1987,03/31/1987,12/31/1986,09/30/1986,06/30/1986,03/31/1986,12/31/1985,09/30/1985
TotalRevenue,"14,964,000,000","4,647,000,000","3,715,000,000","3,229,000,000","3,778,000,000","3,288,000,000","3,284,000,000","2,583,000,000","3,022,000,000","3,148,000,000","3,119,000,000","2,888,000,000","3,514,000,000","3,750,000,000","3,550,000,000","3,159,000,000","3,753,000,000","3,271,000,000","3,245,000,000","2,855,000,000","3,236,000,000","2,874,000,000","2,928,000,000","2,262,000,000","2,566,000,000","2,487,000,000","2,598,000,000","2,268,000,000","2,984,000,000","3,078,000,000","2,595,000,000","2,698,000,000","3,930,000,000","2,533,000,000","2,387,000,000","2,225,000,000","2,516,000,000","2,311,000,000","2,206,000,000","2,025,000,000","2,249,000,000","2,173,000,000","2,265,000,000","2,028,000,000","2,431,000,000","2,173,000,000","2,139,000,000","1,792,000,000","2,453,000,000","2,110,000,000","1,961,000,000","1,688,000,000","2,255,000,000","2,170,000,000","2,338,000,000","2,251,000,000","2,570,000,000","1,405,000,000","2,417,000,000","1,954,000,000","2,730,000,000","2,296,000,000","2,196,000,000","1,895,000,000","2,635,000,000","2,712,000,000","2,060,000,000","1,945,000,000","2,315,000,000","1,926,000,000","1,594,000,000","1,501,000,000","2,093,000,000","1,692,000,000","1,654,000,000","1,600,000,000","2,095,000,000","1,684,000,000","1,649,000,000","1,981,000,000","2,400,000,000","2,136,000,000","2,081,000,000","1,790,000,000","1,842,000,000","1,440,000,000","1,547,000,000","1,428,000,000","1,182,000,000","1,114,000,000","1,440,000,000","1,150,000,000","1,024,000,000","1,013,000,000","1,199,000,000","1,064,000,000","945,000,000","973,500,000","1,029,700,000","892,400,000","868,600,000","887,100,000","977,300,000","871,400,000","909,500,000","867,100,000","1,032,300,000","855,900,000","880,200,000","802,600,000","944,400,000","872,700,000","899,600,000","868,900,000","976,200,000","835,200,000","874,800,000","885,800,000","911,500,000","864,900,000","895,800,000","949,900,000","942,800,000","877,400,000","821,400,000","801,500,000","893,400,000","796,300,000","815,600,000","792,700,000","861,800,000","758,400,000","790,100,000","760,700,000","867,900,000","721,900,000","751,700,000","672,800,000","787,200,000","688,200,000","708,500,000","690,900,000","738,100,000","691,400,000","748,900,000","701,600,000","722,300,000"
	OperatingRevenue,"14,964,000,000","4,647,000,000","3,715,000,000","3,229,000,000","3,778,000,000","3,288,000,000","3,284,000,000","2,583,000,000","3,022,000,000","3,148,000,000","3,119,000,000","2,888,000,000","3,514,000,000","3,750,000,000","3,550,000,000","3,159,000,000","3,753,000,000","3,271,000,000","3,245,000,000","2,855,000,000","3,236,000,000","2,874,000,000","2,928,000,000","2,262,000,000","2,566,000,000","2,487,000,000","2,598,000,000","2,268,000,000","2,984,000,000","3,078,000,000","2,595,000,000","2,698,000,000","3,930,000,000","2,533,000,000","2,387,000,000","2,225,000,000","2,516,000,000","2,311,000,000","2,206,000,000","2,025,000,000","2,249,000,000","2,173,000,000","2,265,000,000","2,028,000,000","2,431,000,000","2,173,000,000","2,139,000,000","1,792,000,000","2,453,000,000","2,110,000,000","1,961,000,000","1,688,000,000","2,255,000,000","2,170,000,000","2,338,000,000","2,251,000,000","2,570,000,000","1,405,000,000","2,417,000,000","1,954,000,000","2,730,000,000","2,296,000,000","2,196,000,000","1,895,000,000","2,635,000,000","2,712,000,000","2,060,000,000","1,945,000,000","2,315,000,000","1,926,000,000","1,594,000,000","1,501,000,000","2,093,000,000","1,692,000,000","1,654,000,000","1,600,000,000","2,095,000,000","1,684,000,000","1,649,000,000","1,981,000,000","2,400,000,000","2,136,000,000","2,081,000,000","1,790,000,000","1,842,000,000","1,440,000,000","1,547,000,000","1,428,000,000","1,182,000,000","1,114,000,000","1,440,000,000","1,150,000,000","1,024,000,000","1,013,000,000","1,199,000,000","1,064,000,000","945,000,000","973,500,000","1,029,700,000","892,400,000","868,600,000","887,100,000","977,300,000","871,400,000","909,500,000","867,100,000","1,032,300,000","855,900,000","880,200,000","802,600,000","944,400,000","872,700,000","899,600,000","868,900,000","976,200,000","835,200,000","874,800,000","885,800,000","911,500,000","864,900,000","895,800,000","949,900,000","942,800,000","877,400,000","821,400,000","801,500,000","893,400,000","796,300,000","815,600,000","792,700,000","861,800,000","758,400,000","790,100,000","760,700,000","867,900,000","721,900,000","751,700,000","672,800,000","787,200,000","688,200,000","708,500,000","690,900,000","738,100,000","691,400,000","748,900,000","701,600,000","722,300,000"
CostOfRevenue,"11,628,000,000","3,759,000,000","2,858,000,000","2,368,000,000","2,752,000,000","2,339,000,000","2,223,000,000","1,727,000,000","2,014,000,000","2,289,000,000","2,245,000,000","2,178,000,000","2,558,000,000","3,003,000,000","2,739,000,000","2,460,000,000","2,860,000,000","2,515,000,000","2,472,000,000","2,203,000,000","2,309,000,000","2,203,000,000","2,099,000,000","1,673,000,000","1,857,000,000","1,947,000,000","1,870,000,000","1,735,000,000","2,224,000,000","2,164,000,000","1,979,000,000","2,087,000,000","2,996,000,000","1,934,000,000","1,695,000,000","1,645,000,000","1,759,000,000","3,841,000,000","761,000,000","697,000,000","889,000,000","829,000,000","866,000,000","771,000,000","1,071,000,000","824,000,000","763,000,000","608,000,000","995,000,000","846,000,000","735,000,000","577,000,000","960,000,000","974,000,000","1,034,000,000","1,032,000,000","1,266,000,000","957,000,000","763,000,000","698,000,000","1,135,000,000","779,000,000","629,000,000","588,000,000","1,060,000,000","1,084,000,000","839,000,000","638,000,000","969,000,000","573,000,000","316,000,000","377,000,000","741,000,000","483,000,000","452,000,000","493,000,000","813,000,000","435,000,000","484,000,000","907,000,000","1,224,000,000","1,010,000,000","1,084,000,000","908,000,000","948,000,000","563,000,000","747,000,000","579,000,000","344,000,000","272,000,000","510,000,000","322,000,000","231,000,000","211,000,000","359,000,000","285,000,000","208,000,000","213,600,000","228,000,000","196,900,000","198,500,000","215,700,000","226,600,000","204,300,000","199,200,000","191,500,000","245,000,000","208,200,000","204,800,000",,,,,,,,,,,,,,,,,,,,,,,,,,,,,,,,,,,,,,
GrossProfit,"3,336,000,000","888,000,000","857,000,000","861,000,000","1,026,000,000","949,000,000","1,061,000,000","856,000,000","1,008,000,000","859,000,000","874,000,000","710,000,000","956,000,000","747,000,000","811,000,000","699,000,000","893,000,000","756,000,000","773,000,000","652,000,000","927,000,000","671,000,000","829,000,000","589,000,000","709,000,000","540,000,000","728,000,000","533,000,000","760,000,000","914,000,000","616,000,000","611,000,000","934,000,000","599,000,000","692,000,000","580,000,000","757,000,000","-1,530,000,000","1,445,000,000","1,328,000,000","1,360,000,000","1,344,000,000","1,399,000,000","1,257,000,000","1,360,000,000","1,349,000,000","1,376,000,000","1,184,000,000","1,458,000,000","1,264,000,000","1,226,000,000","1,111,000,000","1,295,000,000","1,196,000,000","1,304,000,000","1,219,000,000","1,304,000,000","448,000,000","1,654,000,000","1,256,000,000","1,595,000,000","1,517,000,000","1,567,000,000","1,307,000,000","1,575,000,000","1,628,000,000","1,221,000,000","1,307,000,000","1,346,000,000","1,353,000,000","1,278,000,000","1,124,000,000","1,352,000,000","1,209,000,000","1,202,000,000","1,107,000,000","1,282,000,000","1,249,000,000","1,165,000,000","1,074,000,000","1,176,000,000","1,126,000,000","997,000,000","882,000,000","894,000,000","877,000,000","800,000,000","849,000,000","838,000,000","842,000,000","930,000,000","828,000,000","793,000,000","802,000,000","840,000,000","779,000,000","737,000,000","759,900,000","801,700,000","695,500,000","670,100,000","671,400,000","750,700,000","667,100,000","710,300,000","675,600,000","787,300,000","647,700,000","675,400,000",,,,,,,,,,,,,,,,,,,,,,,,,,,,,,,,,,,,,,
OperatingExpense,"1,781,000,000","442,000,000","450,000,000","494,000,000","490,000,000","488,000,000","459,000,000","434,000,000","472,000,000","443,000,000","423,000,000","397,000,000","414,000,000","396,000,000","372,000,000","369,000,000","392,000,000","368,000,000","349,000,000","346,000,000","358,000,000","362,000,000","322,000,000","334,000,000","328,000,000","309,000,000","287,000,000","311,000,000","309,000,000","384,000,000","377,000,000","362,000,000","374,000,000","358,000,000","363,000,000","357,000,000","347,000,000","-1,793,000,000","1,035,000,000","1,034,000,000","1,048,000,000","998,000,000","1,008,000,000","969,000,000","970,000,000","1,009,000,000","989,000,000","928,000,000","986,000,000","968,000,000","883,000,000","896,000,000","900,000,000","894,000,000","929,000,000","1,048,000,000","1,005,000,000","-926,000,000","1,401,000,000","1,466,000,000","1,377,000,000","1,390,000,000","1,200,000,000","1,210,000,000","1,338,000,000","1,234,000,000","1,278,000,000","1,241,000,000","1,203,000,000","977,000,000","1,160,000,000","1,090,000,000","988,000,000","1,054,000,000","950,000,000","1,000,000,000","1,049,000,000","975,000,000","879,000,000","875,000,000","828,000,000","798,000,000","785,000,000","970,000,000","650,000,000","637,000,000","628,000,000","646,000,000","623,000,000","648,000,000","649,000,000","617,000,000","578,000,000","612,000,000","574,000,000","531,000,000","504,000,000","478,000,000","512,300,000","468,500,000","467,300,000","466,200,000","594,300,000","454,900,000","447,800,000","467,600,000","473,200,000","416,700,000","399,200,000",,,,,,,,,,,,,,,,,,,,,,,,,,,,,,,,,,,,,,
	DepreciationAmortizationDepletionIncomeStatement,"1,377,000,000","367,000,000","344,000,000","380,000,000","368,000,000","384,000,000","356,000,000","350,000,000","353,000,000","340,000,000","322,000,000","305,000,000","296,000,000","298,000,000","273,000,000","272,000,000","281,000,000","274,000,000","258,000,000","249,000,000","249,000,000","274,000,000","230,000,000","243,000,000","229,000,000","227,000,000","196,000,000","220,000,000","209,000,000","290,000,000","293,000,000","282,000,000","280,000,000","283,000,000","284,000,000","268,000,000","259,000,000","248,000,000","265,000,000","250,000,000","232,000,000","243,000,000","259,000,000","248,000,000","245,000,000","252,000,000","271,000,000","253,000,000","251,000,000","282,000,000","266,000,000","240,000,000","232,000,000","224,000,000","235,000,000","216,000,000","226,000,000","216,000,000","249,000,000","242,000,000","225,000,000","213,000,000","355,000,000","221,000,000","225,000,000","207,000,000","239,000,000","216,000,000","208,000,000","208,000,000","190,000,000","179,000,000","167,000,000","140,000,000","170,000,000","180,000,000","197,000,000","169,000,000","210,000,000","186,000,000","194,000,000","196,000,000","227,000,000","188,000,000","184,000,000","178,000,000","202,000,000","186,000,000","192,000,000","188,000,000","183,000,000","182,000,000","182,000,000","165,000,000","169,000,000","162,000,000","165,000,000","171,800,000","157,700,000","164,800,000","165,600,000","156,500,000","156,400,000","155,000,000","156,400,000","147,200,000","147,200,000","146,400,000","146,800,000",,,,,,,,,,,,,,,,,,,,,,,,,,,,,,,,,,,,,,
		DepreciationAndAmortizationInIncomeStatement,"1,377,000,000","367,000,000","344,000,000","380,000,000","368,000,000","384,000,000","356,000,000","350,000,000","353,000,000","340,000,000","322,000,000","305,000,000","296,000,000","298,000,000","273,000,000","272,000,000","281,000,000","274,000,000","258,000,000","249,000,000","249,000,000","274,000,000","230,000,000","243,000,000","229,000,000","227,000,000","196,000,000","220,000,000","209,000,000","290,000,000","293,000,000",,,,,,,,,,,,,,,,,,,,,,,,,,,,,,,,,,,,,,,,,,,,,,,,,,,,,,,,,,,,,,,,,,,,,,,,,,,,,,,,,,,,,,,,,,,,,,,,,,,,,,,,,,,,,,,,,,,,
			DepreciationIncomeStatement,"1,361,000,000"
			Amortization,"16,000,000"
				AmortizationOfIntangiblesIncomeStatement,"16,000,000"
	OtherTaxes,"431,000,000","102,000,000","106,000,000","114,000,000","122,000,000","104,000,000","103,000,000","84,000,000","119,000,000","103,000,000","101,000,000","92,000,000","118,000,000","98,000,000","99,000,000","97,000,000","111,000,000","94,000,000","91,000,000","97,000,000","109,000,000","88,000,000","92,000,000","91,000,000","99,000,000","82,000,000","91,000,000","91,000,000","100,000,000","84,000,000","86,000,000","87,000,000","95,000,000","78,000,000","84,000,000","84,000,000","94,000,000","78,000,000","80,000,000","79,000,000","95,000,000","74,000,000","79,000,000","77,000,000","83,000,000","77,000,000","69,000,000","80,000,000","82,000,000","71,000,000","63,000,000","61,000,000","80,000,000","75,000,000","71,000,000","78,000,000","80,000,000","78,000,000","71,000,000","114,000,000","94,000,000","72,000,000","74,000,000","83,000,000","92,000,000","28,000,000","66,000,000","89,000,000","91,000,000","81,000,000","86,000,000","60,000,000","85,000,000","79,000,000","71,000,000","87,000,000","97,000,000","95,000,000","91,000,000","86,000,000","97,000,000","80,000,000","74,000,000","77,000,000","81,000,000","72,000,000","74,000,000","74,000,000","76,000,000","66,000,000","69,000,000","71,000,000","71,000,000","65,000,000","67,000,000","69,000,000","71,000,000","62,000,000","68,500,000","65,600,000","68,900,000","64,000,000","65,900,000","63,000,000","66,800,000","63,400,000","64,400,000","61,500,000","62,600,000",,,,,,,,,,,,,,,,,,,,,,,,,,,,,,,,,,,,,,
	OtherOperatingExpenses,"-27,000,000",,,"-6,000,000","-7,000,000",,,"-7,000,000","-6,000,000","-6,000,000","-5,000,000","-6,000,000","-7,000,000","-8,000,000","-7,000,000","-6,000,000","-7,000,000","-6,000,000","-5,000,000","-5,000,000","-7,000,000",,,,,,,,,,"-2,000,000","-7,000,000","-1,000,000","-3,000,000","-5,000,000","5,000,000","-6,000,000","7,000,000","-2,000,000","-3,000,000","-5,000,000",,,"644,000,000","642,000,000","680,000,000","650,000,000","595,000,000","653,000,000","615,000,000","554,000,000","595,000,000","588,000,000","595,000,000","623,000,000","754,000,000","699,000,000","-1,220,000,000","1,081,000,000","1,110,000,000","1,058,000,000","1,105,000,000","771,000,000","906,000,000","1,021,000,000","999,000,000","973,000,000","936,000,000","904,000,000","688,000,000","884,000,000","851,000,000","736,000,000","835,000,000","709,000,000","733,000,000","755,000,000","711,000,000","578,000,000","603,000,000","537,000,000","522,000,000","484,000,000","705,000,000","385,000,000","387,000,000","352,000,000","386,000,000","355,000,000","394,000,000","397,000,000","364,000,000","325,000,000","382,000,000","338,000,000","300,000,000","268,000,000","244,200,000","286,100,000","238,100,000","232,800,000","245,700,000","372,000,000","236,900,000","224,600,000","257,000,000","261,600,000","208,800,000","189,800,000",,,,,,,,,,,,,,,,,,,,,,,,,,,,,,,,,,,,,,
OperatingIncome,"1,555,000,000","446,000,000","407,000,000","367,000,000","536,000,000","461,000,000","602,000,000","422,000,000","536,000,000","416,000,000","451,000,000","313,000,000","542,000,000","351,000,000","439,000,000","330,000,000","501,000,000","388,000,000","424,000,000","306,000,000","569,000,000","309,000,000","507,000,000","255,000,000","381,000,000","231,000,000","441,000,000","222,000,000","451,000,000","530,000,000","239,000,000","249,000,000","560,000,000","241,000,000","329,000,000","223,000,000","410,000,000","263,000,000","410,000,000","294,000,000","312,000,000","346,000,000","391,000,000","288,000,000","390,000,000","340,000,000","387,000,000","256,000,000","472,000,000","296,000,000","343,000,000","215,000,000","395,000,000","302,000,000","375,000,000","171,000,000","299,000,000","1,374,000,000","253,000,000","-210,000,000","218,000,000","127,000,000","367,000,000","97,000,000","237,000,000","394,000,000","-57,000,000","66,000,000","143,000,000","376,000,000","118,000,000","34,000,000","364,000,000","155,000,000","252,000,000","107,000,000","233,000,000","274,000,000","286,000,000","199,000,000","348,000,000","328,000,000","212,000,000","-88,000,000","244,000,000","240,000,000","172,000,000","203,000,000","215,000,000","194,000,000","281,000,000","211,000,000","215,000,000","190,000,000","266,000,000","248,000,000","233,000,000","281,900,000","289,400,000","227,000,000","202,800,000","205,200,000","156,400,000","212,200,000","262,500,000","208,000,000","314,100,000","231,000,000","276,200,000","802,600,000","944,400,000","872,700,000","899,600,000","868,900,000","976,200,000","835,200,000","874,800,000","885,800,000","911,500,000","864,900,000","895,800,000","949,900,000","942,800,000","877,400,000","821,400,000","801,500,000","893,400,000","796,300,000","815,600,000","792,700,000","861,800,000","758,400,000","790,100,000","760,700,000","867,900,000","721,900,000","751,700,000","672,800,000","787,200,000","688,200,000","708,500,000","690,900,000","738,100,000","691,400,000","748,900,000","701,600,000","722,300,000"
NetNonOperatingInterestIncomeExpense,"-608,000,000","-147,000,000","-150,000,000","-183,000,000","-174,000,000","-181,000,000","-163,000,000","-173,000,000","-165,000,000","-167,000,000","-158,000,000","-151,000,000","-148,000,000","-144,000,000","-139,000,000","-132,000,000","-132,000,000","-129,000,000","-142,000,000","-131,000,000","-122,000,000","-128,000,000","-111,000,000","-111,000,000","-102,000,000","-106,000,000","-112,000,000","-113,000,000","-106,000,000","-103,000,000","-105,000,000","-103,000,000","-108,000,000","-107,000,000","-104,000,000","-109,000,000","-107,000,000","-103,000,000","-110,000,000","-106,000,000","-111,000,000","-122,000,000","-117,000,000","-122,000,000","-123,000,000","-128,000,000","-139,000,000","-133,000,000","-137,000,000","-134,000,000","-132,000,000","-131,000,000","-129,000,000",,,,,,,,,,,,,,,,,,,,,,,,,,,,,,,,,,,,,,,,,,,,,,,,,,,,,,,,,,,,,,,,,,,,,,,,,,,,,,,,,,,,,,,,,,,,,,
	InterestIncomeNonOperating,"22,000,000","6,000,000","6,000,000","7,000,000","7,000,000","7,000,000","15,000,000","6,000,000","10,000,000","6,000,000","4,000,000","3,000,000","4,000,000","3,000,000","3,000,000","3,000,000","3,000,000","3,000,000","4,000,000","2,000,000","3,000,000","3,000,000","3,000,000","3,000,000","11,000,000","3,000,000","4,000,000","2,000,000","4,000,000","3,000,000","2,000,000","3,000,000","2,000,000","2,000,000","2,000,000","3,000,000","2,000,000","3,000,000","2,000,000","3,000,000","2,000,000","2,000,000","3,000,000","2,000,000","3,000,000","3,000,000","3,000,000","3,000,000","3,000,000","2,000,000","11,000,000","3,000,000","3,000,000",,,,,,,,,,,,,,,,,,,,,,,,,,,,,,,,,,,,,,,,,,,,,,,,,,,,,,,,,,,,,,,,,,,,,,,,,,,,,,,,,,,,,,,,,,,,,,
	InterestExpenseNonOperating,"630,000,000","153,000,000","156,000,000","190,000,000","181,000,000","188,000,000","178,000,000","179,000,000","175,000,000","173,000,000","162,000,000","154,000,000","152,000,000","147,000,000","142,000,000","135,000,000","135,000,000","132,000,000","146,000,000","133,000,000","125,000,000","131,000,000","114,000,000","114,000,000","113,000,000","109,000,000","116,000,000","115,000,000","110,000,000","106,000,000","107,000,000","106,000,000","110,000,000","109,000,000","106,000,000","112,000,000","109,000,000","106,000,000","112,000,000","109,000,000","113,000,000","124,000,000","120,000,000","124,000,000","126,000,000","131,000,000","142,000,000","136,000,000","140,000,000","136,000,000","143,000,000","134,000,000","132,000,000",,,,,,,,,,,,,,,,,,,,,,,,,,,,,,,,,,,,,,,,,,,,,,,,,,,,,,,,,,,,,,,,,,,,,,,,,,,,,,,,,,,,,,,,,,,,,,
OtherIncomeExpense,"-291,000,000","-5,000,000","-321,000,000","17,000,000","63,000,000","44,000,000","101,000,000","34,000,000","20,000,000","49,000,000","71,000,000","38,000,000","68,000,000","-34,000,000","69,000,000","57,000,000","50,000,000","-45,000,000","55,000,000","57,000,000","57,000,000","-29,000,000","39,000,000","51,000,000","44,000,000","-68,000,000","37,000,000","22,000,000","51,000,000","9,000,000","44,000,000","30,000,000","33,000,000","21,000,000","51,000,000","37,000,000","37,000,000","14,000,000","38,000,000","29,000,000","30,000,000","20,000,000","12,000,000","10,000,000","14,000,000","3,000,000","10,000,000","8,000,000","11,000,000","2,000,000","20,000,000","27,000,000","10,000,000","11,000,000","12,000,000","-5,000,000","138,000,000","-991,000,000","74,000,000","910,000,000","35,000,000","108,000,000","-15,000,000","-125,000,000","7,000,000","189,000,000","122,000,000","15,000,000","77,000,000","-174,000,000","62,000,000","80,000,000","-5,000,000","47,000,000","13,000,000",,"-20,000,000","-4,000,000","-4,000,000","-4,000,000","-9,000,000","5,000,000","-18,000,000","5,000,000","-1,000,000","-8,000,000","-6,000,000","-1,000,000","-2,000,000","-5,000,000","-4,000,000","-6,000,000","-3,000,000","-6,000,000","-4,000,000","-5,000,000",,"-8,200,000","-2,900,000","-3,400,000","-3,400,000","-1,800,000","1,700,000","-1,700,000","1,400,000","-100,000","-3,900,000","-1,500,000","-5,900,000",,,,,,,,,,,,,,,,,,,,,,,,,,,,,,,,,,,,,,
	GainOnSaleOfSecurity,"8,000,000","-98,000,000","57,000,000","23,000,000","26,000,000",,,"51,000,000","23,000,000","44,000,000","43,000,000","36,000,000","44,000,000","23,000,000","32,000,000","26,000,000","23,000,000","24,000,000","26,000,000","27,000,000","26,000,000",,,,,,,,,,,,,,,,,,,,,,,,,,,,,,,,,,,,,,,,,,,,,,,,,,,,,,,,,,,,,,,,,,,,,,,,,,,,,,,,,,,,,,,,,,,,,,,,,,,,,,,,,,,,,,,,,,,,,,,,,,,,,,
	EarningsFromEquityInterest,"179,000,000","148,000,000","17,000,000","41,000,000","32,000,000",,,"30,000,000","29,000,000","34,000,000","34,000,000","20,000,000","23,000,000","33,000,000","46,000,000","32,000,000","21,000,000","25,000,000","26,000,000","25,000,000","26,000,000",,,,,,,,,,,,,,,,,,,,,,,,,,,,,,,,,,,,,,,,,,,,,,,,,,,,,,,,,,,,,,,,,,,,,,,,,,,,,,,,,,,,,,,,,,,,,,,,,,,,,,,,,,,,,,,,,,,,,,,,,,,,,,
	SpecialIncomeCharges,"-426,000,000","-33,000,000","-371,000,000","-39,000,000","8,000,000","29,000,000","6,000,000","-48,000,000","16,000,000","5,000,000","4,000,000","-7,000,000","7,000,000","-11,000,000","-3,000,000","5,000,000","10,000,000","-26,000,000","-1,000,000","2,000,000","7,000,000","13,000,000","0","1,000,000","0","-97,000,000","-1,000,000","-18,000,000","10,000,000","2,000,000",,,,,,,,,"38,000,000","29,000,000","30,000,000","20,000,000","12,000,000","10,000,000","14,000,000","3,000,000","10,000,000","8,000,000","11,000,000","2,000,000","20,000,000","27,000,000","10,000,000","11,000,000","12,000,000","-5,000,000","138,000,000","-991,000,000","74,000,000","910,000,000","35,000,000","108,000,000","-15,000,000","-125,000,000","7,000,000","189,000,000","122,000,000","15,000,000","77,000,000","-174,000,000","62,000,000","80,000,000","-5,000,000","47,000,000","13,000,000",,"-20,000,000","-4,000,000","-4,000,000","-4,000,000","-9,000,000","5,000,000","-18,000,000","5,000,000","-1,000,000","-8,000,000","-6,000,000","-1,000,000","-2,000,000","-5,000,000","-4,000,000","-6,000,000","-3,000,000","-6,000,000","-4,000,000","-5,000,000",,"-8,200,000","-2,900,000","-3,400,000","-3,400,000","-1,800,000","1,700,000","-1,700,000","1,400,000","-100,000","-3,900,000","-1,500,000","-5,900,000",,,,,,,,,,,,,,,,,,,,,,,,,,,,,,,,,,,,,,
		ImpairmentOfCapitalAssets,,,,,,,,,,,,,,,,,,,,,,,,,,,,,,,,,,,,,,,,,,,,,,,,,"1,000,000",,,,,,,,,,,,,,,,,,,,,,,,,,,,,,,,,,,,,,,,,,,,,,,,,,,,,,,,,,,,,,,,,,,,,,,,,,,,,,,,,,,,,,,,,,,,,,,,,,
		WriteOff,,,,,,"-4,000,000","-6,000,000","55,000,000","-10,000,000","1,000,000","1,000,000","13,000,000","0","19,000,000","10,000,000","1,000,000","-3,000,000","32,000,000","6,000,000","3,000,000",,"8,000,000","0","-1,000,000","0","97,000,000","1,000,000","18,000,000","-10,000,000","-2,000,000",,,,,,,,,,,,,,,,,,,,,,,,,,,,,,,,,,,,,,,,,,,,,,,,,,,,,,,,,,,,,,,,,,,,,,,,,,,,,,,,,,,,,,,,,,,,,,,,,,,,,,,,,,,,,,,,,,,,,
		OtherSpecialCharges,"393,000,000","29,000,000","369,000,000","-6,000,000","-7,000,000",,,"-7,000,000","-6,000,000","-6,000,000","-5,000,000","-6,000,000","-7,000,000","-8,000,000","-7,000,000","-6,000,000","-7,000,000","-6,000,000","-5,000,000","-5,000,000","-7,000,000",,,,,,,,,,,,,,,,,,,,,,,,,,,,"-11,000,000",,,,,,,,,,,,,,,,,,,,,,,,,,,,,,,,,,,,,,,,,,,,,,,,,,,,,,,,,,,,,,,,,,,,,,,,,,,,,,,,,,,,,,,,,,,,,,,,,,
		GainOnSaleOfPPE,"-33,000,000","-4,000,000","-2,000,000","-45,000,000","1,000,000","4,000,000","6,000,000","-55,000,000","10,000,000","-1,000,000","-1,000,000","-13,000,000","0",,,,,,,,,,,,,,,,"10,000,000","2,000,000",,,,,,,,,,,,,,,,,,,,,,,,,,,,,,,,,,,,,,,,,,,,,,,,,,,,,,,,,,,,,,,,,,,,,,,,,,,,,,,,,,,,,,,,,,,,,,,,,,,,,,,,,,,,,,,,,,,,,
	OtherNonOperatingIncomeExpenses,"-52,000,000","-22,000,000","-24,000,000","-8,000,000","-3,000,000","-284,000,000","95,000,000","1,000,000","-48,000,000","-34,000,000","-10,000,000","-11,000,000","-6,000,000","-79,000,000","-6,000,000","-6,000,000","-4,000,000","-68,000,000","4,000,000","3,000,000","-2,000,000","-200,000,000","39,000,000","50,000,000","44,000,000","29,000,000","38,000,000","40,000,000","41,000,000","-3,000,000","44,000,000","30,000,000","33,000,000","21,000,000","51,000,000","37,000,000","37,000,000",,,,,,,,,,,,,,,,,,,,,,,,,,,,,,,,,,,,,,,,,,,,,,,,,,,,,,,,,,,,,,,,,,,,,,,,,,,,,,,,,,,,,,,,,,,,,,,,,,,,,,,,,,,,,,
PretaxIncome,"656,000,000","294,000,000","-64,000,000","201,000,000","425,000,000","324,000,000","540,000,000","283,000,000","391,000,000","298,000,000","364,000,000","200,000,000","462,000,000","173,000,000","369,000,000","255,000,000","419,000,000","214,000,000","337,000,000","232,000,000","504,000,000","152,000,000","435,000,000","195,000,000","323,000,000","57,000,000","366,000,000","131,000,000","396,000,000","436,000,000","178,000,000","176,000,000","485,000,000","155,000,000","276,000,000","151,000,000","340,000,000","174,000,000","338,000,000","217,000,000","231,000,000","244,000,000","286,000,000","176,000,000","281,000,000","215,000,000","258,000,000","131,000,000","346,000,000","164,000,000","231,000,000","111,000,000","276,000,000","186,000,000","266,000,000","46,000,000","316,000,000","83,000,000","252,000,000","632,000,000","184,000,000","172,000,000","248,000,000","-40,000,000","194,000,000","536,000,000","39,000,000","33,000,000","159,000,000","154,000,000","129,000,000","53,000,000","268,000,000","162,000,000","137,000,000","-18,000,000","82,000,000","160,000,000","148,000,000","64,000,000","202,000,000","195,000,000","59,000,000","-189,000,000","154,000,000","147,000,000","80,000,000","120,000,000","130,000,000","109,000,000","182,000,000","123,000,000","129,000,000","101,000,000","178,000,000","162,000,000","156,000,000","192,500,000","207,600,000","148,400,000","125,400,000","128,700,000","82,800,000","136,000,000","184,500,000","106,400,000","237,000,000","156,800,000","195,600,000",,,,,,,,,,,,,,,,,,,,,,,,,,,,,,,,,,,,,,
TaxProvision,"-130,000,000","-6,000,000","-119,000,000","22,000,000","28,000,000","49,000,000","63,000,000","6,000,000","49,000,000","30,000,000","47,000,000","21,000,000","54,000,000","-23,000,000","34,000,000","19,000,000","68,000,000","-66,000,000","74,000,000","57,000,000","110,000,000","28,000,000","110,000,000","50,000,000","83,000,000","-20,000,000","102,000,000","26,000,000","122,000,000","135,000,000","21,000,000","50,000,000","158,000,000","29,000,000","76,000,000","44,000,000","105,000,000","35,000,000","108,000,000","70,000,000","73,000,000","87,000,000","101,000,000","-24,000,000","103,000,000","59,000,000","92,000,000","44,000,000","116,000,000","50,000,000","73,000,000","27,000,000","97,000,000","57,000,000","97,000,000","18,000,000","116,000,000","12,000,000","55,000,000","247,000,000","50,000,000","28,000,000","59,000,000","-8,000,000","58,000,000","148,000,000","10,000,000","3,000,000","37,000,000","36,000,000","36,000,000","18,000,000","75,000,000","-67,000,000","-43,000,000","13,000,000","-26,000,000","-43,000,000","-13,000,000","-4,000,000","2,000,000","-23,000,000","-4,000,000","-102,000,000","19,000,000","8,000,000","-24,000,000","12,000,000","13,000,000","12,000,000","21,000,000","13,000,000","14,000,000","-5,000,000","46,000,000","61,000,000","52,000,000","63,300,000","75,700,000","63,500,000","54,400,000","51,000,000","37,900,000","57,700,000","76,100,000","53,500,000","89,000,000","65,200,000","82,100,000",,,,,,,,,,,,,,,,,,,,,,,,,,,,,,,,,,,,,,
NetIncomeCommonStockholders,"905,000,000","304,000,000","25,000,000","178,000,000","397,000,000","275,000,000","475,000,000","277,000,000","339,000,000","267,000,000","318,000,000","182,000,000","400,000,000","191,000,000","333,000,000","234,000,000","360,000,000","287,000,000","269,000,000","177,000,000","399,000,000","129,000,000","338,000,000","152,000,000","247,000,000","80,000,000","265,000,000","109,000,000","273,000,000","299,000,000","156,000,000","124,000,000","326,000,000","124,000,000","198,000,000","105,000,000","234,000,000","81,000,000","227,000,000","146,000,000","156,000,000","150,000,000","183,000,000","202,000,000","176,000,000","152,000,000","163,000,000","86,000,000","229,000,000","113,000,000","158,000,000","83,000,000","179,000,000","129,000,000","177,000,000","28,000,000","212,000,000","255,000,000","197,000,000","385,000,000","134,000,000","142,000,000","188,000,000","-33,000,000","136,000,000","382,000,000","4,000,000","29,000,000","122,000,000","13,000,000","93,000,000","35,000,000","186,000,000","141,000,000","176,000,000","-39,000,000","155,000,000","122,000,000","155,000,000","62,000,000","200,000,000","120,000,000","63,000,000","-89,000,000","138,000,000","139,000,000","104,000,000","108,000,000","117,000,000","97,000,000","161,000,000","110,000,000","115,000,000","106,000,000","132,000,000","101,000,000","104,000,000","129,200,000","131,900,000","84,900,000","71,000,000","77,700,000","44,900,000","78,300,000","108,400,000","52,900,000","141,500,000","84,200,000","106,100,000","87,900,000","117,000,000","79,900,000","105,500,000","123,300,000","146,000,000","94,800,000","127,100,000","143,300,000","147,800,000","118,100,000","148,400,000","127,900,000","155,400,000","127,200,000","124,700,000","102,400,000","140,300,000","108,900,000","127,600,000",,,,,,,,,,,,,,,,,,
	NetIncome,"907,000,000","306,000,000","25,000,000","179,000,000","397,000,000","275,000,000","476,000,000","277,000,000","340,000,000","267,000,000","319,000,000","182,000,000","401,000,000","191,000,000","334,000,000","234,000,000","361,000,000","287,000,000","270,000,000","177,000,000","400,000,000","131,000,000","338,000,000","152,000,000","247,000,000","80,000,000","265,000,000","109,000,000","273,000,000","299,000,000","156,000,000","124,000,000","326,000,000","124,000,000","198,000,000","105,000,000","234,000,000","81,000,000","227,000,000","146,000,000","156,000,000","150,000,000","183,000,000","202,000,000","176,000,000","152,000,000","163,000,000","86,000,000","229,000,000","113,000,000","158,000,000","83,000,000","179,000,000","129,000,000","177,000,000","28,000,000","212,000,000","255,000,000","197,000,000","385,000,000","134,000,000","142,000,000","188,000,000","-33,000,000","136,000,000","382,000,000","4,000,000","29,000,000","122,000,000","113,000,000","93,000,000","35,000,000","186,000,000","229,000,000","176,000,000","-33,000,000","155,000,000","203,000,000","161,000,000","68,000,000","200,000,000","218,000,000","63,000,000","-87,000,000","138,000,000","139,000,000","104,000,000","108,000,000","117,000,000","97,000,000","161,000,000","110,000,000","115,000,000","106,000,000","132,000,000","101,000,000","104,000,000","129,200,000","131,900,000","84,900,000","71,000,000","77,700,000","44,900,000","78,300,000","108,400,000","52,900,000","148,000,000","91,600,000","113,500,000","87,900,000","117,000,000","79,900,000","105,500,000","123,300,000","146,000,000","94,800,000","127,100,000","143,300,000","147,800,000","118,100,000","148,400,000","127,900,000","155,400,000","127,200,000","124,700,000","111,000,000","149,100,000","117,800,000","136,500,000",,,,,,,,,,,,,,,,,,
		NetIncomeIncludingNoncontrollingInterests,"903,000,000","305,000,000","22,000,000","179,000,000","397,000,000","275,000,000","477,000,000","277,000,000","342,000,000","268,000,000","317,000,000","179,000,000","408,000,000","196,000,000","335,000,000","236,000,000","351,000,000","280,000,000","263,000,000","175,000,000","394,000,000","124,000,000","325,000,000","145,000,000","240,000,000","77,000,000","264,000,000","105,000,000","274,000,000","301,000,000","157,000,000","126,000,000","327,000,000","126,000,000","200,000,000","107,000,000","235,000,000","83,000,000","230,000,000","147,000,000","158,000,000","157,000,000","185,000,000","200,000,000","178,000,000","156,000,000","166,000,000","87,000,000","230,000,000","114,000,000","158,000,000","84,000,000","178,000,000","130,000,000","178,000,000","30,000,000","213,000,000","417,000,000","152,000,000","330,000,000","76,000,000","82,000,000","178,000,000","-142,000,000","65,000,000","310,000,000","-84,000,000","-39,000,000","69,000,000","48,000,000","27,000,000","-16,000,000","156,000,000","138,000,000","176,000,000","-33,000,000","155,000,000","203,000,000","161,000,000","68,000,000","200,000,000","218,000,000","63,000,000","-87,000,000","138,000,000","139,000,000","104,000,000","108,000,000","117,000,000","97,000,000","161,000,000","110,000,000","115,000,000","106,000,000","133,000,000","103,000,000","107,000,000","132,500,000","134,800,000","87,800,000","73,900,000","80,600,000","47,800,000","81,200,000","115,700,000","80,600,000","148,000,000","91,600,000","113,500,000","87,900,000","117,000,000","79,900,000","105,500,000","123,300,000","146,000,000","94,800,000","127,100,000","143,300,000","147,800,000","118,100,000","148,400,000","127,900,000","155,400,000","127,200,000","124,700,000","111,000,000","149,100,000","117,800,000","136,500,000","87,600,000","139,500,000","96,100,000","102,700,000","-462,400,000","145,900,000","73,400,000","7,700,000","106,800,000","173,000,000","122,600,000","152,600,000","111,300,000","127,100,000","108,600,000","130,100,000","113,500,000","121,000,000"
			NetIncomeContinuousOperations,"786,000,000","300,000,000","55,000,000","179,000,000","397,000,000","275,000,000","477,000,000","277,000,000","342,000,000","268,000,000","317,000,000","179,000,000","408,000,000","196,000,000","335,000,000","236,000,000","351,000,000","280,000,000","263,000,000","175,000,000","394,000,000","124,000,000","325,000,000","145,000,000","240,000,000","77,000,000","264,000,000","105,000,000","274,000,000","301,000,000","157,000,000","126,000,000","327,000,000","126,000,000","200,000,000","107,000,000","235,000,000","139,000,000","230,000,000","147,000,000","158,000,000","157,000,000","185,000,000","200,000,000","178,000,000","156,000,000","166,000,000","87,000,000","230,000,000","114,000,000","158,000,000","84,000,000","179,000,000","129,000,000","169,000,000","28,000,000","200,000,000","71,000,000","197,000,000","385,000,000","134,000,000","144,000,000","189,000,000","-32,000,000","136,000,000","388,000,000","29,000,000","30,000,000","122,000,000","118,000,000","93,000,000","35,000,000","193,000,000","229,000,000","180,000,000","-31,000,000","108,000,000","203,000,000","161,000,000","68,000,000","200,000,000","218,000,000","63,000,000","-87,000,000","135,000,000","139,000,000","104,000,000","108,000,000","117,000,000","97,000,000","161,000,000","110,000,000","115,000,000","106,000,000","132,000,000","101,000,000","104,000,000","129,200,000","131,900,000","84,900,000","71,000,000","77,700,000","44,900,000","78,300,000","108,400,000","52,900,000","148,000,000","91,600,000","113,500,000","87,900,000","117,000,000","79,900,000","105,500,000","123,300,000","146,000,000","94,800,000","127,100,000","143,300,000","147,800,000","118,100,000","148,400,000","127,900,000","155,400,000","127,200,000","124,700,000","111,000,000","149,100,000","117,800,000","136,500,000","87,600,000","139,500,000","96,100,000","102,700,000","-462,400,000","145,900,000","73,400,000","7,700,000","106,800,000","173,000,000","122,600,000","152,600,000","111,300,000","127,100,000","108,600,000","130,100,000","113,500,000","121,000,000"
			NetIncomeDiscontinuousOperations,"117,000,000","5,000,000","-33,000,000",,,,,,,,,,,,,,,,,,,,,,,,,,,,,,,"0","0","0",,,,,,,,,,,,,,"0","0","0","0","0","8,000,000",,"12,000,000",,,,,"-2,000,000","-1,000,000","-1,000,000","-1,000,000","-3,000,000","-25,000,000","-1,000,000",,"-5,000,000",,,"-7,000,000","0","-4,000,000","-2,000,000","74,000,000",,,,,,,,,,,,,,,,,,,,,,,,,,,,,,,,,,,,,,,,,,,,,,,,,,,,,,,,,,,,,,,,,,,,,,
			NetIncomeExtraordinary,,,,,,,,,,,,,,,,,,,,,,,,,,,,,,,,,,,,,,,,,,,,,,,,,,,,,,,,,,,,,,"0",,,"1,000,000",,,,,,,,,"0",,,"-27,000,000",,,,,"0",,,"3,000,000",,,,,,,,,,,,,,,,,,,,,,,,,,,,,,,,,,,,,,,,,,,,,,,,,,,,,,,,,,,,,,
		MinorityInterests,"4,000,000","1,000,000","3,000,000","0","0","0","-1,000,000","0","-2,000,000","-1,000,000","2,000,000","3,000,000","-7,000,000","-5,000,000","-1,000,000","-2,000,000","10,000,000","7,000,000","7,000,000","2,000,000","6,000,000","7,000,000","13,000,000","7,000,000","7,000,000","3,000,000","1,000,000","4,000,000","-1,000,000","-2,000,000","-1,000,000","-2,000,000","-1,000,000","-2,000,000","-2,000,000","-2,000,000","-1,000,000","-2,000,000","-3,000,000","-1,000,000","-2,000,000","-7,000,000","-2,000,000","2,000,000","-2,000,000","-4,000,000","-3,000,000","-1,000,000","-1,000,000","-1,000,000","0","-1,000,000","1,000,000","-1,000,000","-1,000,000","-2,000,000","-1,000,000","-162,000,000","45,000,000","55,000,000","58,000,000","60,000,000","10,000,000","109,000,000","71,000,000","72,000,000","88,000,000","68,000,000","53,000,000","65,000,000","66,000,000","51,000,000","30,000,000",,,,,,,,,,,,,,,,,,,,,"0","-1,000,000","-2,000,000","-3,000,000","-3,300,000","-2,900,000","-2,900,000","-2,900,000","-2,900,000","-2,900,000","-2,900,000","-7,300,000",,,,,,,,,,,,,,,,,,,,,,,,,,,,,,,,,,,,,,,,,,
	PreferredStockDividends,,,,,,,,,,,,,,,,,,,,,,,,,,,,,,,,,,,,,,,,,,,,,,,,,,,,,,,,,,,,,,,,,,,,,,,,,,"88,000,000",,"6,000,000",,"81,000,000","6,000,000","6,000,000",,"98,000,000",,"2,000,000",,,,,,,,,,,,,,,,,,,,,,"0","6,500,000","7,400,000","7,400,000",,,,,,,,,,,,,,,,,,,,,,,,,,,,,,,,,,,,,,
	OtherunderPreferredStockDividend,,,,,,,,,,,,,,,,,,,,,,,,,,,,,,,,,,,,,,,,,,,,,,,,,,,,,,,,,,,,,,,,,,,,,,,,,,,,,,,,,,,,,,,,,,,,,,,,,,,,,,,,,,,,,,,,,,,,,,,,,,,,,,"8,600,000","8,800,000","8,900,000","8,900,000",,,,,,,,,,,,,,,,,,
DilutedNIAvailtoComStockholders,"905,000,000","304,000,000","25,000,000","178,000,000","397,000,000","275,000,000","475,000,000","277,000,000","339,000,000","267,000,000","318,000,000","182,000,000","400,000,000","191,000,000","333,000,000","234,000,000","360,000,000","287,000,000","269,000,000","177,000,000","399,000,000","129,000,000","338,000,000","152,000,000","247,000,000","80,000,000","265,000,000","109,000,000","273,000,000","299,000,000","156,000,000","124,000,000","326,000,000","124,000,000","198,000,000","105,000,000","234,000,000","81,000,000","227,000,000","146,000,000","156,000,000","150,000,000","183,000,000","202,000,000","176,000,000","152,000,000","163,000,000","86,000,000","229,000,000","113,000,000","158,000,000","83,000,000","179,000,000","129,000,000","177,000,000","28,000,000","212,000,000","255,000,000","197,000,000","385,000,000","134,000,000","142,000,000","188,000,000","-33,000,000","136,000,000","382,000,000","4,000,000","29,000,000","122,000,000","13,000,000","93,000,000","35,000,000","186,000,000","141,000,000","176,000,000","-39,000,000","155,000,000","122,000,000","155,000,000","62,000,000","200,000,000","120,000,000","63,000,000","-89,000,000","138,000,000","139,000,000","104,000,000","108,000,000","117,000,000","97,000,000","161,000,000","110,000,000","115,000,000","106,000,000","132,000,000","101,000,000","104,000,000","129,200,000","131,900,000","84,900,000","71,000,000","77,700,000","44,900,000","78,300,000","108,400,000","52,900,000","141,500,000","84,200,000","106,100,000","87,900,000","117,000,000","79,900,000","105,500,000","123,300,000","146,000,000","94,800,000","127,100,000","143,300,000","147,800,000","118,100,000","148,400,000","127,900,000","155,400,000","127,200,000","124,700,000","102,400,000","140,300,000","108,900,000","127,600,000",,,,,,,,,,,,,,,,,,
BasicEPS,,,"0.13","0.92","2.05",,"2.47","1.44","1.77",,"1.74","0.99","2.2",,"1.84","1.29","2.01",,"1.51","0.99","2.23","0.73","1.88","0.84","1.38",,"1.47","0.61","1.53","1.68","0.88","0.7","1.84",,"1.13","0.6","1.35",,"1.32","0.86","0.91",,"1.08","1.19","1.04",,"0.97","0.51","1.38",,"0.96","0.51","1.09",,"1.09","0.17","1.31",,"1.2","2.21","0.76",,"1.06","-0.19","0.77",,"0.02","0.17","0.7",,"0.54","0.2","1.1",,"1.05","-0.23","0.92",,"0.96","0.42","1.25",,"0.38","-0.6","0.98",,"0.73","0.76","0.81",,"1.11","0.76","0.79",,"0.91","0.69","0.72",,"0.91","0.59","0.49",,"0.31","0.54","0.75",,"0.98","0.58","0.73",,"0.8","0.54","0.72",,"0.99","0.64","0.86",,"1.01","0.8","1.01",,"1.06","0.87","0.85",,"0.96","0.74","0.87",,"0.89","0.59","0.64",,"0.91","0.41","-0.04",,"1.05","0.7","0.9",,"0.7","0.57","0.71",,"0.66"
DilutedEPS,,,"0.13","0.92","2.05",,"2.46","1.44","1.76",,"1.73","0.99","2.19",,"1.84","1.29","2",,"1.51","0.99","2.23","0.73","1.88","0.84","1.37",,"1.47","0.61","1.53","1.68","0.88","0.7","1.84",,"1.13","0.6","1.34",,"1.31","0.86","0.91",,"1.07","1.19","1.04",,"0.96","0.51","1.38",,"0.96","0.51","1.09",,"1.08","0.17","1.3",,"1.19","2.2","0.76",,"1.06","-0.19","0.76",,"0.02","0.17","0.7",,"0.54","0.2","1.09",,"1.04","-0.23","0.92",,"0.96","0.383","1.24",,"0.38","-0.6","0.98",,"0.73","0.76","0.81",,"1.11","0.76","0.79",,"0.91","0.69","0.72",,"0.91","0.59","0.49",,"0.31","0.54","0.75",,"0.98","0.58","0.73",,"0.8","0.54","0.72",,"0.99","0.64","0.86",,"1.01","0.8","1.01",,"1.06","0.87","0.85",,"0.96","0.74","0.87",,"0.89","0.59","0.64",,"0.91","0.41","-0.04",,"1.05","0.7","0.9",,"0.7","0.57","0.71",,"0.66"
BasicAverageShares,,,"193,000,000","193,000,000","194,000,000",,"193,000,000","192,000,000","192,000,000",,"183,000,000","183,000,000","182,000,000",,"182,000,000","181,000,000","180,000,000",,"179,000,000","179,000,000","179,000,000","179,000,000","179,000,000","179,000,000","179,000,000",,"179,000,000","179,000,000","178,000,000","177,000,000","177,000,000","177,000,000","177,000,000",,"175,000,000","174,000,000","173,000,000",,"172,000,000","170,000,000","170,000,000",,"169,000,000","169,000,000","169,000,000",,"169,000,000","169,000,000","166,000,000",,"165,000,000","164,000,000","163,000,000",,"162,000,000","162,000,000","162,000,000",,"165,000,000","174,000,000","176,000,000",,"177,000,000","177,000,000","177,000,000",,"176,000,000","174,000,000","174,000,000",,"173,000,000","173,000,000","170,000,000",,"168,000,000","168,000,000","167,000,000",,"167,000,000","161,000,000","161,000,000",,"164,000,000","145,000,000","140,816,327",,"142,465,753","142,105,263","144,444,444",,"145,000,000","145,000,000","145,057,000",,"145,054,945","146,376,812","144,444,444",,"144,945,055","143,898,305","144,897,959",,"144,838,710","145,000,000","144,533,333",,"144,387,755","145,172,414","145,342,466",,"146,250,000","147,962,963","146,527,778",,"147,474,747","148,125,000","147,790,698",,"146,336,634","147,625,000","146,930,693",,"146,603,774","146,206,897","146,705,882",,"146,145,833","147,162,162","146,666,667",,"146,837,000","146,819,000","146,774,000",,"146,774,000","146,754,000","146,753,000",,"146,737,000","146,724,000","146,720,000",,"146,653,000","146,632,000","146,596,000",,"144,171,000"
DilutedAverageShares,,,"194,000,000","194,000,000","194,000,000",,"193,000,000","193,000,000","192,000,000",,"184,000,000","184,000,000","183,000,000",,"182,000,000","181,000,000","180,000,000",,"179,000,000","179,000,000","179,000,000","179,000,000","180,000,000","180,000,000","180,000,000",,"180,000,000","179,000,000","178,000,000","177,000,000","177,000,000","177,000,000","177,000,000",,"176,000,000","175,000,000","173,000,000",,"172,000,000","171,000,000","170,000,000",,"170,000,000","170,000,000","170,000,000",,"170,000,000","169,000,000","166,000,000",,"165,000,000","164,000,000","163,000,000",,"163,000,000","163,000,000","163,000,000",,"166,000,000","175,000,000","177,000,000",,"178,000,000","177,000,000","178,000,000",,"177,000,000","175,000,000","175,000,000",,"174,000,000","174,000,000","170,000,000",,"168,000,000","168,000,000","168,000,000",,"168,000,000","162,000,000","161,000,000",,"165,000,000","145,000,000","140,816,327",,"142,465,753","142,105,263","144,444,444",,"145,000,000","145,000,000","145,170,000",,"145,054,945","146,376,812","144,444,444",,"144,945,055","143,898,305","144,897,959",,"144,838,710","145,000,000","144,533,333",,"144,387,755","145,172,414","145,342,466",,"146,250,000","147,962,963","146,527,778",,"147,474,747","148,125,000","147,790,698",,"146,336,634","147,625,000","146,930,693",,"146,603,774","146,206,897","146,705,882",,"146,145,833","147,162,162","146,666,667",,"146,837,000","146,819,000","146,774,000",,"146,774,000","146,754,000","146,753,000",,"146,737,000","146,724,000","146,720,000",,"146,653,000","146,632,000","146,596,000",,"144,171,000"
TotalOperatingIncomeAsReported,"1,495,000,000","415,000,000","405,000,000","322,000,000","537,000,000","465,000,000","608,000,000","367,000,000","546,000,000","415,000,000","450,000,000","300,000,000","542,000,000","332,000,000","429,000,000","329,000,000","504,000,000","356,000,000","418,000,000","303,000,000","569,000,000","301,000,000","507,000,000","256,000,000","381,000,000","134,000,000","440,000,000","204,000,000","461,000,000","542,000,000","239,000,000","249,000,000","560,000,000","241,000,000","329,000,000","223,000,000","410,000,000","263,000,000","410,000,000","294,000,000","312,000,000","346,000,000","399,000,000","288,000,000","390,000,000","350,000,000","386,000,000","256,000,000","472,000,000","296,000,000","343,000,000","215,000,000","395,000,000","302,000,000","375,000,000","171,000,000","299,000,000","1,374,000,000","253,000,000","-210,000,000","218,000,000","127,000,000","367,000,000","97,000,000","237,000,000","394,000,000","-57,000,000","66,000,000","143,000,000","376,000,000","118,000,000","34,000,000","364,000,000","155,000,000","252,000,000","107,000,000","233,000,000","274,000,000","286,000,000","199,000,000","348,000,000","328,000,000","212,000,000","-88,000,000","244,000,000","240,000,000","172,000,000","203,000,000","215,000,000","194,000,000","281,000,000","211,000,000","215,000,000","190,000,000","266,000,000","248,000,000","233,000,000","281,900,000","289,400,000","227,000,000","202,800,000","205,200,000","156,400,000","212,200,000","262,500,000","208,000,000","314,100,000","231,000,000","276,200,000",,,,,,,,,,,,,,,,,,,,,,,,,,,,,,,,,,,,,,
TotalExpenses,"13,409,000,000","4,201,000,000","3,308,000,000","2,862,000,000","3,242,000,000","2,827,000,000","2,682,000,000","2,161,000,000","2,486,000,000","2,732,000,000","2,668,000,000","2,575,000,000","2,972,000,000","3,399,000,000","3,111,000,000","2,829,000,000","3,252,000,000","2,883,000,000","2,821,000,000","2,549,000,000","2,667,000,000","2,565,000,000","2,421,000,000","2,007,000,000","2,185,000,000","2,256,000,000","2,157,000,000","2,046,000,000","2,533,000,000","2,548,000,000","2,356,000,000","2,449,000,000","3,370,000,000","2,292,000,000","2,058,000,000","2,002,000,000","2,106,000,000","2,048,000,000","1,796,000,000","1,731,000,000","1,937,000,000","1,827,000,000","1,874,000,000","1,740,000,000","2,041,000,000","1,833,000,000","1,752,000,000","1,536,000,000","1,981,000,000","1,814,000,000","1,618,000,000","1,473,000,000","1,860,000,000","1,868,000,000","1,963,000,000","2,080,000,000","2,271,000,000","31,000,000","2,164,000,000","2,164,000,000","2,512,000,000","2,169,000,000","1,829,000,000","1,798,000,000","2,398,000,000","2,318,000,000","2,117,000,000","1,879,000,000","2,172,000,000","1,550,000,000","1,476,000,000","1,467,000,000","1,729,000,000","1,537,000,000","1,402,000,000","1,493,000,000","1,862,000,000","1,410,000,000","1,363,000,000","1,782,000,000","2,052,000,000","1,808,000,000","1,869,000,000","1,878,000,000","1,598,000,000","1,200,000,000","1,375,000,000","1,225,000,000","967,000,000","920,000,000","1,159,000,000","939,000,000","809,000,000","823,000,000","933,000,000","816,000,000","712,000,000","691,600,000","740,300,000","665,400,000","665,800,000","681,900,000","820,900,000","659,200,000","647,000,000","659,100,000","718,200,000","624,900,000","604,000,000",,,,,,,,,,,,,,,,,,,,,,,,,,,,,,,,,,,,,,
NetIncomeFromContinuingAndDiscontinuedOperation,"907,000,000","306,000,000","25,000,000","179,000,000","397,000,000","275,000,000","476,000,000","277,000,000","340,000,000","267,000,000","319,000,000","182,000,000","401,000,000","191,000,000","334,000,000","234,000,000","361,000,000","287,000,000","270,000,000","177,000,000","400,000,000","131,000,000","338,000,000","152,000,000","247,000,000","80,000,000","265,000,000","109,000,000","273,000,000","299,000,000","156,000,000","124,000,000","326,000,000","124,000,000","198,000,000","105,000,000","234,000,000","81,000,000","227,000,000","146,000,000","156,000,000","150,000,000","183,000,000","202,000,000","176,000,000","152,000,000","163,000,000","86,000,000","229,000,000","113,000,000","158,000,000","83,000,000","179,000,000","129,000,000","177,000,000","28,000,000","212,000,000","255,000,000","197,000,000","385,000,000","134,000,000","142,000,000","188,000,000","-33,000,000","135,000,000","385,000,000","4,000,000","29,000,000","122,000,000","113,000,000","93,000,000","35,000,000","186,000,000","229,000,000","176,000,000","-33,000,000","182,000,000","203,000,000","161,000,000","68,000,000","200,000,000","218,000,000","63,000,000","-87,000,000","135,000,000","139,000,000","104,000,000","108,000,000","117,000,000","97,000,000","161,000,000","110,000,000","115,000,000","106,000,000","132,000,000","101,000,000","104,000,000","129,200,000","131,900,000","84,900,000","71,000,000","77,700,000","44,900,000","78,300,000","108,400,000","52,900,000","148,000,000","91,600,000","113,500,000","87,900,000","117,000,000","79,900,000","105,500,000","123,300,000","146,000,000","94,800,000","127,100,000","143,300,000","147,800,000","118,100,000","148,400,000","127,900,000","155,400,000","127,200,000","124,700,000","111,000,000","149,100,000","117,800,000","136,500,000",,,,,,,,,,,,,,,,,,
NormalizedIncome,"1,095,140,000","396,630,000","287,220,000","193,248,756.219","365,380,000","108,641,975.309","470,700,000","274,060,000","306,070,000","222,932,885.906","278,110,000","156,190,000","356,120,000","182,240,000","307,610,000","205,309,803.922","333,280,000","288,200,000","250,500,000","155,250,000","374,260,000","46,973,684.211","338,000,000","151,260,000","247,000,000","138,200,000","265,720,000","123,400,000","266,100,000","299,000,000","156,000,000","124,000,000","326,000,000","124,000,000","198,000,000","105,000,000","234,000,000","137,000,000","201,142,011.834","126,354,838.71","135,480,519.481","137,131,147.541","175,237,762.238","195,500,000","167,131,672.598","149,823,255.814","156,565,891.473","80,687,022.901","221,687,861.272","111,609,756.098","144,320,346.32","62,567,567.568","172,514,492.754","121,370,967.742","161,375,939.85","31,043,478.261","112,658,227.848","918,722,891.566","139,150,793.651","-169,351,265.823","108,510,869.565","53,581,395.349","200,431,451.613","68,000,000","131,092,783.505","251,186,567.164","-61,717,948.718","16,363,636.364","62,918,238.994","251,324,675.325","48,302,325.581","-17,830,188.679","196,600,746.269","200,800,000","172,200,000","-31,000,000","120,000,000","205,400,000","163,400,000","70,400,000","208,910,891.089","215,000,000","73,800,000","-90,000,000","135,876,623.377","146,564,625.85","107,600,000","108,900,000","118,800,000","101,449,541.284","164,538,461.538","115,365,853.659","117,674,418.605","109,600,000","134,966,292.135","104,117,283.951","104,000,000","134,703,584.416","133,742,533.719","86,940,000","73,040,000","78,786,713.287","43,880,000","79,320,000","107,560,000","52,960,000","150,435,443.038","92,500,000","117,040,000","87,900,000","117,000,000","79,900,000","105,500,000","123,300,000","146,000,000","94,800,000","127,100,000","143,300,000","147,800,000","118,100,000","148,400,000","127,900,000","155,400,000","127,200,000","124,700,000","111,000,000","149,100,000","117,800,000","136,500,000",,,,,,,,,,,,,,,,,,
InterestIncome,"22,000,000","6,000,000","6,000,000","7,000,000","7,000,000","7,000,000","15,000,000","6,000,000","10,000,000","6,000,000","4,000,000","3,000,000","4,000,000","3,000,000","3,000,000","3,000,000","3,000,000","3,000,000","4,000,000","2,000,000","3,000,000","3,000,000","3,000,000","3,000,000","11,000,000","3,000,000","4,000,000","2,000,000","4,000,000","3,000,000","2,000,000","3,000,000","2,000,000","2,000,000","2,000,000","3,000,000","2,000,000","3,000,000","2,000,000","3,000,000","2,000,000","2,000,000","3,000,000","2,000,000","3,000,000","3,000,000","3,000,000","3,000,000","3,000,000","2,000,000","11,000,000","3,000,000","3,000,000",,,,,,,,,,,,,,,,,,,,,,,,,,,,,,,,,,,,,,,,,,,,,,,,,,,,,,,,,,,,,,,,,,,,,,,,,,,,,,,,,,,,,,,,,,,,,,
InterestExpense,"630,000,000","153,000,000","156,000,000","190,000,000","181,000,000","188,000,000","178,000,000","179,000,000","175,000,000","173,000,000","162,000,000","154,000,000","152,000,000","147,000,000","142,000,000","135,000,000","135,000,000","132,000,000","146,000,000","133,000,000","125,000,000","131,000,000","114,000,000","114,000,000","113,000,000","109,000,000","116,000,000","115,000,000","110,000,000","106,000,000","107,000,000","106,000,000","110,000,000","109,000,000","106,000,000","112,000,000","109,000,000","106,000,000","112,000,000","109,000,000","113,000,000","124,000,000","120,000,000","124,000,000","126,000,000","131,000,000","142,000,000","136,000,000","140,000,000","136,000,000","143,000,000","134,000,000","132,000,000",,,,,,,,,,,,,,,,,,,,,,,,,,,,,,,,,,,,,,,,,,,,,,,,,,,,,,,,,,,,,,,,,,,,,,,,,,,,,,,,,,,,,,,,,,,,,,
NetInterestIncome,"-608,000,000","-147,000,000","-150,000,000","-183,000,000","-174,000,000","-181,000,000","-163,000,000","-173,000,000","-165,000,000","-167,000,000","-158,000,000","-151,000,000","-148,000,000","-144,000,000","-139,000,000","-132,000,000","-132,000,000","-129,000,000","-142,000,000","-131,000,000","-122,000,000","-128,000,000","-111,000,000","-111,000,000","-102,000,000","-106,000,000","-112,000,000","-113,000,000","-106,000,000","-103,000,000","-105,000,000","-103,000,000","-108,000,000","-107,000,000","-104,000,000","-109,000,000","-107,000,000","-103,000,000","-110,000,000","-106,000,000","-111,000,000","-122,000,000","-117,000,000","-122,000,000","-123,000,000","-128,000,000","-139,000,000","-133,000,000","-137,000,000","-134,000,000","-132,000,000","-131,000,000","-129,000,000",,,,,,,,,,,,,,,,,,,,,,,,,,,,,,,,,,,,,,,,,,,,,,,,,,,,,,,,,,,,,,,,,,,,,,,,,,,,,,,,,,,,,,,,,,,,,,
EBIT,"1,286,000,000","447,000,000","92,000,000","391,000,000","606,000,000","512,000,000","718,000,000","462,000,000","566,000,000","471,000,000","526,000,000","354,000,000","614,000,000","320,000,000","511,000,000","390,000,000","554,000,000","346,000,000","483,000,000","365,000,000","629,000,000","283,000,000","549,000,000","309,000,000","436,000,000","166,000,000","482,000,000","246,000,000","506,000,000","542,000,000","285,000,000","282,000,000","595,000,000","264,000,000","382,000,000","263,000,000","449,000,000","280,000,000","450,000,000","326,000,000","344,000,000","368,000,000","406,000,000","300,000,000","407,000,000","346,000,000","400,000,000","267,000,000","486,000,000","300,000,000","374,000,000","245,000,000","408,000,000","302,000,000","375,000,000","171,000,000","299,000,000","1,374,000,000","253,000,000","-210,000,000","218,000,000","127,000,000","367,000,000","97,000,000","237,000,000","394,000,000","-57,000,000","66,000,000","143,000,000","376,000,000","118,000,000","34,000,000","364,000,000","155,000,000","252,000,000","107,000,000","233,000,000","274,000,000","286,000,000","199,000,000","348,000,000","328,000,000","212,000,000","-88,000,000","244,000,000","240,000,000","172,000,000","203,000,000","215,000,000","194,000,000","281,000,000","211,000,000","215,000,000","190,000,000","266,000,000","248,000,000","233,000,000","281,900,000","289,400,000","227,000,000","202,800,000","205,200,000","156,400,000","212,200,000","262,500,000","208,000,000","314,100,000","231,000,000","276,200,000","802,600,000","944,400,000","872,700,000","899,600,000","868,900,000","976,200,000","835,200,000","874,800,000","885,800,000","911,500,000","864,900,000","895,800,000","949,900,000","942,800,000","877,400,000","821,400,000","801,500,000","893,400,000","796,300,000","815,600,000","792,700,000","861,800,000","758,400,000","790,100,000","760,700,000","867,900,000","721,900,000","751,700,000","672,800,000","787,200,000","688,200,000","708,500,000","690,900,000","738,100,000","691,400,000","748,900,000","701,600,000","722,300,000"
EBITDA,"2,745,000,000"
ReconciledCostOfRevenue,"11,546,000,000","3,759,000,000","2,858,000,000","2,368,000,000","2,752,000,000","2,339,000,000","2,223,000,000","1,727,000,000","2,014,000,000","2,289,000,000","2,245,000,000","2,178,000,000","2,558,000,000","3,003,000,000","2,739,000,000","2,460,000,000","2,860,000,000","2,515,000,000","2,472,000,000","2,203,000,000","2,309,000,000","2,203,000,000","2,099,000,000","1,673,000,000","1,857,000,000","1,947,000,000","1,870,000,000","1,735,000,000","2,224,000,000","2,164,000,000","1,979,000,000","2,087,000,000","2,996,000,000","1,934,000,000","1,695,000,000","1,645,000,000","1,759,000,000","3,818,000,000","761,000,000","697,000,000","889,000,000","829,000,000","866,000,000","771,000,000","1,071,000,000","824,000,000","763,000,000","608,000,000","995,000,000","846,000,000","735,000,000","577,000,000","960,000,000","974,000,000","1,034,000,000","1,033,000,000","1,267,000,000","963,000,000","763,000,000","698,000,000","1,135,000,000","779,000,000","629,000,000","588,000,000","1,060,000,000","1,082,000,000","839,000,000","638,000,000","969,000,000","573,000,000","316,000,000","377,000,000","741,000,000","483,000,000","452,000,000","493,000,000","809,000,000","435,000,000","484,000,000","907,000,000","1,224,000,000","1,010,000,000","1,084,000,000","908,000,000","948,000,000","602,000,000","747,000,000","579,000,000","344,000,000","243,000,000","539,000,000","322,000,000","231,000,000","211,000,000","359,000,000","285,000,000","208,000,000","213,600,000","228,000,000","196,900,000","198,500,000","215,700,000","226,600,000","204,300,000","199,200,000","191,500,000","245,000,000","208,200,000","204,800,000",,,,,,,,,,,,,,,,,,,,,,,,,,,,,,,,,,,,,,
ReconciledDepreciation,"1,459,000,000","367,000,000","344,000,000","380,000,000","368,000,000","384,000,000","356,000,000","350,000,000","353,000,000","340,000,000","322,000,000","305,000,000","296,000,000","298,000,000","273,000,000","272,000,000","281,000,000","274,000,000","258,000,000","249,000,000","249,000,000","274,000,000","230,000,000","243,000,000","229,000,000","227,000,000","196,000,000","220,000,000","209,000,000","290,000,000","293,000,000","282,000,000","280,000,000","283,000,000","284,000,000","268,000,000","259,000,000","271,000,000","265,000,000","250,000,000","232,000,000","243,000,000","259,000,000","248,000,000","245,000,000","252,000,000","271,000,000","253,000,000","251,000,000","282,000,000","266,000,000","240,000,000","232,000,000","224,000,000","235,000,000","215,000,000","225,000,000","210,000,000","249,000,000","242,000,000","225,000,000","213,000,000","355,000,000","221,000,000","225,000,000","209,000,000","239,000,000","216,000,000","208,000,000","208,000,000","190,000,000","179,000,000","167,000,000","140,000,000","170,000,000","180,000,000","201,000,000","169,000,000","210,000,000","186,000,000","194,000,000","196,000,000","227,000,000","188,000,000","184,000,000","139,000,000","202,000,000","186,000,000","192,000,000","217,000,000","154,000,000","182,000,000","182,000,000",,,,,,,,,,,,,,,,,,,,,,,,,,,,,,,,,,,,,,,,,,,,,,,,,,,,,,
NetIncomeFromContinuingOperationNetMinorityInterest,"790,000,000","301,000,000","58,000,000","179,000,000","397,000,000","275,000,000","476,000,000","277,000,000","340,000,000","267,000,000","319,000,000","182,000,000","401,000,000","191,000,000","334,000,000","234,000,000","361,000,000","287,000,000","270,000,000","177,000,000","400,000,000","131,000,000","338,000,000","152,000,000","247,000,000","80,000,000","265,000,000","109,000,000","273,000,000","299,000,000","156,000,000","124,000,000","326,000,000","124,000,000","198,000,000","105,000,000","234,000,000","137,000,000","227,000,000","146,000,000","156,000,000","150,000,000","183,000,000","202,000,000","176,000,000","152,000,000","163,000,000","86,000,000","229,000,000","113,000,000","158,000,000","83,000,000","179,000,000","129,000,000","169,000,000","28,000,000","200,000,000","71,000,000","197,000,000","385,000,000","134,000,000","144,000,000","189,000,000","-32,000,000","136,000,000","388,000,000","29,000,000","30,000,000","122,000,000","118,000,000","93,000,000","35,000,000","193,000,000","229,000,000","180,000,000","-31,000,000","108,000,000","203,000,000","161,000,000","68,000,000","200,000,000","218,000,000","63,000,000","-87,000,000","135,000,000","139,000,000","104,000,000","108,000,000","117,000,000","97,000,000","161,000,000","110,000,000","115,000,000","106,000,000","132,000,000","101,000,000","104,000,000","129,200,000","131,900,000","84,900,000","71,000,000","77,700,000","44,900,000","78,300,000","108,400,000","52,900,000","148,000,000","91,600,000","113,500,000","87,900,000","117,000,000","79,900,000","105,500,000","123,300,000","146,000,000","94,800,000","127,100,000","143,300,000","147,800,000","118,100,000","148,400,000","127,900,000","155,400,000","127,200,000","124,700,000","111,000,000","149,100,000","117,800,000","136,500,000",,,,,,,,,,,,,,,,,,
TotalUnusualItemsExcludingGoodwill,"-418,000,000","-131,000,000","-314,000,000","-16,000,000","34,000,000","196,000,000","6,000,000","3,000,000","39,000,000","49,000,000","47,000,000","29,000,000","51,000,000","12,000,000","29,000,000","31,000,000","33,000,000","-2,000,000","25,000,000","29,000,000","33,000,000","103,000,000","0","1,000,000","0","-97,000,000","-1,000,000","-18,000,000","10,000,000","2,000,000",,,,,,,,,"38,000,000","29,000,000","30,000,000","20,000,000","12,000,000","10,000,000","14,000,000","3,000,000","10,000,000","8,000,000","11,000,000","2,000,000","20,000,000","27,000,000","10,000,000","11,000,000","12,000,000","-5,000,000","138,000,000","-991,000,000","74,000,000","910,000,000","35,000,000","108,000,000","-15,000,000","-125,000,000","7,000,000","189,000,000","122,000,000","15,000,000","77,000,000","-174,000,000","62,000,000","80,000,000","-5,000,000","47,000,000","13,000,000",,"-20,000,000","-4,000,000","-4,000,000","-4,000,000","-9,000,000","5,000,000","-18,000,000","5,000,000","-1,000,000","-8,000,000","-6,000,000","-1,000,000","-2,000,000","-5,000,000","-4,000,000","-6,000,000","-3,000,000","-6,000,000","-4,000,000","-5,000,000",,"-8,200,000","-2,900,000","-3,400,000","-3,400,000","-1,800,000","1,700,000","-1,700,000","1,400,000","-100,000","-3,900,000","-1,500,000","-5,900,000",,,,,,,,,,,,,,,,,,,,,,,,,,,,,,,,,,,,,,
TotalUnusualItems,"-418,000,000","-131,000,000","-314,000,000","-16,000,000","34,000,000","196,000,000","6,000,000","3,000,000","39,000,000","49,000,000","47,000,000","29,000,000","51,000,000","12,000,000","29,000,000","31,000,000","33,000,000","-2,000,000","25,000,000","29,000,000","33,000,000","103,000,000","0","1,000,000","0","-97,000,000","-1,000,000","-18,000,000","10,000,000","2,000,000",,,,,,,,,"38,000,000","29,000,000","30,000,000","20,000,000","12,000,000","10,000,000","14,000,000","3,000,000","10,000,000","8,000,000","11,000,000","2,000,000","20,000,000","27,000,000","10,000,000","11,000,000","12,000,000","-5,000,000","138,000,000","-991,000,000","74,000,000","910,000,000","35,000,000","108,000,000","-15,000,000","-125,000,000","7,000,000","189,000,000","122,000,000","15,000,000","77,000,000","-174,000,000","62,000,000","80,000,000","-5,000,000","47,000,000","13,000,000",,"-20,000,000","-4,000,000","-4,000,000","-4,000,000","-9,000,000","5,000,000","-18,000,000","5,000,000","-1,000,000","-8,000,000","-6,000,000","-1,000,000","-2,000,000","-5,000,000","-4,000,000","-6,000,000","-3,000,000","-6,000,000","-4,000,000","-5,000,000",,"-8,200,000","-2,900,000","-3,400,000","-3,400,000","-1,800,000","1,700,000","-1,700,000","1,400,000","-100,000","-3,900,000","-1,500,000","-5,900,000",,,,,,,,,,,,,,,,,,,,,,,,,,,,,,,,,,,,,,
NormalizedEBITDA,"3,163,000,000","945,000,000","750,000,000","787,000,000","940,000,000","700,000,000","1,068,000,000","809,000,000","880,000,000","762,000,000","801,000,000","630,000,000","859,000,000","606,000,000","755,000,000","631,000,000","802,000,000","622,000,000","716,000,000","585,000,000","845,000,000","454,000,000","779,000,000","551,000,000","665,000,000","490,000,000","679,000,000","484,000,000","705,000,000","832,000,000","578,000,000","564,000,000","875,000,000","547,000,000","666,000,000","531,000,000","708,000,000","551,000,000","677,000,000","547,000,000","546,000,000","591,000,000","653,000,000","538,000,000","638,000,000","595,000,000","661,000,000","512,000,000","726,000,000","580,000,000","620,000,000","458,000,000","630,000,000","515,000,000","598,000,000","392,000,000","387,000,000","2,581,000,000","428,000,000","-878,000,000","408,000,000","232,000,000","737,000,000","443,000,000","455,000,000","414,000,000","60,000,000","267,000,000","274,000,000","758,000,000","246,000,000","133,000,000","536,000,000","248,000,000","409,000,000","287,000,000","454,000,000","447,000,000","500,000,000","389,000,000","551,000,000","519,000,000","457,000,000","95,000,000","429,000,000","426,000,000","380,000,000","390,000,000","409,000,000","416,000,000","468,000,000","399,000,000","400,000,000","361,000,000","439,000,000","415,000,000","398,000,000","461,900,000","450,000,000","395,200,000","371,800,000","363,500,000","311,100,000","368,900,000","417,500,000","355,300,000","465,200,000","378,900,000","428,900,000","802,600,000","944,400,000","872,700,000","899,600,000","868,900,000","976,200,000","835,200,000","874,800,000","885,800,000","911,500,000","864,900,000","895,800,000","949,900,000","942,800,000","877,400,000","821,400,000","801,500,000","893,400,000","796,300,000","815,600,000","792,700,000","861,800,000","758,400,000","790,100,000","760,700,000","867,900,000","721,900,000","751,700,000","672,800,000","787,200,000","688,200,000","708,500,000","690,900,000","738,100,000","691,400,000","748,900,000","701,600,000","722,300,000"
TaxRateForCalcs,"0.27","0.27","0.27","0.109","0.07","0.151","0.117","0.02","0.13","0.101","0.13","0.11","0.12","0.27","0.09","0.075","0.16","0.4","0.22","0.25","0.22","0.184","0.25","0.26","0.26","0.4","0.28","0.2","0.31","0.31","0.12","0.28","0.33","0.187","0.28","0.29","0.31","0.201","0.32","0.323","0.316","0.357","0.353","0.35","0.367","0.274","0.357","0.336","0.335","0.305","0.316","0.243","0.351","0.306","0.365","0.391","0.367","0.145","0.218","0.391","0.272","0.163","0.238","0.2","0.299","0.276","0.256","0.091","0.233","0.234","0.279","0.34","0.28","0.4","0.4","0.4","0.4","0.4","0.4","0.4","0.01","0.4","0.4","0.4","0.123","0.054","0.4","0.1","0.1","0.11","0.115","0.106","0.109","0.4","0.258","0.377","0.333","0.329","0.365","0.4","0.4","0.396","0.4","0.4","0.4","0.4","0.376","0.4","0.4","0.4","0.4","0.4","0.4","0.4","0.4","0.4","0.4","0.4","0.4","0.4","0.4","0.4","0.4","0.4","0.4","0.4","0.4","0.4","0.4",,,,,,,,,,,,,,,,,,
TaxEffectOfUnusualItems,"-112,860,000","-35,370,000","-84,780,000","-1,751,243.781","2,380,000","29,641,975.309","700,000","60,000","5,070,000","4,932,885.906","6,110,000","3,190,000","6,120,000","3,240,000","2,610,000","2,309,803.922","5,280,000","-800,000","5,500,000","7,250,000","7,260,000","18,973,684.211","0","260,000","0","-38,800,000","-280,000","-3,600,000","3,100,000","0","0","0","0","0","0","0","0","0","12,142,011.834","9,354,838.71","9,480,519.481","7,131,147.541","4,237,762.238","3,500,000","5,131,672.598","823,255.814","3,565,891.473","2,687,022.901","3,687,861.272","609,756.098","6,320,346.32","6,567,567.568","3,514,492.754","3,370,967.742","4,375,939.85","-1,956,521.739","50,658,227.848","-143,277,108.434","16,150,793.651","355,648,734.177","9,510,869.565","17,581,395.349","-3,568,548.387","-25,000,000","2,092,783.505","52,186,567.164","31,282,051.282","1,363,636.364","17,918,238.994","-40,675,324.675","17,302,325.581","27,169,811.321","-1,399,253.731","18,800,000","5,200,000","0","-8,000,000","-1,600,000","-1,600,000","-1,600,000","-89,108.911","2,000,000","-7,200,000","2,000,000","-123,376.623","-435,374.15","-2,400,000","-100,000","-200,000","-550,458.716","-461,538.462","-634,146.341","-325,581.395","-2,400,000","-1,033,707.865","-1,882,716.049","0","-2,696,415.584","-1,057,466.281","-1,360,000","-1,360,000","-713,286.713","680,000","-680,000","560,000","-40,000","-1,464,556.962","-600,000","-2,360,000","0","0","0","0","0","0","0","0","0","0","0","0","0","0","0","0","0","0","0","0",,,,,,,,,,,,,,,,,,