name,ttm,12/31/2021,09/30/2021,06/30/2021,03/31/2021,12/31/2020,09/30/2020,06/30/2020,03/31/2020,12/31/2019,09/30/2019,06/30/2019,03/31/2019,12/31/2018,09/30/2018,06/30/2018,03/31/2018,12/31/2017,09/30/2017,06/30/2017,03/31/2017,12/31/2016,09/30/2016,06/30/2016,03/31/2016,12/31/2015,09/30/2015,06/30/2015,03/31/2015,12/31/2014,09/30/2014,06/30/2014,03/31/2014,12/31/2013,09/30/2013,06/30/2013,03/31/2013,12/31/2012,09/30/2012,06/30/2012,03/31/2012,12/31/2011,09/30/2011,06/30/2011,03/31/2011,12/31/2010,09/30/2010,06/30/2010,03/31/2010,12/31/2009,09/30/2009,06/30/2009,03/31/2009,12/31/2008,09/30/2008,06/30/2008,03/31/2008,12/31/2007,09/30/2007,06/30/2007,03/31/2007,12/31/2006,09/30/2006,06/30/2006,03/31/2006,12/31/2005,09/30/2005,06/30/2005,03/31/2005,12/31/2004,09/30/2004,06/30/2004,03/31/2004,12/31/2003,09/30/2003,06/30/2003,03/31/2003,12/31/2002,09/30/2002,06/30/2002,03/31/2002,12/31/2001,09/30/2001,06/30/2001,03/31/2001,12/31/2000,09/30/2000,06/30/2000,03/31/2000,12/31/1999,09/30/1999,06/30/1999,03/31/1999,12/31/1998,09/30/1998,06/30/1998,03/31/1998,12/31/1997,09/30/1997,06/30/1997,03/31/1997,12/31/1996,09/30/1996,06/30/1996,03/31/1996,11/30/1995,08/31/1995,05/31/1995,02/28/1995,11/30/1994,08/31/1994
TotalRevenue,"11,618,797,000","2,943,967,000","2,938,319,000","2,916,510,000","2,820,001,000","2,905,322,000","2,924,066,000","2,879,979,000","2,841,237,000","2,898,584,000","2,904,078,000","2,842,705,000","2,743,112,000","2,821,124,000","2,847,330,000","2,886,953,000","2,849,444,000","2,780,913,000","3,922,831,000","3,877,477,000","3,697,283,000","2,699,419,000","3,730,576,000","3,717,651,000","3,581,136,000","3,533,589,000","3,525,665,000","3,434,618,000","3,287,965,000","3,328,017,000","3,251,824,000","3,172,489,000","3,042,776,000","3,063,209,000","2,999,586,000","2,871,673,000","2,829,582,000","2,426,939,000","1,962,966,000","1,929,740,000","1,866,635,000","1,862,318,000","1,807,869,000","1,711,529,000","1,605,958,000","1,649,417,000","1,649,557,000","1,586,907,000","1,559,418,000","1,568,204,000","1,573,915,000","1,519,041,000","1,447,640,000","1,461,010,000","1,447,135,000","1,407,304,000","1,344,724,000","1,354,869,000","1,318,381,000","1,312,735,000","1,278,166,000","1,272,617,000","1,237,041,000","1,207,816,000","1,163,188,000","1,038,093,000","676,820,000","649,047,000","609,958,000","616,003,000","595,531,000","551,630,000","535,431,000","583,446,000","513,282,000","489,883,000","459,807,000","503,096,000","481,194,000","442,677,000","427,665,000","429,657,000","434,239,000","400,640,000","386,217,000","372,746,000","362,535,000","378,908,000","372,113,000","372,951,000","367,000,000","353,000,000","352,200,000","339,200,000","318,600,000","288,300,000","258,700,000","130,700,000","113,700,000","104,800,000","89,000,000","84,700,000","73,300,000","64,600,000","50,200,000","39,400,000","35,700,000","24,800,000","24,800,000","24,700,000","24,700,000"
	OperatingRevenue,"11,213,515,000","2,843,031,000","2,837,940,000","2,817,957,000","2,714,587,000","2,786,581,000","2,781,650,000","2,758,197,000","2,713,281,000","2,768,035,000","2,781,169,000","2,734,065,000","2,635,152,000","2,729,803,000","2,670,701,000","2,718,403,000","2,591,074,000","2,614,732,000","3,762,622,000","3,704,545,000","3,519,414,000","2,471,495,000","3,498,951,000","3,468,480,000","3,364,785,000","3,296,394,000","3,340,881,000","3,229,769,000","3,122,330,000","3,150,266,000","3,091,079,000","2,986,618,000","2,901,663,000","2,919,334,000","2,873,963,000","2,741,008,000","2,725,944,000","2,011,990,000","1,962,966,000","1,929,740,000","1,866,635,000","1,862,318,000","1,807,869,000","1,711,529,000","1,605,958,000","1,649,417,000","1,649,557,000","1,586,907,000","1,559,418,000","1,568,204,000","1,573,915,000","1,519,041,000","1,447,640,000","1,461,010,000","1,447,135,000","1,407,304,000","1,344,724,000","1,354,869,000","1,318,381,000","1,312,735,000","1,278,166,000","1,272,617,000","1,237,041,000","1,207,816,000","1,163,188,000","1,038,093,000","676,820,000","649,047,000","609,958,000","616,003,000","595,531,000","551,630,000","535,431,000","553,446,000","513,282,000","489,883,000","459,807,000","503,096,000","481,194,000","442,677,000","427,665,000","429,657,000","434,239,000","400,640,000","386,217,000","372,746,000","362,535,000","378,908,000","372,113,000","372,951,000","367,000,000","353,000,000","352,200,000","339,200,000","318,600,000","288,300,000","258,700,000","130,700,000","113,700,000","104,800,000","89,000,000","84,700,000","73,300,000","64,600,000","50,200,000","39,400,000","35,700,000","24,800,000","24,800,000","24,700,000","24,700,000"
CostOfRevenue,"7,972,414,000","2,060,218,000","2,008,589,000","1,965,277,000","1,938,330,000","2,056,881,000","1,971,719,000","1,984,564,000","1,975,449,000","2,000,625,000","1,991,172,000","1,957,753,000","1,964,935,000","2,027,069,000","2,063,770,000","2,069,089,000","2,035,585,000","1,941,687,000","2,925,975,000","2,859,911,000","2,722,820,000","1,882,778,000","2,697,629,000","2,671,025,000","2,582,333,000","2,515,131,000","2,501,015,000","2,446,076,000","2,362,612,000","2,366,461,000","2,326,534,000","2,246,538,000","2,179,772,000","2,127,832,000","2,095,334,000","2,014,320,000","1,953,929,000","1,662,529,000","1,340,918,000","1,312,247,000","1,263,159,000","1,213,912,000","1,189,638,000","1,165,220,000","1,115,996,000","1,135,012,000","1,144,474,000","1,110,552,000","1,082,789,000","1,095,046,000","1,095,857,000","1,051,879,000","1,005,886,000","1,011,344,000","1,005,648,000","973,286,000","930,209,000","927,503,000","890,243,000","891,013,000","881,585,000","872,556,000","857,049,000","842,973,000","817,773,000","731,946,000","457,994,000","435,354,000","409,949,000","419,593,000","396,909,000","375,139,000","363,429,000","359,965,000","347,895,000","335,986,000","316,710,000","317,061,000","308,438,000","300,552,000","291,634,000","290,881,000","277,252,000","271,545,000","260,974,000","256,407,000","248,734,000","267,714,000","259,298,000","258,739,000","250,800,000","248,500,000","222,100,000","223,200,000","200,900,000","183,300,000","165,300,000","87,000,000","75,500,000","70,400,000","60,100,000","57,900,000","49,500,000","43,300,000","33,300,000","25,000,000","22,700,000",,,,
GrossProfit,"3,646,383,000","883,749,000","929,730,000","951,233,000","881,671,000","848,441,000","952,347,000","895,415,000","865,788,000","897,959,000","912,906,000","884,952,000","778,177,000","794,055,000","783,560,000","817,864,000","813,859,000","839,226,000","996,856,000","1,017,566,000","974,463,000","816,641,000","1,032,947,000","1,046,626,000","998,803,000","1,018,458,000","1,024,650,000","988,542,000","925,353,000","961,556,000","925,290,000","925,951,000","863,004,000","935,377,000","904,252,000","857,353,000","875,653,000","764,410,000","622,048,000","617,493,000","603,476,000","648,406,000","618,231,000","546,309,000","489,962,000","514,405,000","505,083,000","476,355,000","476,629,000","473,158,000","478,058,000","467,162,000","441,754,000","449,666,000","441,487,000","434,018,000","414,515,000","427,366,000","428,138,000","421,722,000","396,581,000","400,061,000","379,992,000","364,843,000","345,415,000","306,147,000","218,826,000","213,693,000","200,009,000","196,410,000","198,622,000","176,491,000","172,002,000","223,481,000","165,387,000","153,897,000","143,097,000","186,035,000","172,756,000","142,125,000","136,031,000","138,776,000","156,987,000","129,095,000","125,243,000","116,339,000","113,801,000","111,194,000","112,815,000","114,212,000","116,200,000","104,500,000","130,100,000","116,000,000","117,700,000","105,000,000","93,400,000","43,700,000","38,200,000","34,400,000","28,900,000","26,800,000","23,800,000","21,300,000","16,900,000","14,400,000","13,000,000",,,,
OperatingExpense,"1,875,950,000","497,486,000","463,557,000","467,780,000","447,127,000","466,005,000","520,174,000","473,585,000","418,255,000","436,892,000","454,651,000","427,580,000","399,341,000","423,689,000","483,099,000","409,073,000","403,328,000","404,139,000","600,616,000","581,747,000","583,896,000","418,011,000","592,402,000","570,842,000","558,301,000","570,890,000","518,065,000","513,027,000","992,417,000","514,013,000","492,979,000","447,751,000","429,151,000","459,517,000","536,401,000","399,959,000","718,159,000","393,164,000","281,189,000","369,611,000","285,388,000","318,294,000","299,519,000","275,263,000","254,409,000","259,000,000","248,338,000","233,990,000","233,963,000","234,446,000","233,057,000","231,208,000","221,150,000","238,066,000","233,603,000","228,464,000","217,788,000","232,103,000","215,726,000","160,505,000","203,264,000","211,550,000","162,898,000","193,091,000","183,340,000","169,425,000","106,488,000","103,378,000","94,013,000","91,239,000","86,970,000","80,024,000","75,169,000","102,291,000","70,176,000","71,097,000","63,763,000","65,856,000","61,432,000","61,214,000","-653,156,000","63,550,000","60,120,000","58,663,000","49,776,000","64,548,000","63,895,000","73,937,000","72,498,000","142,889,000","79,500,000","93,600,000","60,200,000","75,600,000","48,600,000","45,300,000","42,700,000","19,600,000","17,100,000","15,700,000","13,000,000","12,400,000","10,700,000","9,700,000","7,400,000","6,100,000","5,500,000",,,,
	SellingGeneralAndAdministration,"1,195,335,000","322,723,000","293,095,000","298,091,000","281,426,000","304,519,000","363,280,000","316,209,000","263,576,000","278,425,000","298,736,000","275,338,000","250,813,000","268,532,000","336,299,000","264,094,000","266,529,000","265,424,000","400,018,000","382,315,000","391,780,000","285,100,000","406,890,000","386,895,000","386,429,000","404,817,000","353,492,000","352,025,000","341,801,000","355,987,000","322,822,000","298,636,000","284,061,000","318,827,000","305,138,000","268,110,000","291,372,000","193,367,000","201,198,000","292,621,000","207,389,000","193,210,000","182,638,000","163,793,000","151,602,000","157,578,000","148,041,000","136,104,000","137,277,000","137,161,000","134,931,000","132,166,000","127,273,000","170,455,000","165,922,000","162,696,000","155,396,000","169,983,000","154,703,000","156,376,000","146,856,000","157,365,000","145,432,000","142,674,000","134,248,000","124,983,000","72,854,000","71,393,000","65,149,000","64,147,000","61,120,000","55,594,000","52,181,000","49,807,000","49,134,000","51,363,000","45,024,000","46,951,000","45,165,000","47,906,000","36,053,000","37,394,000","33,839,000","32,039,000","23,628,000","37,258,000","36,968,000","44,267,000","44,780,000","114,608,000","49,700,000","66,200,000","33,200,000","46,100,000","26,200,000","24,300,000","23,700,000","11,400,000","10,000,000","9,300,000","7,600,000","7,300,000","6,500,000","6,100,000","4,900,000","4,100,000","3,800,000",,,,
		GeneralAndAdministrativeExpense,"1,195,335,000","322,723,000","293,095,000","298,091,000","281,426,000","304,519,000","363,280,000","316,209,000","263,576,000","278,425,000","298,736,000","275,338,000","250,813,000","268,532,000","336,299,000","264,094,000","266,529,000","265,424,000","400,018,000","382,315,000","391,780,000","285,100,000","406,890,000","386,895,000","386,429,000","404,817,000","353,492,000","352,025,000","341,801,000","355,987,000","322,822,000","298,636,000","284,061,000","318,827,000","305,138,000","268,110,000","291,372,000","193,367,000","201,198,000","292,621,000",,,,,,,,,,,,,,,,,,,,,,,,,,,,,,,,,,,,,,,,,,,,,,,,,,,,,,,,,,,,,,,,,,,,,,,
			OtherGandA,"1,195,335,000","322,723,000","293,095,000","298,091,000","281,426,000","304,519,000","363,280,000","316,209,000","263,576,000","278,425,000","298,736,000","275,338,000","250,813,000","268,532,000","336,299,000","264,094,000","266,529,000","265,424,000","400,018,000","382,315,000","391,780,000","285,100,000","406,890,000","386,895,000","386,429,000","404,817,000","353,492,000","352,025,000","341,801,000","355,987,000","322,822,000","298,636,000","284,061,000","318,827,000","305,138,000","268,110,000","291,372,000","193,367,000","201,198,000","292,621,000",,,,,,,,,,,,,,,,,,,,,,,,,,,,,,,,,,,,,,,,,,,,,,,,,,,,,,,,,,,,,,,,,,,,,,,
	DepreciationAmortizationDepletionIncomeStatement,"680,615,000","174,763,000","170,462,000","169,689,000","165,701,000","161,486,000","156,894,000","157,376,000","154,679,000","158,467,000","155,915,000","152,242,000","148,528,000","155,157,000","146,000,000","147,079,000","142,799,000","144,367,000","203,283,000","200,038,000","190,206,000","131,090,000","181,739,000","180,381,000","169,355,000","163,330,000","162,062,000","158,843,000","153,789,000","153,253,000","149,196,000","145,907,000","142,579,000","139,474,000","132,765,000","130,589,000","125,909,000","107,601,000","80,586,000","77,807,000","75,975,000","72,987,000","67,558,000","64,470,000","62,037,000","60,071,000","58,325,000","58,353,000","57,468,000","56,865,000","56,813,000","58,185,000","57,123,000","56,244,000","54,970,000","52,892,000","52,811,000","51,392,000","49,230,000","47,058,000","45,790,000","45,209,000","44,478,000","41,717,000","41,891,000","39,756,000","26,372,000","25,860,000","24,848,000","23,212,000","22,257,000","20,927,000","20,270,000","19,985,000","19,336,000","17,921,000","17,445,000","16,895,000","16,267,000","15,698,000","15,805,000","26,156,000","26,281,000","26,624,000","26,148,000","27,290,000","26,927,000","29,670,000","27,718,000","28,281,000","29,800,000","27,400,000","27,000,000","29,500,000","22,400,000","21,000,000","19,000,000","8,200,000","7,100,000","6,400,000","5,400,000","5,100,000","4,200,000","3,600,000","2,500,000","2,000,000","1,700,000",,,,
		DepreciationAndAmortizationInIncomeStatement,"680,615,000","174,763,000","170,462,000","169,689,000","165,701,000","161,486,000","156,894,000","157,376,000","154,679,000","158,467,000","155,915,000","152,242,000","148,528,000","155,157,000","146,000,000","147,079,000","142,799,000","144,367,000","203,283,000","200,038,000","190,206,000","131,090,000","181,739,000","180,381,000","169,355,000","163,330,000","162,062,000","158,843,000","153,789,000","153,253,000","149,196,000","145,907,000","142,579,000","139,474,000","132,765,000","130,589,000","125,909,000","107,601,000","80,586,000","77,807,000","75,975,000","72,987,000","67,558,000","64,470,000","62,037,000","60,071,000","58,325,000","58,353,000","57,468,000","56,865,000","56,813,000","58,185,000","57,123,000","56,244,000","54,970,000","52,892,000","52,811,000","51,392,000","49,230,000","47,058,000","45,790,000","45,209,000","44,478,000","41,717,000","41,891,000","39,756,000","26,372,000","25,860,000","24,848,000","23,212,000","22,257,000","20,927,000","20,270,000","19,985,000","19,336,000","17,921,000","17,445,000","16,895,000","16,267,000","15,698,000","15,805,000","26,156,000","26,281,000","26,624,000","26,148,000","27,290,000","26,927,000","29,670,000","27,718,000","28,281,000","29,800,000","27,400,000","27,000,000","29,500,000","22,400,000","21,000,000","19,000,000","8,200,000","7,100,000","6,400,000","5,400,000","5,100,000","4,200,000","3,600,000","2,500,000","2,000,000","1,700,000",,,,
	ProvisionForDoubtfulAccounts,,,,,,,,,,"0","0","0","0","0","800,000","-2,100,000","-6,000,000","-5,652,000","-2,685,000","-606,000","1,910,000","1,821,000","3,773,000","3,566,000","2,517,000","2,743,000","2,511,000","2,159,000","1,827,000","4,773,000","3,961,000","3,208,000","2,511,000","1,216,000","1,498,000","1,260,000","878,000","-1,955,000","2,469,000","1,801,000","2,024,000","54,318,000","51,942,000","49,417,000","42,289,000","43,382,000","43,761,000","42,367,000","41,563,000","41,796,000","42,021,000","41,233,000","36,736,000",,,,,,,,,,,,,,,,,,,,,,,,,,,,,,,,,,,,,,,,,,,,,,,,,,,,,,,,,,
	OtherOperatingExpenses,,,,,,,,,,,,,,,,,,,,,,,,,,"0",,,"495,000,000","0","17,000,000",,,"0","97,000,000",,"300,000,000","94,151,000","-3,064,000","-2,618,000",,"-2,221,000","-2,619,000","-2,417,000","-1,519,000","-2,031,000","-1,789,000","-2,834,000","-2,345,000","-1,376,000","-708,000","-376,000","18,000","11,367,000","12,711,000","12,876,000","9,581,000","10,728,000","11,793,000","-42,929,000","10,618,000","8,976,000","-27,012,000","8,700,000","7,201,000","4,686,000","7,262,000","6,125,000","4,016,000","3,880,000","3,593,000","3,503,000","2,718,000","32,499,000","1,706,000","1,813,000","1,294,000","2,010,000",,"-2,390,000","-705,014,000",,,,,,,,,,,,,,,,,,,,,,,,,,,,,,
OperatingIncome,"1,770,433,000","386,263,000","466,173,000","483,453,000","434,544,000","382,436,000","432,173,000","421,830,000","447,533,000","461,067,000","458,255,000","457,372,000","378,836,000","370,366,000","300,461,000","408,791,000","410,531,000","435,087,000","396,240,000","435,819,000","390,567,000","398,630,000","440,545,000","475,784,000","440,502,000","447,568,000","506,585,000","475,515,000","-67,064,000","447,543,000","432,311,000","478,200,000","433,853,000","475,860,000","367,851,000","457,394,000","157,494,000","371,246,000","340,859,000","247,882,000","318,088,000","330,112,000","318,712,000","271,046,000","235,553,000","255,405,000","256,745,000","242,365,000","242,666,000","238,712,000","245,001,000","235,954,000","220,604,000","211,600,000","207,884,000","205,554,000","196,727,000","195,263,000","212,412,000","261,217,000","193,317,000","188,511,000","217,094,000","171,752,000","162,075,000","136,722,000","112,338,000","110,315,000","105,996,000","105,171,000","111,652,000","96,467,000","96,833,000","121,190,000","95,211,000","82,800,000","79,334,000","120,179,000","111,324,000","80,911,000","789,187,000","75,226,000","96,867,000","70,432,000","75,467,000","51,791,000","49,906,000","37,257,000","40,317,000","-28,677,000","36,700,000","10,900,000","69,900,000","40,400,000","69,100,000","59,700,000","50,700,000","24,100,000","21,100,000","18,700,000","15,900,000","14,400,000","13,100,000","11,600,000","9,500,000","8,300,000","7,500,000","-57,000,000","24,800,000","24,700,000","24,700,000"
NetNonOperatingInterestIncomeExpense,"-285,254,000","-72,087,000","-72,829,000","-73,324,000","-67,014,000","-60,469,000","-73,658,000","-81,381,000","-91,551,000","-92,050,000","-88,589,000","-131,666,000","-131,519,000","-128,300,000","-125,927,000","-119,692,000","-113,516,000","-108,997,000","-109,623,000","-107,962,000","-104,429,000","-103,932,000","-104,581,000","-102,894,000","-102,884,000","-103,259,000","-103,481,000","-152,320,000","-97,392,000","-97,949,000","-99,878,000","-203,680,000","-106,335,000","-107,609,000","-108,421,000","-108,096,000","-105,817,000","-106,933,000","-70,494,000","-60,709,000","-61,381,000","-61,750,000","-60,848,000","-59,897,000","-58,595,000","-53,879,000","-39,490,000","-43,655,000","-44,583,000","-44,831,000","-45,535,000","-47,088,000","-48,301,000",,,,,,,,,,,,,,,,,,,,,,,,,,,,,,,,,,,,,,,,,,,,,,,,,,,,,,,,,,
	InterestIncomeNonOperating,,,,,,,,,,,,,,,,,,,,,,,,,,,,,,,,,,,,,,,,,,,,,"841,000",,,,,,,,,,,,,,,,,,,,,,,,,,,,,,,,,,,,,,,,,,,,,,,,,,,,,,,,,,,,,,,,,,
	InterestExpenseNonOperating,"285,254,000","72,087,000","72,829,000","73,324,000","67,014,000","60,469,000","73,658,000","81,381,000","88,603,000","92,050,000","88,589,000","131,666,000","131,519,000","128,300,000","125,927,000","119,692,000","113,516,000","108,997,000","109,623,000","107,962,000","104,429,000","103,932,000","104,581,000","102,894,000","102,884,000","103,259,000","103,481,000","104,248,000","97,392,000","97,949,000","99,878,000","106,132,000","106,335,000","107,609,000","108,421,000","108,096,000","105,817,000","95,970,000","70,494,000","60,709,000","61,381,000","61,750,000","60,848,000","59,897,000","58,595,000","53,879,000","39,490,000","43,655,000","44,583,000","44,831,000","45,535,000","47,088,000","48,301,000",,,,,,,,,,,,,,,,,,,,,,,,,,,,,,,,,,,,,,,,,,,,,,,,,,,,,,,,,,
	TotalOtherFinanceCost,,,,,,,"86,074,000",,"2,948,000","0","21,242,000","12,160,000",,,,,,,,,,,,,,"0",,"48,072,000",,"0",,"97,548,000",,,,,,"8,901,000",,,,,,,,,,,,,,,,,,,,,,,,,,,,,,,,,,,,,,,,,,,,,,,,,,,,,,,,,,,,,,,,,,,,,,,,,
OtherIncomeExpense,"33,315,000","764,000","1,114,000","22,211,000","9,226,000","5,404,000","-75,183,000","-2,365,000","13,493,000","13,006,000","-95,881,000","-2,003,000","-31,389,000","17,048,000","-7,416,000","31,395,000","4,737,000","-279,265,000","-584,393,000","-52,250,000","501,912,000","-35,029,000","380,487,000","-143,499,000","-72,637,000","-198,002,000","5,267,000","7,344,000","2,375,000","4,771,000","3,979,000","7,788,000","9,070,000","11,769,000","11,336,000","63,252,000","9,965,000","17,416,000","819,000","840,000","3,671,000","787,000","798,000","-23,444,000","841,000","-69,164,000","759,000","739,000","831,000","682,000","999,000","1,273,000","754,000","2,080,000","2,481,000","2,987,000","4,863,000","5,329,000","6,278,000","62,933,000","3,195,000","-273,791,000","41,239,000","2,973,000","3,874,000","1,864,000","356,000","-55,000","3,147,000","1,053,000","1,010,000","667,000","1,443,000","-8,926,000","-16,190,000","890,000","785,000","-1,192,000","1,124,000","5,673,000","-4,690,000","320,000","1,856,000","1,120,000","1,348,000","1,828,000","1,418,000","-16,398,000","1,395,000","-121,600,000","-3,300,000","-16,600,000","1,300,000","15,900,000","1,000,000","1,000,000","-91,200,000","700,000","700,000","500,000","400,000","-100,000","400,000","1,200,000","400,000",,,,,,
	EarningsFromEquityInterest,"26,937,000","3,152,000","8,704,000","7,023,000","8,058,000","-765,000","5,496,000","4,342,000","17,843,000","1,521,000","3,936,000","4,514,000","2,708,000","-10,610,000","-3,824,000","9,795,000","155,000","-3,184,000","-4,852,000","3,614,000","3,935,000","8,223,000","4,237,000","-505,000","1,387,000","7,601,000","2,783,000","5,033,000","2,908,000","4,542,000","5,225,000","6,095,000","7,372,000","8,319,000","9,223,000","7,649,000","9,367,000","8,063,000",,,,,,,,,,,,,,,,,,,,,,,,,,,,,,,,,,,,,,,,,,,,,,,,,,,,,,,,,,,,,,,,,,,,,,,,,
	SpecialIncomeCharges,"0","0","0","0",,"0","-86,074,000","-16,252,000","0","0","-105,097,000","-12,160,000","-41,037,000","28,152,000","-7,599,000","19,606,000","0","-281,566,000","-583,911,000","-61,117,000","493,734,000","-43,408,000","374,374,000","-146,209,000","-77,000,000","-206,169,000",,"0",,"0","0","0",,"0","0","56,977,000",,,"819,000","840,000","3,671,000","787,000","798,000","-23,444,000","841,000","-69,164,000","759,000","739,000","831,000","682,000","999,000","1,273,000","754,000","2,080,000","2,481,000","2,987,000","4,863,000","5,329,000","6,278,000","62,933,000","3,195,000","-273,791,000","41,239,000","2,973,000","3,874,000","1,864,000","356,000","-55,000","3,147,000","1,053,000","1,010,000","667,000","1,443,000","-8,926,000","-16,190,000","890,000","785,000","-1,192,000","1,124,000","5,673,000","-4,690,000","320,000","1,856,000","1,120,000","1,348,000","1,828,000","1,418,000","-16,398,000","1,395,000","-121,600,000","-3,300,000","-16,600,000","1,300,000","15,900,000","1,000,000","1,000,000","-91,200,000","700,000","700,000","500,000","400,000","-100,000","400,000","1,200,000","400,000",,,,,,
		RestructuringAndMergernAcquisition,,,,,,,"0","0","0","0","0","0","41,037,000","-28,152,000","1,506,000","-33,957,000","0","0",,,,"0","0","176,000,000","77,000,000",,,,,"0","0","0",,"0","0","-56,977,000",,,,,,,,,,,,,,,,,,,,,,,,,,,,,,,,,,,,,,,,,,,,,,,,,,,,,,,,,,,,,,,,,,,,,,,,,,,
		ImpairmentOfCapitalAssets,"0",,,,,"0","0","0","0","0","83,855,000","0","41,037,000","0","0","3,106,000","0","1,500,000","601,040,000","61,117,000","39,366,000","43,408,000","0","176,000,000","77,000,000","206,169,000",,,,,,,,,,,,,"0","0",,"0","0","24,000,000",,,"0",,,,,,,,,,,,,,,,,,,,,,,,,,,,,,,,,,,,,,,,,,,,,,,,,,,,,,,,,,,,,,,,
		WriteOff,,,,,,,,,,"0","0","0",,"0","6,093,000","11,245,000","0","280,066,000",,,,"0",,,,,,,,,,,,,,,,,,,,,,,,,,,,,,,,,,,,,,,,,,,,,,,,,,,,,,,,,,,,,,,,,,,,,,,,,,,,,,,,,,,,,,,,,
		OtherSpecialCharges,,,,,,"0","86,074,000","16,252,000",,"0","21,242,000","12,160,000",,,,,,,,,"-526,827,000",,,,,,,,,,,,,,,,,,"-819,000","-840,000",,"-787,000","-798,000","-556,000",,,"-759,000",,,,,,,,,,,,,,,,,,,,,,,,,,,,,,,,,,,,,,,,,,,,,,,,,,,,,,,,,,,,,,,,
		GainOnSaleOfBusiness,"0","0","0","0",,"0","0","-16,252,000",,,,,,,,,,,"17,129,000","0","6,273,000","0","374,374,000","29,791,000",,,,,,,,,,,,,,,,,,,,,,,,,,,,,,,,,,,,,,,,,,,,,,,,,,,,,,,,,,,,,,,,,,,,,,,,,,,,,,,,,,,,,,,
	OtherNonOperatingIncomeExpenses,"6,378,000","-2,388,000","-7,590,000","15,188,000","1,168,000","6,169,000","5,395,000","9,545,000","-4,350,000","11,485,000","5,280,000","5,643,000","6,940,000","-494,000","4,007,000","1,994,000","4,582,000","5,485,000","4,370,000","5,253,000","4,243,000","156,000","1,876,000","3,215,000","2,976,000","4,631,000","2,484,000","2,311,000","-533,000","229,000","-1,246,000","1,693,000","1,698,000","3,450,000","2,113,000","-1,374,000","598,000","1,039,000",,,,,,,,,,,,,,,,,,,,,,,,,,,,,,,,,,,,,,,,,,,,,,,,,,,,,,,,,,,,,,,,,,,,,,,,,
PretaxIncome,"1,518,494,000","314,940,000","394,458,000","432,340,000","376,756,000","327,371,000","283,332,000","338,084,000","369,475,000","382,023,000","273,785,000","323,703,000","215,928,000","259,114,000","167,118,000","320,494,000","301,752,000","46,825,000","-297,776,000","275,607,000","788,050,000","259,669,000","716,451,000","229,391,000","264,981,000","146,307,000","408,371,000","330,539,000","-162,081,000","354,365,000","336,412,000","282,308,000","336,588,000","380,020,000","270,766,000","412,550,000","61,642,000","281,729,000","271,184,000","188,013,000","260,378,000","269,149,000","258,662,000","187,705,000","177,799,000","132,362,000","218,014,000","195,322,000","198,914,000","194,563,000","200,465,000","190,139,000","173,057,000","157,855,000","155,860,000","153,221,000","142,524,000","137,941,000","155,975,000","205,964,000","127,642,000","121,519,000","152,461,000","106,289,000","95,490,000","65,728,000","88,397,000","85,363,000","91,609,000","90,447,000","98,921,000","85,876,000","86,640,000","100,498,000","62,910,000","64,195,000","60,663,000","99,411,000","90,570,000","64,228,000","61,978,000","57,458,000","78,278,000","50,568,000","54,634,000","28,225,000","23,807,000","-14,646,000","7,549,000","-188,226,000","4,200,000","-30,700,000","46,200,000","32,100,000","48,300,000","32,800,000","-56,400,000","17,200,000","16,700,000","15,000,000","13,200,000","12,100,000","10,900,000","9,800,000","7,300,000","4,900,000","4,100,000",,,,
TaxProvision,"306,732,000","65,508,000","74,704,000","81,309,000","85,211,000","73,368,000","65,792,000","83,212,000","91,560,000","81,690,000","65,254,000","75,938,000","56,746,000","51,748,000","52,047,000","83,868,000","70,737,000","-150,267,000","-125,742,000","113,982,000","287,765,000","83,171,000","104,301,000","134,888,000","126,822,000","111,833,000","147,064,000","122,762,000","-85,933,000","103,977,000","116,628,000","100,887,000","124,851,000","135,747,000","100,930,000","129,192,000","15,144,000","97,707,000","98,634,000","68,009,000","95,495,000","91,710,000","94,204,000","67,040,000","63,047,000","39,917,000","75,038,000","71,429,000","73,914,000","68,980,000","74,195,000","70,507,000","64,783,000","59,490,000","61,950,000","58,270,000","55,590,000","52,224,000","61,520,000","80,940,000","51,060,000","47,390,000","59,370,000","41,960,000","37,710,000","22,800,000","33,180,000","32,420,000","35,275,000","33,845,000","38,535,000","33,475,000","33,775,000","37,700,000","24,850,000","25,675,000","24,250,000","40,600,000","36,400,000","26,500,000","26,000,000","24,900,000","34,000,000","22,000,000","23,700,000","12,892,000","10,657,000","709,000","3,702,000","-40,170,000","2,300,000","-9,700,000","18,300,000","12,700,000","19,200,000","13,200,000","-3,600,000","6,800,000","6,800,000","6,100,000","5,400,000","4,900,000","4,400,000","4,100,000","3,000,000","2,100,000","1,700,000",,,,
NetIncomeCommonStockholders,"978,450,000","187,473,000","259,754,000","293,820,000","237,403,000","173,773,000","158,674,000","201,602,000","239,593,000","244,871,000","143,270,000","273,551,000","149,289,000","-149,772,000","-136,698,000","267,178,000","178,686,000","303,396,000","-214,476,000","127,001,000","447,697,000","157,726,000","571,332,000","53,382,000","97,434,000","-6,000,000","215,872,000","170,477,000","-110,617,000","208,020,000","184,122,000","147,683,000","183,289,000","212,278,000","136,628,000","254,376,000","30,164,000","155,839,000","144,721,000","95,337,000","140,120,000","148,123,000","135,361,000","100,015,000","94,502,000","69,020,000","119,387,000","107,853,000","109,423,000","109,724,000","110,930,000","105,819,000","96,211,000","98,365,000","93,910,000","94,951,000","86,934,000","85,717,000","94,455,000","125,024,000","76,582,000","74,129,000","94,856,000","63,237,000","57,469,000","64,149,000","55,217,000","52,943,000","56,334,000","56,602,000","60,386,000","52,401,000","52,865,000","62,798,000","38,060,000","38,520,000","36,413,000","58,811,000","54,170,000","8,370,000","35,978,000","32,558,000","44,278,000","29,545,000","30,934,000","15,333,000","9,660,000","-15,355,000","3,847,000","-148,056,000","1,900,000","-21,000,000","27,900,000","19,400,000","29,100,000","9,700,000","-62,400,000","10,400,000","9,900,000","8,900,000","7,800,000","7,200,000","-1,200,000","5,700,000","4,300,000","2,800,000","2,400,000","1,300,000","1,200,000","1,200,000","1,200,000"
	NetIncome,"978,450,000","187,473,000","259,754,000","293,820,000","237,403,000","173,773,000","158,674,000","201,602,000","239,593,000","244,871,000","143,270,000","273,551,000","149,289,000","-149,772,000","-136,796,000","267,276,000","178,686,000","303,396,000","-214,476,000","127,001,000","447,697,000","157,726,000","571,332,000","53,382,000","97,434,000","-6,000,000","215,872,000","170,477,000","-110,617,000","208,020,000","184,122,000","147,683,000","183,289,000","212,278,000","136,628,000","254,376,000","30,164,000","155,839,000","144,721,000","95,337,000","140,120,000","148,123,000","135,361,000","100,015,000","94,502,000","69,020,000","119,387,000","107,853,000","109,423,000","109,724,000","110,930,000","105,819,000","96,211,000","98,365,000","93,910,000","94,951,000","86,934,000","85,717,000","94,455,000","125,024,000","76,582,000","74,129,000","94,856,000","63,237,000","57,469,000","64,149,000","55,217,000","52,943,000","56,334,000","56,602,000","60,386,000","52,401,000","52,865,000","62,798,000","38,060,000","38,520,000","36,413,000","58,811,000","54,170,000","8,370,000","35,978,000","32,558,000","44,278,000","29,545,000","30,934,000","15,333,000","9,660,000","-15,355,000","3,847,000","-148,056,000","1,900,000","-21,000,000","27,900,000","19,400,000","29,100,000","9,700,000","-62,400,000","10,400,000","9,900,000","8,900,000","7,800,000","7,200,000","-1,200,000","5,700,000","4,300,000","2,800,000","2,400,000","1,300,000","1,200,000","1,200,000","1,200,000"
		NetIncomeIncludingNoncontrollingInterests,"1,211,762,000","249,432,000","319,754,000","351,031,000","291,545,000","234,370,000","217,540,000","254,872,000","287,895,000","302,962,000","201,688,000","327,157,000","189,487,000","-101,843,000","-96,668,000","306,322,000","225,229,000","340,679,000","-172,034,000","161,625,000","500,285,000","188,270,000","612,150,000","94,503,000","138,159,000","34,474,000","261,307,000","207,777,000","-76,148,000","250,388,000","219,784,000","181,421,000","211,737,000","244,273,000","169,836,000","283,358,000","59,734,000","183,800,000","172,550,000","120,004,000","164,883,000","176,132,000","161,846,000","120,665,000","114,752,000","92,445,000","142,881,000","123,893,000","125,000,000","125,583,000","126,270,000","119,632,000","108,274,000","109,732,000","106,621,000","107,827,000","96,515,000","96,445,000","106,248,000","137,370,000","87,200,000","83,105,000","105,812,000","71,937,000","64,670,000","68,835,000","62,479,000","59,068,000","60,350,000","60,482,000","63,979,000","55,904,000","55,583,000","65,297,000","39,766,000","40,333,000","37,707,000","60,939,000","56,081,000","11,197,000","38,411,000","34,966,000","46,404,000","31,814,000","33,391,000","18,107,000","10,807,000","-14,332,000","4,845,000","-149,304,000","3,500,000","-18,500,000","30,200,000","21,800,000","31,000,000","11,300,000","-61,000,000","11,700,000","10,800,000","9,900,000","9,100,000","8,500,000","-300,000","6,400,000","5,100,000","3,500,000","3,200,000","2,900,000","1,200,000","1,200,000","1,200,000"
			NetIncomeContinuousOperations,"1,211,762,000","249,432,000","319,754,000","351,031,000","291,545,000","254,003,000","217,540,000","254,872,000","277,915,000","300,333,000","208,531,000","247,765,000","159,182,000","207,366,000","115,071,000","236,626,000","231,015,000","197,092,000","-172,034,000","161,625,000","500,285,000","176,498,000","612,150,000","94,503,000","138,159,000","34,474,000","261,307,000","207,777,000","-76,148,000","250,388,000","219,784,000","181,421,000","211,737,000","244,273,000","169,836,000","283,358,000","46,498,000","184,022,000","172,550,000","120,004,000","164,883,000","177,439,000","164,458,000","120,665,000","114,752,000","92,445,000","142,976,000","123,893,000","125,000,000","125,583,000","126,270,000","119,632,000","108,274,000","98,365,000","93,910,000","94,951,000","86,934,000","85,717,000","94,455,000","125,024,000","76,582,000","74,129,000","93,091,000","64,329,000","57,780,000","42,928,000","55,217,000","52,943,000","56,334,000","56,602,000","60,386,000","52,401,000","52,865,000","62,798,000","38,060,000","38,520,000","36,413,000","58,811,000","54,170,000","37,728,000","35,978,000","32,558,000","44,278,000","28,568,000","30,934,000","15,333,000","13,150,000","-15,355,000","3,847,000","-148,056,000","1,900,000","-21,000,000","27,900,000","19,400,000","29,100,000","19,600,000","-52,800,000","10,400,000","9,900,000","8,900,000","7,800,000","7,200,000","6,500,000","5,700,000","4,300,000","2,800,000","2,400,000","1,300,000","1,200,000","1,200,000","1,200,000"
			NetIncomeDiscontinuousOperations,"0","0","0","0","0","-19,633,000","0","0","9,980,000","2,629,000","-6,843,000","79,392,000","30,305,000","-309,209,000","-211,739,000","69,696,000","-5,786,000","143,587,000",,,,"11,772,000",,,,,,,,"0","0","0","0","0","0","0","13,236,000","-222,000","0","0","0","-1,307,000","-2,612,000",,,,"-95,000",,,,,,,,,,,,,,,"0","1,765,000","-1,092,000","-311,000",,,,,,,,,,,,,,,,,,,,,,,,,,,,,,,,,,,,,,,,,,,,,,
			NetIncomeFromTaxLossCarryforward,,,,,,,,,,,,,,,,,,,,,,,,,,,,,,,,,,,,,,,,,,,,,,,,,,,,,,,,,,,,,,,,,,,,,,,,,,,,,,"0",,"-29,358,000",,"0",,"977,000",,"0","-3,490,000",,,,,,,"6,900,000",,"-9,900,000","-9,600,000",,,,,"0","-7,700,000",,,,,,,,
		MinorityInterests,"-233,312,000","-61,959,000","-60,000,000","-57,211,000","-54,142,000","-60,597,000","-58,866,000","-53,270,000","-48,302,000","-58,091,000","-58,418,000","-53,606,000","-40,198,000","-47,929,000","-40,128,000","-39,046,000","-46,543,000","-37,283,000","-42,442,000","-34,624,000","-52,588,000","-30,544,000","-40,818,000","-41,121,000","-40,725,000","-40,474,000","-45,435,000","-37,300,000","-34,469,000","-42,368,000","-35,662,000","-33,738,000","-28,448,000","-31,995,000","-33,208,000","-28,982,000","-29,570,000","-27,961,000","-27,829,000","-24,667,000","-24,763,000","-28,009,000","-26,485,000","-20,650,000","-20,250,000","-23,425,000","-23,494,000","-16,040,000","-15,577,000","-15,859,000","-15,340,000","-13,813,000","-12,063,000","-11,367,000","-12,711,000","-12,876,000","-9,581,000","-10,728,000","-11,793,000","-12,346,000","-10,618,000","-8,976,000","-10,956,000","-8,700,000","-7,201,000","-4,686,000","-7,262,000","-6,125,000","-4,016,000","-3,880,000","-3,593,000","-3,503,000","-2,718,000","-2,499,000","-1,706,000","-1,813,000","-1,294,000","-2,128,000","-1,911,000","-2,827,000","-2,433,000","-2,408,000","-2,126,000","-2,269,000","-2,457,000","-2,774,000","-1,147,000","-1,023,000","-998,000","1,248,000","-1,600,000","-2,500,000","-2,300,000","-2,400,000","-1,900,000","-1,600,000","-1,400,000","-1,300,000","-900,000","-1,000,000","-1,300,000","-1,300,000","-900,000","-700,000","-800,000","-700,000","-800,000",,,,
	OtherunderPreferredStockDividend,,,,,,,,,,,"0",,,,"-98,000","98,000",,,,,,,,,,,,,,,,,,,,,,,,,,,,,,,,,,,,"13,813,000",,,,,,,,,,,,,,,,,,,,,,,,,,,,,,,,,,,,,,,,,,,,,,,,,,,,,,,,,,,
DilutedNIAvailtoComStockholders,"978,450,000","187,473,000","259,754,000","293,820,000","237,403,000","173,773,000","158,674,000","201,602,000","239,593,000","244,871,000","143,270,000","273,551,000","149,289,000","-149,772,000","-136,698,000","267,178,000","178,686,000","303,396,000","-214,476,000","127,001,000","447,697,000","157,726,000","571,332,000","53,382,000","97,434,000","-6,000,000","215,872,000","170,477,000","-110,617,000","208,020,000","184,122,000","147,683,000","183,289,000","212,278,000","136,628,000","254,376,000","30,164,000","155,839,000","144,721,000","95,337,000","140,120,000","148,123,000","135,361,000","100,015,000","94,502,000","69,020,000","119,387,000","107,853,000","109,423,000","109,724,000","110,930,000","105,819,000","96,211,000","98,365,000","93,910,000","94,951,000","86,934,000","85,717,000","94,455,000","125,024,000","76,582,000","74,129,000","94,856,000","63,237,000","57,469,000","64,149,000","55,217,000","52,943,000","56,334,000","56,602,000","60,386,000","52,401,000","52,865,000","62,798,000","38,060,000","38,520,000","36,413,000","58,811,000","54,170,000","8,370,000","35,978,000","32,558,000","44,278,000","29,545,000","30,934,000","15,333,000","9,660,000","-15,355,000","3,847,000","-148,056,000","1,900,000","-21,000,000","27,900,000","19,400,000","29,100,000","9,700,000","-62,400,000","10,400,000","9,900,000","8,900,000","7,800,000","7,200,000","-1,200,000","5,700,000","4,300,000","2,800,000","2,400,000","1,300,000","1,200,000","1,200,000","1,200,000"
BasicEPS,,"1.86","2.48","2.76","2.18","1.56","1.31","1.65","1.92","1.89","0.95","1.64","0.9","-0.9","-0.82","1.56","1","1.66","-1.14","0.66","2.33","0.81","2.8","0.26","0.48","-0.03","1.02","0.8","-0.52","0.98","0.87","0.7","0.87","1.01","0.65","1.21","0.145","0.77","0.76","0.505","0.745",,"0.725","0.525","0.49",,"0.58","0.525","0.525",,"0.535","0.51","0.465",,"0.45","0.455","0.405",,"0.445","0.595","0.365",,"0.455","0.305","0.28",,"0.275","0.265","0.285",,"0.305","0.265","0.27",,"0.193","0.21","0.2",,"0.28","0.033","0.143",,"0.173","0.117","0.123",,"0.04","-0.063","0.017",,"0.007","-0.087","0.113",,"0.12","0.04","-0.263",,"0.073","0.067","0.06",,"-0.007","0.043","0.04","0.033","0.03",,"0.01","0.007","0.007"
DilutedEPS,,"1.79","2.36","2.64","2.09","1.5","1.28","1.62","1.89","1.88","0.95","1.64","0.9","-0.9","-0.82","1.53","0.98","1.64","-1.14","0.65","2.29","0.8","2.76","0.26","0.47","-0.03","1","0.78","-0.52","0.96","0.85","0.68","0.85","0.99","0.64","1.185","0.14","0.755","0.75","0.495","0.73",,"0.71","0.515","0.48",,"0.575","0.52","0.52",,"0.53","0.51","0.46",,"0.445","0.45","0.4",,"0.44","0.585","0.36",,"0.45","0.3","0.275",,"0.265","0.255","0.275",,"0.295","0.25","0.257",,"0.18","0.183","0.173",,"0.24","0.033","0.133",,"0.157","0.11","0.117",,"0.04","-0.063","0.017",,"0.007","-0.087","0.113",,"0.117","0.04","-0.263",,"0.073","0.067","0.057",,"-0.007","0.043","0.037","0.033","0.03",,"0.007","0.007","0.007"
BasicAverageShares,,"100,913,000","104,793,000","106,364,000","109,014,000","111,690,000","120,905,038","122,074,452","124,901,671","129,446,558","150,675,465","166,346,041","166,387,958","165,984,925","166,770,664","171,617,238","178,957,865","182,261,673","188,883,922","191,088,216","192,376,735","193,999,701","203,761,433","204,497,970","204,366,869","208,762,717","212,374,897","212,991,606","213,387,253","212,941,850","212,617,238","212,258,994","211,375,232","210,574,383","210,394,560","209,797,334","208,968,952","202,215,560","189,959,716","188,343,166","187,538,184",,"186,883,240","190,976,898","192,527,604",,"205,217,688","206,007,246","206,729,738",,"208,254,668","207,411,366","207,756,834",,"209,113,540","209,629,634","214,734,712",,"212,342,946","210,902,612","210,026,280",,"207,569,020","206,958,124","205,162,910",,"202,614,922","200,953,174","198,799,224",,"198,337,860","199,372,364","196,198,953",,"195,308,895","183,917,865","182,715,168",,"193,464,286","251,100,000","251,009,302",,"255,450,000","253,242,857","250,816,216",,"241,500,000","242,447,368","230,820,000",,"284,857,571","242,186,599","246,053,444",,"242,378,811","242,378,811","236,843,604",,"134,932,534","133,433,283","129,935,032",,"119,940,030","131,472,725","107,446,277","83,958,021","79,960,020",,"119,940,030","179,910,045","179,910,045"
DilutedAverageShares,,"104,842,000","109,838,000","111,423,000","113,852,000","115,957,000","123,953,879","124,068,278","126,894,847","130,504,514","151,295,950","166,799,525","166,780,657","166,477,914","167,262,358","174,105,884","181,834,547","184,825,329","188,883,922","193,987,983","195,281,014","196,743,187","206,961,450","208,047,172","207,928,096","208,762,717","216,691,461","217,606,198","213,387,253","217,620,369","217,236,493","216,720,944","216,118,922","215,154,029","214,902,860","214,849,164","214,127,266","206,941,970","193,269,240","192,004,380","191,458,210",,"190,342,450","195,315,156","196,756,742",,"208,044,916","208,898,130","209,531,200",,"209,214,636","207,851,686","208,818,052",,"211,155,646","211,234,346","216,478,720",,"215,122,278","214,022,496","213,478,432",,"211,847,952","211,290,416","210,776,838",,"208,743,578","207,690,060","206,300,598",,"205,779,562","208,020,712","205,766,907",,"229,498,086","237,566,163","236,317,230",,"225,708,333","251,100,000","269,835,000",,"282,625,532","268,590,909","265,148,571",,"241,500,000","242,447,368","230,820,000",,"284,857,571","242,186,599","246,053,444",,"249,303,919","242,378,811","236,843,604",,"134,932,534","133,433,283","137,578,270",,"124,937,531","131,472,725","117,214,120","83,958,021","79,960,020",,"179,910,045","179,910,045","179,910,045"
TotalOperatingIncomeAsReported,"1,797,370,000","389,415,000","474,877,000","490,476,000","442,602,000","381,671,000","437,669,000","409,920,000","465,376,000","462,588,000","378,336,000","461,886,000","340,507,000","387,908,000","289,038,000","438,192,000","410,686,000","150,337,000","-192,523,000","378,316,000","888,236,000","363,445,000","819,156,000","329,070,000","364,889,000","244,935,000","509,368,000","480,548,000","-64,156,000","452,085,000","437,536,000","484,295,000","441,225,000","484,179,000","377,074,000","522,020,000","166,861,000","387,623,000","340,859,000","247,882,000","320,720,000","330,112,000","318,712,000","247,046,000","235,553,000","255,405,000","256,745,000","242,365,000","242,666,000","238,712,000","245,001,000","235,954,000","220,604,000","211,600,000","207,884,000","205,554,000","196,727,000","195,263,000","212,412,000","261,217,000","193,317,000","188,511,000","217,094,000","171,752,000","162,075,000","136,722,000","112,338,000","110,315,000","105,996,000","105,171,000","111,652,000","96,467,000","96,833,000","121,190,000","95,211,000","82,800,000","79,334,000","120,179,000","111,324,000","80,911,000","789,187,000","75,226,000","96,867,000","70,432,000","75,467,000","51,791,000","49,906,000","37,257,000","40,317,000","-28,677,000","36,700,000","10,900,000","69,900,000","40,400,000","69,100,000","59,700,000","50,700,000","24,100,000","21,100,000","18,700,000","15,900,000","14,400,000","13,100,000","11,600,000","9,500,000","8,300,000","7,500,000",,,,
TotalExpenses,"9,848,364,000","2,557,704,000","2,472,146,000","2,433,057,000","2,385,457,000","2,522,886,000","2,491,893,000","2,458,149,000","2,393,704,000","2,437,517,000","2,445,823,000","2,385,333,000","2,364,276,000","2,450,758,000","2,546,869,000","2,478,162,000","2,438,913,000","2,345,826,000","3,526,591,000","3,441,658,000","3,306,716,000","2,300,789,000","3,290,031,000","3,241,867,000","3,140,634,000","3,086,021,000","3,019,080,000","2,959,103,000","3,355,029,000","2,880,474,000","2,819,513,000","2,694,289,000","2,608,923,000","2,587,349,000","2,631,735,000","2,414,279,000","2,672,088,000","2,055,693,000","1,622,107,000","1,681,858,000","1,548,547,000","1,532,206,000","1,489,157,000","1,440,483,000","1,370,405,000","1,394,012,000","1,392,812,000","1,344,542,000","1,316,752,000","1,329,492,000","1,328,914,000","1,283,087,000","1,227,036,000","1,249,410,000","1,239,251,000","1,201,750,000","1,147,997,000","1,159,606,000","1,105,969,000","1,051,518,000","1,084,849,000","1,084,106,000","1,019,947,000","1,036,064,000","1,001,113,000","901,371,000","564,482,000","538,732,000","503,962,000","510,832,000","483,879,000","455,163,000","438,598,000","462,256,000","418,071,000","407,083,000","380,473,000","382,917,000","369,870,000","361,766,000","-361,522,000","354,431,000","337,372,000","330,208,000","310,750,000","320,955,000","312,629,000","341,651,000","331,796,000","401,628,000","330,300,000","342,100,000","282,300,000","298,800,000","249,500,000","228,600,000","208,000,000","106,600,000","92,600,000","86,100,000","73,100,000","70,300,000","60,200,000","53,000,000","40,700,000","31,100,000","28,200,000",,,,
NetIncomeFromContinuingAndDiscontinuedOperation,"978,450,000","187,473,000","259,754,000","293,820,000","237,403,000","173,773,000","158,674,000","201,602,000","239,593,000","244,871,000","143,270,000","273,551,000","149,289,000","-149,772,000","-136,796,000","267,276,000","178,686,000","303,396,000","-214,476,000","127,001,000","447,697,000","157,726,000","571,332,000","53,382,000","97,434,000","-6,000,000","215,872,000","170,477,000","-110,617,000","208,020,000","184,122,000","147,683,000","183,289,000","212,278,000","136,628,000","254,376,000","30,164,000","155,839,000","144,721,000","95,337,000","140,120,000","148,123,000","135,361,000","100,015,000","94,502,000","69,020,000","119,387,000","107,853,000","109,423,000","109,724,000","110,930,000","105,819,000","96,211,000","98,365,000","93,910,000","94,951,000","86,934,000","85,717,000","94,455,000","125,024,000","76,582,000","74,129,000","94,856,000","63,237,000","57,469,000","64,149,000","55,217,000","52,943,000","56,334,000","56,602,000","60,386,000","52,401,000","52,865,000","62,798,000","38,060,000","38,520,000","36,413,000","58,811,000","54,170,000","37,728,000","35,978,000","32,558,000","44,278,000","28,568,000","30,934,000","15,333,000","13,150,000","-15,355,000","3,847,000","-148,056,000","1,900,000","-21,000,000","27,900,000","19,400,000","29,100,000","19,600,000","-52,800,000","10,400,000","9,900,000","8,900,000","7,800,000","7,200,000","6,500,000","5,700,000","4,300,000","2,800,000","2,400,000","1,300,000","1,200,000","1,200,000","1,200,000"
NormalizedIncome,"978,450,000","187,473,000","259,754,000","293,820,000","237,403,000","193,406,000","224,778,832","213,856,008","229,613,000","242,242,000","230,196,914","203,461,400","149,228,269","136,907,273.192","80,175,377.895","183,104,567.212","184,472,000","328,748,600","135,870,600","163,671,200","134,255,322.2","175,458,581.54","251,459,400.059","141,107,400","143,634,000","-6,000,000","215,872,000","170,477,000","-110,617,000","208,020,000","184,122,000","147,683,000","183,289,000","212,278,000","136,628,000","215,241,619.28","16,928,000","156,061,000","144,199,883.526","94,800,848.989","137,795,358.544","148,911,162.876","137,465,629.439","115,085,830.612","93,959,216.115","117,325,903.356","118,984,239.379","107,384,251.334","108,900,789.396","109,283,794.997","110,300,744.369","105,018,051.557","95,739,256.031","97,068,878.876","92,415,128.256","93,099,957.147","83,967,762.44","82,405,541.529","90,653,182.465","86,822,492.008","74,665,000","241,146,939.902","67,910,922.806","62,529,659.363","55,435,883.129","41,710,592.016","54,994,625.349","52,977,111.559","54,398,785.141","55,943,029.487","59,769,448.813","51,994,000.757","51,984,526.835","68,375,573.166","47,854,808.457","37,985,958.408","35,941,803.307","59,526,200","53,495,600","34,324,200","38,792,000","32,366,000","43,164,400","27,896,000","30,125,200","14,236,200","12,299,200","-5,516,200","3,010,000","-52,407,101.336","3,880,000","-9,644,951.14","27,114,935.065","9,790,654.206","28,497,515.528","19,000,000","32,578,723.404","9,976,744.186","9,480,000","8,600,000","7,560,000","7,260,000","6,260,000","4,980,000","4,060,000","2,800,000","2,400,000","1,300,000","1,200,000","1,200,000","1,200,000"
InterestIncome,,,,,,,,,,,,,,,,,,,,,,,,,,,,,,,,,,,,,,,,,,,,,"841,000",,,,,,,,,,,,,,,,,,,,,,,,,,,,,,,,,,,,,,,,,,,,,,,,,,,,,,,,,,,,,,,,,,
InterestExpense,"285,254,000","72,087,000","72,829,000","73,324,000","67,014,000","60,469,000","73,658,000","81,381,000","88,603,000","92,050,000","88,589,000","131,666,000","131,519,000","128,300,000","125,927,000","119,692,000","113,516,000","108,997,000","109,623,000","107,962,000","104,429,000","103,932,000","104,581,000","102,894,000","102,884,000","103,259,000","103,481,000","104,248,000","97,392,000","97,949,000","99,878,000","106,132,000","106,335,000","107,609,000","108,421,000","108,096,000","105,817,000","95,970,000","70,494,000","60,709,000","61,381,000","61,750,000","60,848,000","59,897,000","58,595,000","53,879,000","39,490,000","43,655,000","44,583,000","44,831,000","45,535,000","47,088,000","48,301,000",,,,,,,,,,,,,,,,,,,,,,,,,,,,,,,,,,,,,,,,,,,,,,,,,,,,,,,,,,
NetInterestIncome,"-285,254,000","-72,087,000","-72,829,000","-73,324,000","-67,014,000","-60,469,000","-73,658,000","-81,381,000","-91,551,000","-92,050,000","-88,589,000","-131,666,000","-131,519,000","-128,300,000","-125,927,000","-119,692,000","-113,516,000","-108,997,000","-109,623,000","-107,962,000","-104,429,000","-103,932,000","-104,581,000","-102,894,000","-102,884,000","-103,259,000","-103,481,000","-152,320,000","-97,392,000","-97,949,000","-99,878,000","-203,680,000","-106,335,000","-107,609,000","-108,421,000","-108,096,000","-105,817,000","-106,933,000","-70,494,000","-60,709,000","-61,381,000","-61,750,000","-60,848,000","-59,897,000","-58,595,000","-53,879,000","-39,490,000","-43,655,000","-44,583,000","-44,831,000","-45,535,000","-47,088,000","-48,301,000",,,,,,,,,,,,,,,,,,,,,,,,,,,,,,,,,,,,,,,,,,,,,,,,,,,,,,,,,,
EBIT,"1,803,748,000","387,027,000","467,287,000","505,664,000","443,770,000","387,840,000","356,990,000","419,465,000","458,078,000","474,073,000","362,374,000","455,369,000","347,447,000","387,414,000","293,045,000","440,186,000","415,268,000","155,822,000","-188,153,000","383,569,000","892,479,000","363,601,000","821,032,000","332,285,000","367,865,000","249,566,000","511,852,000","434,787,000","-64,689,000","452,314,000","436,290,000","388,440,000","442,923,000","487,629,000","379,187,000","520,646,000","167,459,000","377,699,000","341,678,000","248,722,000","321,759,000","330,899,000","319,510,000","247,602,000","236,394,000","186,241,000","257,504,000","238,977,000","243,497,000","239,394,000","246,000,000","237,227,000","221,358,000","211,600,000","207,884,000","205,554,000","196,727,000","195,263,000","212,412,000","261,217,000","193,317,000","188,511,000","217,094,000","171,752,000","162,075,000","136,722,000","112,338,000","110,315,000","105,996,000","105,171,000","111,652,000","96,467,000","96,833,000","121,190,000","95,211,000","82,800,000","79,334,000","120,179,000","111,324,000","80,911,000","789,187,000","75,226,000","96,867,000","70,432,000","75,467,000","51,791,000","49,906,000","37,257,000","40,317,000","-28,677,000","36,700,000","10,900,000","69,900,000","40,400,000","69,100,000","59,700,000","50,700,000","24,100,000","21,100,000","18,700,000","15,900,000","14,400,000","13,100,000","11,600,000","9,500,000","8,300,000","7,500,000","-57,000,000","24,800,000","24,700,000","24,700,000"
EBITDA,"2,484,363,000"
ReconciledCostOfRevenue,"7,972,414,000","2,060,218,000","2,008,589,000","1,965,277,000","1,938,330,000","2,056,881,000","1,971,719,000","1,984,564,000","1,975,449,000","2,000,625,000","1,991,172,000","1,957,753,000","1,964,935,000","2,027,069,000","2,063,770,000","2,069,089,000","2,035,585,000","1,902,096,000","2,925,975,000","2,859,911,000","2,722,820,000","1,825,091,000","2,697,629,000","2,671,025,000","2,582,333,000","2,515,131,000","2,501,015,000","2,446,076,000","2,362,612,000","2,366,114,000","2,326,865,000","2,246,540,000","2,179,786,000","2,128,574,000","2,095,094,000","2,014,283,000","1,954,082,000","1,660,590,000","1,340,918,000","1,312,247,000","1,263,159,000","1,213,912,000","1,189,375,000","1,165,220,000","1,115,996,000","1,135,012,000","1,144,313,000","1,110,552,000","1,082,789,000","1,095,046,000","1,095,857,000","1,051,879,000","1,005,886,000","1,011,344,000","1,005,648,000","973,286,000","930,209,000","927,503,000","890,243,000","891,013,000","881,585,000","872,556,000","857,049,000","842,973,000","817,773,000","729,063,000","457,994,000","435,354,000","409,949,000","419,593,000","396,909,000","375,139,000","363,429,000","359,965,000","347,895,000","335,986,000","316,710,000","317,061,000","308,438,000","300,552,000","291,634,000","290,881,000","277,252,000","271,545,000","260,974,000","256,407,000","248,734,000","267,714,000","259,298,000","258,739,000","250,800,000","248,500,000","222,100,000","223,200,000","200,800,000","183,300,000","165,300,000","87,000,000","75,500,000","70,400,000","60,100,000","57,900,000","49,400,000","43,400,000","33,300,000","24,900,000","22,700,000",,,,
ReconciledDepreciation,"680,615,000","174,763,000","170,462,000","169,689,000","165,701,000","161,486,000","156,894,000","157,376,000","154,679,000","158,467,000","155,915,000","152,242,000","148,528,000","155,157,000","146,000,000","147,079,000","142,799,000","183,958,000","203,283,000","200,038,000","190,206,000","188,777,000","181,739,000","180,381,000","169,355,000","163,330,000","162,062,000","158,843,000","153,789,000","153,600,000","148,865,000","145,905,000","142,565,000","138,732,000","133,005,000","130,626,000","125,756,000","109,540,000","80,586,000","77,807,000","75,975,000","72,987,000","67,821,000","64,470,000","62,037,000","60,071,000","58,486,000","58,353,000","57,468,000","56,865,000","56,813,000","58,185,000","57,123,000","56,244,000","54,970,000","52,892,000","52,811,000","51,392,000","49,230,000","47,058,000","45,790,000","45,209,000","44,478,000","41,717,000","41,891,000","42,639,000","26,372,000","25,860,000","24,848,000","23,212,000","22,257,000","20,927,000","20,270,000","19,985,000","19,336,000","17,921,000","17,445,000","16,895,000","16,267,000","15,698,000","15,805,000","26,156,000","26,281,000","26,624,000","26,148,000","27,290,000","26,927,000","29,670,000","27,718,000","28,281,000","29,800,000","27,400,000","27,000,000","29,500,000","22,500,000","21,000,000","19,000,000","8,200,000","7,100,000","6,400,000","5,400,000","5,100,000","4,300,000","3,500,000","2,500,000","2,100,000","1,700,000",,,,
NetIncomeFromContinuingOperationNetMinorityInterest,"978,450,000","187,473,000","259,754,000","293,820,000","237,403,000","193,406,000","158,674,000","201,602,000","229,613,000","242,242,000","150,113,000","194,159,000","118,984,000","159,437,000","74,943,000","197,580,000","184,472,000","159,809,000","-214,476,000","127,001,000","447,697,000","145,954,000","571,332,000","53,382,000","97,434,000","-6,000,000","215,872,000","170,477,000","-110,617,000","208,020,000","184,122,000","147,683,000","183,289,000","212,278,000","136,628,000","254,376,000","16,928,000","156,061,000","144,721,000","95,337,000","140,120,000","149,430,000","137,973,000","100,015,000","94,502,000","69,020,000","119,482,000","107,853,000","109,423,000","109,724,000","110,930,000","105,819,000","96,211,000","98,365,000","93,910,000","94,951,000","86,934,000","85,717,000","94,455,000","125,024,000","76,582,000","74,129,000","93,091,000","64,329,000","57,780,000","42,928,000","55,217,000","52,943,000","56,334,000","56,602,000","60,386,000","52,401,000","52,865,000","62,798,000","38,060,000","38,520,000","36,413,000","58,811,000","54,170,000","37,728,000","35,978,000","32,558,000","44,278,000","28,568,000","30,934,000","15,333,000","13,150,000","-15,355,000","3,847,000","-148,056,000","1,900,000","-21,000,000","27,900,000","19,400,000","29,100,000","19,600,000","-52,800,000","10,400,000","9,900,000","8,900,000","7,800,000","7,200,000","6,500,000","5,700,000","4,300,000","2,800,000","2,400,000","1,300,000","1,200,000","1,200,000","1,200,000"
TotalUnusualItemsExcludingGoodwill,"0","0","0","0",,"0","-86,074,000","-16,252,000","0","0","-105,097,000","-12,160,000","-41,037,000","28,152,000","-7,599,000","19,606,000","0","-281,566,000","-583,911,000","-61,117,000","493,734,000","-43,408,000","374,374,000","-146,209,000","-77,000,000","-206,169,000",,"0",,"0","0","0",,"0","0","56,977,000",,,"819,000","840,000","3,671,000","787,000","798,000","-23,444,000","841,000","-69,164,000","759,000","739,000","831,000","682,000","999,000","1,273,000","754,000","2,080,000","2,481,000","2,987,000","4,863,000","5,329,000","6,278,000","62,933,000","3,195,000","-273,791,000","41,239,000","2,973,000","3,874,000","1,864,000","356,000","-55,000","3,147,000","1,053,000","1,010,000","667,000","1,443,000","-8,926,000","-16,190,000","890,000","785,000","-1,192,000","1,124,000","5,673,000","-4,690,000","320,000","1,856,000","1,120,000","1,348,000","1,828,000","1,418,000","-16,398,000","1,395,000","-121,600,000","-3,300,000","-16,600,000","1,300,000","15,900,000","1,000,000","1,000,000","-91,200,000","700,000","700,000","500,000","400,000","-100,000","400,000","1,200,000","400,000",,,,,,
TotalUnusualItems,"0","0","0","0",,"0","-86,074,000","-16,252,000","0","0","-105,097,000","-12,160,000","-41,037,000","28,152,000","-7,599,000","19,606,000","0","-281,566,000","-583,911,000","-61,117,000","493,734,000","-43,408,000","374,374,000","-146,209,000","-77,000,000","-206,169,000",,"0",,"0","0","0",,"0","0","56,977,000",,,"819,000","840,000","3,671,000","787,000","798,000","-23,444,000","841,000","-69,164,000","759,000","739,000","831,000","682,000","999,000","1,273,000","754,000","2,080,000","2,481,000","2,987,000","4,863,000","5,329,000","6,278,000","62,933,000","3,195,000","-273,791,000","41,239,000","2,973,000","3,874,000","1,864,000","356,000","-55,000","3,147,000","1,053,000","1,010,000","667,000","1,443,000","-8,926,000","-16,190,000","890,000","785,000","-1,192,000","1,124,000","5,673,000","-4,690,000","320,000","1,856,000","1,120,000","1,348,000","1,828,000","1,418,000","-16,398,000","1,395,000","-121,600,000","-3,300,000","-16,600,000","1,300,000","15,900,000","1,000,000","1,000,000","-91,200,000","700,000","700,000","500,000","400,000","-100,000","400,000","1,200,000","400,000",,,,,,
NormalizedEBITDA,"2,484,363,000","561,790,000","637,749,000","675,353,000","609,471,000","549,326,000","599,958,000","593,093,000","612,757,000","632,540,000","623,386,000","619,771,000","537,012,000","514,419,000","446,644,000","567,659,000","558,067,000","621,346,000","599,041,000","644,724,000","588,951,000","595,786,000","628,397,000","658,875,000","614,220,000","412,896,000","673,914,000","593,630,000","89,100,000","605,914,000","585,486,000","534,347,000","585,502,000","627,103,000","512,192,000","594,295,000","293,368,000","487,239,000","421,445,000","325,689,000","394,063,000","403,099,000","386,533,000","335,516,000","297,590,000","315,476,000","315,231,000","296,591,000","300,134,000","295,577,000","301,814,000","294,139,000","277,727,000","265,764,000","260,373,000","255,459,000","244,675,000","241,326,000","255,364,000","245,342,000","235,912,000","507,511,000","220,333,000","210,496,000","200,092,000","177,497,000","138,354,000","136,230,000","127,697,000","127,330,000","132,899,000","116,727,000","115,660,000","150,101,000","130,737,000","99,831,000","95,994,000","138,266,000","126,467,000","90,936,000","809,682,000","101,062,000","121,292,000","95,936,000","100,267,000","77,253,000","75,415,000","83,325,000","66,640,000","121,204,000","69,800,000","54,900,000","95,600,000","54,000,000","90,600,000","79,700,000","160,900,000","31,600,000","27,500,000","24,600,000","20,900,000","19,600,000","17,000,000","14,000,000","11,600,000","10,400,000","9,200,000","-57,000,000","24,800,000","24,700,000","24,700,000"
TaxRateForCalcs,"0.202","0.208","0.189","0.188","0.226","0.224","0.232","0.246","0.248","0.214","0.238","0.235","0.263","0.2","0.311","0.262","0.234","0.4","0.4","0.4","0.365","0.32","0.146","0.4","0.4","0.4","0.36","0.371","0.4","0.293","0.347","0.357","0.371","0.357","0.373","0.313","0.246","0.347","0.364","0.362","0.367","0.341","0.364","0.357","0.355","0.302","0.344","0.366","0.372","0.355","0.37","0.371","0.374","0.377","0.397","0.38","0.39","0.379","0.394","0.393","0.4","0.39","0.389","0.395","0.395","0.347","0.375","0.38","0.385","0.374","0.39","0.39","0.39","0.375","0.395","0.4","0.4","0.4","0.4","0.4","0.4","0.4","0.4","0.4","0.4","0.4","0.4","0.4","0.4","0.213","0.4","0.316","0.396","0.396","0.398","0.4","0.064","0.395","0.4","0.4","0.4","0.4","0.4","0.4","0.4","0.4","0.4","0.4","0.4","0.4","0.4"
TaxEffectOfUnusualItems,"0","0","0","0","0","0","-19,969,168","-3,997,992","0","0","-25,013,086","-2,857,600","-10,792,731","5,622,273.192","-2,366,622.105","5,130,567.212","0","-112,626,400","-233,564,400","-24,446,800","180,292,322.2","-13,903,418.46","54,501,400.059","-58,483,600","-30,800,000","0","0","0","0","0","0","0","0","0","0","17,842,619.28","0","0","297,883.526","303,848.989","1,346,358.544","268,162.876","290,629.439","-8,373,169.388","298,216.115","-20,858,096.644","261,239.379","270,251.334","308,789.396","241,794.997","369,744.369","472,051.557","282,256.031","783,878.876","986,128.256","1,135,957.147","1,896,762.44","2,017,541.529","2,476,182.465","24,731,492.008","1,278,000","-106,773,060.098","16,058,922.806","1,173,659.363","1,529,883.129","646,592.016","133,625.349","-20,888.441","1,211,785.141","394,029.487","393,448.813","260,000.757","562,526.835","-3,348,426.834","-6,395,191.543","355,958.408","313,803.307","-476,800","449,600","2,269,200","-1,876,000","128,000","742,400","448,000","539,200","731,200","567,200","-6,559,200","558,000","-25,951,101.336","-1,320,000","-5,244,951.14","514,935.065","6,290,654.206","397,515.528","400,000","-5,821,276.596","276,744.186","280,000","200,000","160,000","-40,000","160,000","480,000","160,000","0","0","0","0","0","0"