name,ttm,12/31/2021,09/30/2021,06/30/2021,03/31/2021,12/31/2020,09/30/2020,06/30/2020,03/31/2020,12/31/2019,09/30/2019,06/30/2019,03/31/2019,12/31/2018,09/30/2018,06/30/2018,03/31/2018,12/31/2017,09/30/2017,06/30/2017,03/31/2017,12/31/2016,09/30/2016,06/30/2016,03/31/2016,12/31/2015,09/30/2015,06/30/2015,03/31/2015,12/31/2014,09/30/2014,06/30/2014,03/31/2014,12/31/2013,09/30/2013,06/30/2013,03/31/2013,12/31/2012,09/30/2012,06/30/2012,03/31/2012,12/31/2011,09/30/2011,06/30/2011,03/31/2011,12/31/2010,09/30/2010,06/30/2010,03/31/2010,12/31/2009,09/30/2009,06/30/2009,03/31/2009,12/31/2008,09/30/2008,06/30/2008,03/31/2008,12/31/2007,09/30/2007,06/30/2007,03/31/2007,12/31/2006,09/30/2006,06/30/2006,03/31/2006,12/31/2005,09/30/2005,06/30/2005,03/31/2005,12/31/2004,09/30/2004,06/30/2004,03/31/2004,12/31/2003,09/30/2003,06/30/2003,03/31/2003,12/31/2002,09/30/2002,06/30/2002,03/31/2002,12/31/2001,09/30/2001,06/30/2001,03/31/2001,12/31/2000,09/30/2000,06/30/2000,03/31/2000,12/31/1999,09/30/1999,06/30/1999,03/31/1999,12/31/1998,09/30/1998,06/30/1998,03/31/1998,12/31/1997,09/30/1997,06/30/1997,03/31/1997,12/31/1996,09/30/1996,06/30/1996,03/31/1996,12/31/1995,09/30/1995,06/30/1995,03/31/1995,12/31/1994,09/30/1994,06/30/1994,03/31/1994,12/31/1993,09/30/1993,06/30/1993,03/31/1993,12/31/1992,09/30/1992,06/30/1992,03/31/1992,12/31/1991,09/30/1991,06/30/1991,03/31/1991,12/31/1990,09/30/1990,06/30/1990,03/31/1990,12/31/1989,09/30/1989,06/30/1989,03/31/1989,12/31/1988,09/30/1988,06/30/1988,03/31/1988,12/31/1987,09/30/1987,06/30/1987,03/31/1987
TotalRevenue,"12,206,000,000","4,273,000,000","3,466,000,000","2,417,000,000","1,762,000,000","1,280,000,000","1,067,000,000","394,000,000","2,087,000,000","1,224,000,000","1,847,000,000","1,921,000,000","1,501,000,000","3,708,000,000","2,579,000,000","2,249,000,000","3,810,000,000","3,983,000,000","3,156,000,000","3,259,000,000","3,551,000,000","2,808,000,000","2,882,000,000","2,488,000,000","2,126,000,000","2,886,000,000","3,601,000,000","3,393,000,000","3,265,000,000","5,995,000,000","5,336,000,000","4,510,000,000","3,725,000,000","2,614,000,000","2,720,000,000","3,091,000,000","1,972,000,000","3,096,000,000","2,160,000,000","1,894,000,000","2,352,000,000","2,690,000,000","2,764,000,000","2,804,000,000","2,315,000,000","1,324,000,000","2,353,000,000","2,232,000,000","3,220,000,000","1,799,000,000","2,098,000,000","2,090,000,000","2,028,000,000","2,710,000,000","5,978,000,000","3,548,000,000","2,975,000,000","3,197,000,000","2,763,000,000","2,929,000,000","2,473,000,000","2,522,000,000","2,722,000,000","2,617,000,000","2,717,000,000","3,218,000,000","2,704,000,000","2,468,000,000","2,351,000,000","2,465,000,000","2,267,000,000","2,219,000,000","2,238,000,000","1,920,000,000","1,948,000,000","1,813,000,000","1,671,000,000","1,228,000,000","1,032,000,000","1,165,000,000","938,000,000","739,536,000","586,715,000","725,162,000","1,023,587,000","880,903,000","714,846,000","400,843,000","347,711,000","304,100,000","219,900,000","104,300,000","87,300,000","185,200,000","57,100,000","62,500,000","64,900,000","82,700,000","72,900,000","69,700,000","87,900,000","51,800,000","39,500,000","36,700,000","34,000,000","30,100,000","33,800,000","25,700,000","23,800,000","23,800,000","25,300,000","25,500,000","26,100,000","26,500,000","23,500,000","24,600,000","23,800,000","28,300,000","23,800,000","9,200,000","7,300,000","8,400,000","6,000,000","6,500,000","7,600,000","9,600,000","7,600,000","5,500,000","6,800,000","4,600,000","7,000,000","7,500,000","7,200,000","5,900,000","4,600,000","3,900,000","3,900,000","3,500,000","3,800,000","4,000,000","3,900,000"
	OperatingRevenue,"12,206,000,000","4,273,000,000","3,466,000,000","2,417,000,000","1,762,000,000","1,280,000,000","1,067,000,000","394,000,000","2,087,000,000","1,224,000,000","1,847,000,000","1,921,000,000","1,501,000,000","3,708,000,000","2,579,000,000","2,249,000,000","3,810,000,000","3,983,000,000","3,156,000,000","3,259,000,000","3,551,000,000","2,808,000,000","2,882,000,000","2,488,000,000","2,126,000,000","2,886,000,000","3,601,000,000","3,393,000,000","3,265,000,000","5,995,000,000","5,336,000,000","4,510,000,000","3,725,000,000","2,614,000,000","2,720,000,000","3,091,000,000","1,972,000,000","3,096,000,000","2,160,000,000","1,894,000,000","2,352,000,000","2,690,000,000","2,764,000,000","2,804,000,000","2,315,000,000","1,324,000,000","2,353,000,000","2,232,000,000","2,600,000,000","1,415,000,000","2,098,000,000","2,090,000,000","2,028,000,000","2,710,000,000","5,978,000,000","3,548,000,000","2,975,000,000","3,197,000,000","2,763,000,000","2,929,000,000","2,473,000,000","2,522,000,000","2,722,000,000","2,617,000,000","2,717,000,000","3,218,000,000","2,704,000,000","2,468,000,000","2,351,000,000","2,465,000,000","2,267,000,000","2,219,000,000","2,238,000,000","1,920,000,000","1,948,000,000","1,813,000,000","1,671,000,000","1,228,000,000","1,032,000,000","1,165,000,000","938,000,000","739,536,000","586,715,000","725,162,000","1,023,587,000","880,903,000","714,846,000","400,843,000","347,711,000","304,100,000","219,900,000","104,300,000","87,300,000","185,200,000","57,100,000","62,500,000","64,900,000","82,700,000","72,900,000","69,700,000","87,900,000","51,800,000","39,500,000","36,700,000","34,000,000","30,100,000","33,800,000","25,700,000","23,800,000","23,800,000","25,300,000","25,500,000","26,100,000","26,500,000","23,500,000","24,600,000","23,800,000","28,300,000","23,800,000","9,200,000","7,300,000","8,400,000","6,000,000","6,500,000","7,600,000","9,600,000","7,600,000","5,500,000","6,800,000","4,600,000","7,000,000","7,500,000","7,200,000","5,900,000","4,600,000","3,900,000","3,900,000","3,500,000","3,800,000","4,000,000","3,900,000"
CostOfRevenue,"8,527,000,000","2,448,000,000","2,298,000,000","2,014,000,000","956,000,000","1,190,000,000","1,048,000,000","901,000,000","719,000,000","3,226,000,000","770,000,000","765,000,000","965,000,000","979,000,000","970,000,000","992,000,000","3,294,000,000","4,919,000,000","2,284,000,000","2,155,000,000","2,269,000,000","2,035,000,000","1,941,000,000","1,897,000,000","1,686,000,000","2,195,000,000","2,472,000,000","2,793,000,000","2,477,000,000","2,741,000,000","2,763,000,000","2,984,000,000","2,181,000,000","1,597,000,000","1,074,000,000","1,056,000,000","1,067,000,000","1,670,000,000","826,000,000","722,000,000","839,000,000","911,000,000","990,000,000","909,000,000","757,000,000","762,000,000","751,000,000","722,000,000","397,000,000","446,000,000","749,000,000","744,000,000","795,000,000","858,000,000","1,043,000,000","1,052,000,000","888,000,000","1,729,000,000","457,000,000","780,000,000","700,000,000","1,639,000,000","382,000,000","650,000,000","688,000,000","340,000,000","319,000,000","338,000,000","348,000,000","341,000,000","323,000,000","306,000,000","310,000,000","303,000,000","295,000,000","274,000,000","206,000,000","190,000,000","191,000,000","204,000,000","208,000,000","199,180,000","140,894,000","133,874,000","140,052,000","156,167,000","-3,697,000","71,703,000","66,916,000","67,700,000","45,800,000","27,100,000","27,400,000","58,200,000","18,200,000","18,500,000","18,600,000","19,500,000","15,800,000","14,500,000","15,800,000","8,800,000","7,600,000","10,100,000","7,400,000","2,000,000","8,800,000","8,100,000","8,400,000","8,000,000","8,300,000","7,600,000","7,600,000","7,900,000","7,900,000","8,800,000","8,700,000","8,800,000","8,400,000","2,800,000","3,000,000","3,000,000","2,200,000","2,600,000","2,800,000","3,300,000","3,000,000","2,500,000","3,100,000","2,800,000","3,100,000","2,900,000",,,,,,,,,
GrossProfit,"3,679,000,000","1,825,000,000","1,168,000,000","403,000,000","806,000,000","90,000,000","19,000,000","-507,000,000","1,368,000,000","-2,002,000,000","1,077,000,000","1,156,000,000","536,000,000","2,729,000,000","1,609,000,000","1,257,000,000","516,000,000","-936,000,000","872,000,000","1,104,000,000","1,282,000,000","773,000,000","941,000,000","591,000,000","440,000,000","691,000,000","1,129,000,000","600,000,000","788,000,000","3,254,000,000","2,573,000,000","1,526,000,000","1,544,000,000","1,017,000,000","1,646,000,000","2,035,000,000","905,000,000","1,426,000,000","1,334,000,000","1,172,000,000","1,513,000,000","1,779,000,000","1,774,000,000","1,895,000,000","1,558,000,000","562,000,000","1,602,000,000","1,510,000,000","2,823,000,000","1,353,000,000","1,349,000,000","1,346,000,000","1,233,000,000","1,852,000,000","4,935,000,000","2,496,000,000","2,087,000,000","1,468,000,000","2,306,000,000","2,149,000,000","1,773,000,000","883,000,000","2,340,000,000","1,967,000,000","2,029,000,000","2,878,000,000","2,385,000,000","2,130,000,000","2,003,000,000","2,124,000,000","1,944,000,000","1,913,000,000","1,928,000,000","1,617,000,000","1,653,000,000","1,539,000,000","1,465,000,000","1,038,000,000","841,000,000","961,000,000","730,000,000","540,356,000","445,821,000","591,288,000","883,535,000","724,736,000","718,543,000","329,140,000","280,795,000","236,400,000","174,100,000","77,200,000","59,900,000","127,000,000","38,900,000","44,000,000","46,300,000","63,200,000","57,100,000","55,200,000","72,100,000","43,000,000","31,900,000","26,600,000","26,600,000","28,100,000","25,000,000","17,600,000","15,400,000","15,800,000","17,000,000","17,900,000","18,500,000","18,600,000","15,600,000","15,800,000","15,100,000","19,500,000","15,400,000","6,400,000","4,300,000","5,400,000","3,800,000","3,900,000","4,800,000","6,300,000","4,600,000","3,000,000","3,700,000","1,800,000","3,900,000","4,600,000",,,,,,,,,
OperatingExpense,"433,000,000","128,000,000","98,000,000","97,000,000","633,000,000","86,000,000","114,000,000","91,000,000","792,000,000","-1,999,000,000","809,000,000","834,000,000","939,000,000","1,367,000,000","1,396,000,000","1,395,000,000","259,000,000","-371,000,000","544,000,000","576,000,000","565,000,000","553,000,000","513,000,000","567,000,000","658,000,000","699,000,000","719,000,000","796,000,000","823,000,000","839,000,000","797,000,000","804,000,000","817,000,000","423,000,000","887,000,000","880,000,000","816,000,000","410,000,000","970,000,000","960,000,000","950,000,000","919,000,000","835,000,000","828,000,000","767,000,000","766,000,000","710,000,000","735,000,000","1,123,000,000","6,822,000,000","768,000,000","821,000,000","859,000,000","1,282,000,000","1,146,000,000","1,180,000,000","126,000,000","79,000,000","1,265,000,000","897,000,000","832,000,000","-91,000,000","1,147,000,000","775,000,000","722,000,000","1,151,000,000","978,000,000","984,000,000","1,046,000,000","1,096,000,000","1,009,000,000","1,002,000,000","1,054,000,000","974,000,000","909,000,000","848,000,000","770,000,000","641,000,000","567,000,000","638,000,000","512,000,000","370,785,000","261,750,000","247,340,000","258,125,000","251,794,000","349,803,000","150,096,000","144,931,000","145,200,000","111,900,000","46,200,000","42,800,000","73,400,000","29,600,000","30,400,000","28,000,000","33,300,000","27,300,000","27,900,000","27,400,000","17,800,000","15,700,000","12,900,000","14,300,000","18,500,000","11,400,000","11,700,000","11,800,000","10,900,000","11,000,000","10,400,000","10,200,000","9,700,000","9,000,000","8,100,000","9,100,000","9,100,000","9,100,000","4,300,000","3,700,000","4,000,000","3,300,000","2,800,000","28,500,000","4,200,000","3,100,000","2,600,000","3,000,000","2,300,000","3,400,000","4,000,000",,,,,,,,,
	SellingGeneralAndAdministration,"391,000,000","95,000,000","95,000,000","94,000,000","630,000,000","82,000,000","75,000,000","79,000,000","680,000,000","-2,028,000,000","791,000,000","827,000,000","912,000,000","1,264,000,000","1,364,000,000","1,313,000,000","226,000,000","374,000,000","153,000,000","164,000,000","181,000,000","163,000,000","141,000,000","147,000,000","194,000,000","194,000,000","198,000,000","212,000,000","251,000,000","252,000,000","195,000,000","189,000,000","211,000,000","157,000,000","143,000,000","167,000,000","150,000,000","198,000,000","150,000,000","176,000,000","168,000,000","182,000,000","138,000,000","135,000,000","130,000,000","164,000,000","131,000,000","130,000,000","138,000,000","163,000,000","137,000,000","182,000,000","166,000,000","179,000,000","146,000,000","180,000,000","148,000,000","-781,000,000","424,000,000","113,000,000","119,000,000","-817,000,000","407,000,000","90,000,000","90,000,000","506,000,000","364,000,000","374,000,000","389,000,000","429,000,000","389,000,000","379,000,000","420,000,000","359,000,000","347,000,000","370,000,000","405,000,000","317,000,000","259,000,000","276,000,000","174,000,000","37,133,000","26,977,000","24,628,000","22,262,000","18,831,000","25,304,000","16,123,000","16,650,000","21,300,000","19,300,000","7,000,000","6,200,000","13,700,000","3,200,000","3,500,000","3,300,000","3,700,000","3,000,000","3,600,000","2,600,000","2,400,000","2,100,000","2,400,000","2,100,000","2,100,000","1,900,000","2,100,000","2,300,000","2,300,000","1,800,000","2,200,000","2,100,000","2,100,000","1,600,000","2,000,000","1,800,000","2,100,000","1,700,000","1,300,000","1,300,000","1,800,000","1,400,000","1,300,000","26,300,000","1,700,000","1,000,000","1,000,000","1,200,000","1,700,000","1,300,000","1,700,000",,,,,,,,,
		GeneralAndAdministrativeExpense,"391,000,000","95,000,000","95,000,000","94,000,000","107,000,000","82,000,000","75,000,000","79,000,000","102,000,000","119,000,000","107,000,000","114,000,000","153,000,000","151,000,000","147,000,000","153,000,000","226,000,000","374,000,000","153,000,000","164,000,000","181,000,000","163,000,000","141,000,000","147,000,000","194,000,000","194,000,000","198,000,000","212,000,000","251,000,000","252,000,000","195,000,000","189,000,000","211,000,000","157,000,000","143,000,000","167,000,000","150,000,000","198,000,000",,,,,,,,,,,,,,,,,,,,,,,,,,,,,,,,,,,,,,,,,,,,,,,,,,,,,,,,,,,,,,,,,,,,,,,,,,,,,,,,,,,,,,,,,,,,,,,,,,,,,,,
			SalariesAndWages,"255,000,000",,,,"72,000,000","49,000,000","46,000,000","45,000,000","66,000,000",,,,,,,,,,,,,,,,,,,,,,,,,,,,,,,,,,,,,,,,,,,,,,,,,,,,,,,,,,,,,,,,,,,,,,,,,,,,,,,,,,,,,,,,,,,,,,,,,,,,,,,,,,,,,,,,,,,,,,,,,,,,,,,,,,,,
			OtherGandA,"136,000,000","-160,000,000","95,000,000","94,000,000","35,000,000","33,000,000","29,000,000","34,000,000","36,000,000","119,000,000","107,000,000","114,000,000","153,000,000","151,000,000","147,000,000","153,000,000","226,000,000","374,000,000","153,000,000","164,000,000","181,000,000","163,000,000","141,000,000","147,000,000","194,000,000","194,000,000","198,000,000","212,000,000","251,000,000","252,000,000","195,000,000","189,000,000","211,000,000","157,000,000","143,000,000","167,000,000","150,000,000","198,000,000",,,,,,,,,,,,,,,,,,,,,,,,,,,,,,,,,,,,,,,,,,,,,,,,,,,,,,,,,,,,,,,,,,,,,,,,,,,,,,,,,,,,,,,,,,,,,,,,,,,,,,,
		SellingAndMarketingExpense,"2,812,000,000",,,,"523,000,000",,,,"578,000,000","665,000,000","684,000,000","713,000,000","759,000,000","1,113,000,000","1,217,000,000","1,160,000,000","2,214,000,000","2,411,000,000","1,813,000,000","1,703,000,000","1,803,000,000","1,608,000,000","1,480,000,000","1,338,000,000","1,066,000,000","1,481,000,000","1,637,000,000","1,863,000,000","1,439,000,000","1,723,000,000","1,781,000,000","2,006,000,000","1,305,000,000","425,000,000","383,000,000","382,000,000","363,000,000","399,000,000",,,,,,,,,,,,,,,,,,,,,,,,,,,,,,,,,,,,,,,,,,,,,,,,,,,,,,,,,,,,,,,,,,,,,,,,,,,,,,,,,,,,,,,,,,,,,,,,,,,,,,,
	DepreciationAmortizationDepletionIncomeStatement,,,,,,,,,,,,,,,,,,,,,,,,,,,,,,,,,,,,,,,"716,000,000","684,000,000","680,000,000","626,000,000","566,000,000","550,000,000","506,000,000","489,000,000","463,000,000","489,000,000","489,000,000","326,000,000","545,000,000","568,000,000","669,000,000","1,043,000,000","848,000,000","824,000,000","794,000,000","775,000,000","756,000,000","694,000,000","633,000,000","646,000,000","648,000,000","599,000,000","549,000,000","544,000,000","533,000,000","535,000,000","579,000,000","594,000,000","572,000,000","552,000,000","572,000,000","562,000,000","508,000,000","427,000,000","296,000,000","293,000,000","283,000,000","327,000,000","320,000,000","311,677,000","213,806,000","193,163,000","191,354,000","195,961,000","298,247,000","122,603,000","117,861,000","114,300,000","85,500,000","35,800,000","33,600,000","55,600,000","23,200,000","23,400,000","21,700,000","24,900,000","20,200,000","20,600,000","19,500,000","11,800,000","11,000,000","10,500,000","10,100,000","9,600,000","9,500,000","9,600,000","9,500,000","8,600,000","9,200,000","8,200,000","8,100,000","7,600,000","7,400,000","6,100,000","7,300,000","7,000,000","7,400,000","3,000,000","2,400,000","2,200,000","1,900,000","1,500,000","2,200,000","2,500,000","2,100,000","1,600,000","1,800,000","600,000","2,100,000","2,300,000",,,,,,,,,
		DepreciationAndAmortizationInIncomeStatement,,,,,,,,,,,,,,,,,,,,,,,,,,,,,,,,,,,,,,,,,,,"566,000,000","550,000,000","506,000,000","489,000,000","463,000,000","489,000,000","489,000,000","326,000,000","545,000,000","568,000,000","669,000,000","1,043,000,000","848,000,000","824,000,000","794,000,000","775,000,000","756,000,000","694,000,000","633,000,000","646,000,000","648,000,000","599,000,000","549,000,000","544,000,000","533,000,000","535,000,000","579,000,000","594,000,000","572,000,000","552,000,000","572,000,000","562,000,000","508,000,000","427,000,000","296,000,000","293,000,000","283,000,000","327,000,000","320,000,000","311,677,000","213,806,000","193,163,000","191,354,000","195,961,000","298,247,000","122,603,000","117,861,000","114,300,000","85,500,000","35,800,000","33,600,000","55,600,000","23,200,000","23,400,000","21,700,000","24,900,000","20,200,000","20,600,000","19,500,000","11,800,000","11,000,000","10,500,000","10,100,000","9,600,000","9,500,000","9,600,000","9,500,000","8,600,000","9,200,000","8,200,000","8,100,000","7,600,000","7,400,000","6,100,000","7,300,000","7,000,000","7,400,000","3,000,000","2,400,000","2,200,000","1,900,000","1,500,000","2,200,000","2,500,000","2,100,000","1,600,000","1,800,000","600,000","2,100,000","2,300,000",,,,,,,,,
			DepreciationIncomeStatement,,,,,,,,,,,,,,,,,,,,,,,,,,,,,,,,,,,,,,,,,,,,,,,,,,,,,,,,,,,,,,,,,,,,,,,,,,,,,,,,,,"303,061,000","205,345,000","184,702,000","182,892,000",,,,,,,,,,,,,,,,,,,,,,,,,,,,,,,,,,,,,,,,,,,,,,,,,,,,,,,,
			Amortization,,,,,,,,,,,,,,,,,,,,,,,,,,,,,,,,,,,,,,,,,,,,,,,,,,,,,,,,,,,,,,,,,,,,,,,,,,,,,,,,,,"8,616,000","8,461,000","8,461,000","8,462,000",,,,,,,,,,,,,,,,,,,,,,,,,,,,,,,,,,,,,,,,,,,,,,,,,,,,,,,,
				AmortizationOfIntangiblesIncomeStatement,,,,,,,,,,,,,,,,,,,,,,,,,,,,,,,,,,,,,,,,,,,,,,,,,,,,,,,,,,,,,,,,,,,,,,,,,,,,,,,,,,"8,616,000","8,461,000","8,461,000","8,462,000",,,,,,,,,,,,,,,,,,,,,,,,,,,,,,,,,,,,,,,,,,,,,,,,,,,,,,,,
	OtherTaxes,,,,,,,,,,,,,,,,,,,,,,,,,,,,,,,,,,,"115,000,000","125,000,000","113,000,000","108,000,000","104,000,000","100,000,000","102,000,000","88,000,000","108,000,000","120,000,000","108,000,000","92,000,000","95,000,000","92,000,000","101,000,000","164,000,000","61,000,000","47,000,000",,"60,000,000","152,000,000","176,000,000","134,000,000","85,000,000","85,000,000","90,000,000","80,000,000","80,000,000","92,000,000","86,000,000","83,000,000","101,000,000","81,000,000","75,000,000","78,000,000","73,000,000","48,000,000","71,000,000","62,000,000","52,000,000","54,000,000","51,000,000","47,000,000","31,000,000","25,000,000","35,000,000","22,000,000","21,975,000","20,967,000","29,549,000","44,509,000","37,002,000","26,252,000","11,370,000","10,420,000","9,600,000","7,100,000","3,400,000","3,000,000","4,100,000","3,200,000","3,500,000","3,000,000","4,700,000","4,100,000","3,700,000","5,300,000","3,600,000","2,600,000",,"2,100,000",,,,,,,,,,,,,,,,,,,,,,,,,,,,,,,,,,,,
	OtherOperatingExpenses,"42,000,000","33,000,000","3,000,000","3,000,000","3,000,000","4,000,000","39,000,000","12,000,000","112,000,000","29,000,000","18,000,000","7,000,000","27,000,000","103,000,000","32,000,000","82,000,000","33,000,000","-745,000,000","391,000,000","412,000,000","384,000,000","390,000,000","372,000,000","420,000,000","464,000,000","505,000,000","521,000,000","584,000,000","572,000,000","587,000,000","602,000,000","615,000,000","606,000,000","619,000,000","629,000,000","588,000,000","553,000,000","534,000,000",,,,"23,000,000","23,000,000","23,000,000","23,000,000","21,000,000","21,000,000","24,000,000","395,000,000","6,169,000,000","25,000,000","24,000,000","24,000,000",,,,"-950,000,000",,,,,,,,,,,,,,,,,,,,"22,000,000",,,,"-4,000,000",,,,,,,,,,,,,,,,,,,,,,,,,,,,,,,,,,,,,,,,,,,,,,,,,,,,,,,,,,,,
OperatingIncome,"3,246,000,000","1,697,000,000","1,070,000,000","306,000,000","173,000,000","4,000,000","-95,000,000","-598,000,000","576,000,000","-3,000,000","268,000,000","322,000,000","-403,000,000","1,362,000,000","213,000,000","-138,000,000","257,000,000","-565,000,000","328,000,000","528,000,000","717,000,000","220,000,000","428,000,000","24,000,000","-218,000,000","-8,000,000","410,000,000","-196,000,000","-35,000,000","2,415,000,000","1,776,000,000","722,000,000","727,000,000","594,000,000","759,000,000","1,155,000,000","89,000,000","1,016,000,000","364,000,000","212,000,000","563,000,000","860,000,000","939,000,000","1,067,000,000","791,000,000","-204,000,000","892,000,000","775,000,000","1,700,000,000","-5,469,000,000","581,000,000","525,000,000","374,000,000","570,000,000","3,789,000,000","1,316,000,000","1,961,000,000","1,389,000,000","1,041,000,000","1,252,000,000","941,000,000","974,000,000","1,193,000,000","1,192,000,000","1,307,000,000","1,727,000,000","1,407,000,000","1,146,000,000","957,000,000","1,028,000,000","935,000,000","911,000,000","874,000,000","643,000,000","744,000,000","691,000,000","695,000,000","397,000,000","274,000,000","323,000,000","218,000,000","169,571,000","184,071,000","343,948,000","625,410,000","472,942,000","368,740,000","179,044,000","135,864,000","91,200,000","62,200,000","31,000,000","17,100,000","53,600,000","9,300,000","13,600,000","18,300,000","29,900,000","29,800,000","27,300,000","44,700,000","25,200,000","16,200,000","13,700,000","12,300,000","9,600,000","13,600,000","5,900,000","3,600,000","4,900,000","6,000,000","7,500,000","8,300,000","8,900,000","6,600,000","7,700,000","6,000,000","10,400,000","6,300,000","2,100,000","600,000","1,400,000","500,000","1,100,000","-23,700,000","2,100,000","1,500,000","400,000","700,000","-500,000","500,000","600,000","7,200,000","-13,800,000","4,600,000","3,900,000","3,900,000","-13,400,000","3,800,000","4,000,000","3,900,000"
NetNonOperatingInterestIncomeExpense,"-359,000,000","-86,000,000","-86,000,000","-90,000,000","-97,000,000","-70,000,000","-66,000,000","-69,000,000","-65,000,000","-64,000,000","-60,000,000","-66,000,000","-73,000,000","-70,000,000","-75,000,000","-62,000,000","-119,000,000","-128,000,000","-127,000,000","-116,000,000","-127,000,000","-149,000,000","-159,000,000","-163,000,000","-164,000,000","-139,000,000","-136,000,000","-125,000,000","-117,000,000","-119,000,000","-116,000,000","-131,000,000","-112,000,000","-111,000,000","-100,000,000","-104,000,000","-102,000,000","-74,000,000","-110,000,000","-99,000,000","-87,000,000","-28,000,000","-144,000,000","-110,000,000","-64,000,000","-56,000,000","-83,000,000","-111,000,000","-86,000,000","-78,000,000","-90,000,000","-90,000,000","-83,000,000",,,,,,,,,,,,,,,,,,,,,,,,,,,,,,,,,,,,,,,,,,,,,,,,,,,,,,,,,,,,,,,,,,,,,,,,,,,,,,,,,,,,,,,,
	InterestIncomeNonOperating,"2,000,000","0","1,000,000","0","1,000,000",,,"2,000,000","5,000,000",,,,,,,,,,,,,,"2,000,000","2,000,000","1,000,000","1,000,000","2,000,000","1,000,000","2,000,000","3,000,000","2,000,000","2,000,000","3,000,000","4,000,000","4,000,000","4,000,000","8,000,000",,,,,,,,,,,,,,,,,,,,,,,,,,,,,,,,,,,,,,,,,,,,,,,,,,,,,,,,,,,,,,,,,,,,,,,,,,,,,,,,,,,,,,,,,,,,,,,,,,,,,,,,
	InterestExpenseNonOperating,"388,000,000","92,000,000","93,000,000","98,000,000","105,000,000","59,000,000","66,000,000","65,000,000","65,000,000","65,000,000","65,000,000","65,000,000","78,000,000","81,000,000","75,000,000","64,000,000","123,000,000","130,000,000","128,000,000","129,000,000","127,000,000","153,000,000","152,000,000","158,000,000","156,000,000","136,000,000","130,000,000","121,000,000","116,000,000","133,000,000","112,000,000","122,000,000","109,000,000","98,000,000","101,000,000","104,000,000","107,000,000","96,000,000","110,000,000","99,000,000","87,000,000","49,000,000","144,000,000","110,000,000","64,000,000","69,000,000","83,000,000","111,000,000","86,000,000","86,000,000","90,000,000","90,000,000","83,000,000",,,,,,,,,,,,,,,,,,,,,,,,,,,,,,,,,,,,,,,,,,,,,,,,,,,,,,,,,,,,,,,,,,,,,,,,,,,,,,,,,,,,,,,,
	TotalOtherFinanceCost,"-27,000,000","-6,000,000","-6,000,000","-8,000,000","-7,000,000",,,"6,000,000","5,000,000","-1,000,000","-5,000,000","1,000,000","-5,000,000","-11,000,000","75,000,000","-2,000,000","-4,000,000","-2,000,000","-1,000,000","-13,000,000","127,000,000","-9,000,000","9,000,000","7,000,000","9,000,000","4,000,000","8,000,000","5,000,000","3,000,000","-11,000,000","6,000,000","11,000,000","6,000,000","17,000,000","3,000,000","4,000,000","3,000,000",,,,,,,,,,,,,,,,,,,,,,,,,,,,,,,,,,,,,,,,,,,,,,,,,,,,,,,,,,,,,,,,,,,,,,,,,,,,,,,,,,,,,,,,,,,,,,,,,,,,,,,,
OtherIncomeExpense,"11,000,000","51,000,000","-20,000,000","88,000,000","-108,000,000","-44,000,000","-32,000,000","-13,000,000","-2,618,000,000","-17,000,000","-14,000,000","-19,000,000","49,000,000","192,000,000","24,000,000","-281,000,000","-319,000,000","261,000,000","71,000,000","46,000,000","8,000,000","304,000,000","909,000,000","-1,606,000,000","-3,303,000,000","-5,395,000,000","-5,897,000,000","-4,158,000,000","-5,472,000,000","-2,005,000,000","-6,000,000","963,000,000","-55,000,000","-8,000,000","-20,000,000","-54,000,000","-1,949,000,000","-1,443,000,000","-1,415,000,000","621,000,000","135,000,000","-61,000,000","720,000,000","421,000,000","-147,000,000","836,000,000","-110,000,000","-51,000,000","-26,000,000","6,231,000,000","101,000,000","-10,000,000","-6,518,000,000","-20,897,000,000","-7,000,000","13,000,000","-39,000,000","-176,000,000","28,000,000","-27,000,000","-11,000,000","-282,000,000","-72,000,000","-75,000,000","-175,000,000","-344,000,000","-104,000,000","10,000,000","74,000,000","14,000,000","-9,000,000","-5,000,000","22,000,000","-75,000,000","-16,000,000","19,000,000","48,000,000","-369,000,000","6,000,000","-1,256,000,000","-10,000,000","-1,857,450,000","-19,084,000","-146,424,000","-14,042,000","-8,688,000","-114,466,000",,"-2,408,000","23,100,000","-2,100,000","5,600,000","3,200,000","102,400,000","-253,800,000",,,,,,,,,"600,000",,,,,,,,,,,,"300,000","100,000","-200,000","1,900,000","200,000","1,000,000","100,000","200,000","1,000,000","400,000","800,000","400,000","200,000",,,,,,,,,,,,,
	GainOnSaleOfSecurity,,,,,,,,,,,,,"34,000,000",,,"-31,000,000",,,,,,,,,,,,,,,,,,,,"-2,000,000","-2,000,000","-533,000,000","-295,000,000","665,000,000","145,000,000","-105,000,000","738,000,000","416,000,000","-168,000,000",,,,,,,,,,,,,,,,,,,,,,,,,,,,,,,,,,,,,,,,,,,,,,,,,,,,,,,,,,,,,,,,,,,,,,,,,,,,,,,,,,,,,,,,,,,,,,,,
	SpecialIncomeCharges,"-21,000,000","60,000,000","-18,000,000","74,000,000","-137,000,000","-43,000,000","-32,000,000","0","-2,666,000,000","-10,000,000","-8,000,000","-11,000,000","-10,000,000","259,000,000","-7,000,000","-271,000,000","-300,000,000","199,000,000","-2,000,000","14,000,000","-11,000,000","232,000,000","953,000,000","-1,521,000,000","-3,282,000,000","-5,417,000,000","-5,854,000,000","-4,167,000,000","-5,460,000,000","-2,003,000,000","-2,000,000","1,052,000,000","-37,000,000","-20,000,000","-11,000,000","-48,000,000","-1,951,000,000","-924,000,000","-1,120,000,000","-44,000,000","-10,000,000","67,000,000","5,000,000","5,000,000","21,000,000","117,000,000","-110,000,000","-51,000,000","-26,000,000","6,231,000,000","101,000,000","-10,000,000","-6,518,000,000","-20,897,000,000","-7,000,000","13,000,000","-39,000,000","-176,000,000","28,000,000","-27,000,000","-11,000,000","-282,000,000","-72,000,000","-75,000,000","-175,000,000","-344,000,000","-104,000,000","10,000,000","74,000,000","14,000,000","-9,000,000","-5,000,000","22,000,000","-75,000,000","-16,000,000","19,000,000","48,000,000","-369,000,000","6,000,000","-1,256,000,000","-10,000,000","-1,857,450,000","-19,084,000","-146,424,000","-14,042,000","-8,688,000","-114,466,000",,"-2,408,000","23,100,000","-2,100,000","5,600,000","3,200,000","102,400,000","-253,800,000",,,,,,,,,"600,000",,,,,,,,,,,,"300,000","100,000","-200,000","1,900,000","200,000","1,000,000","100,000","200,000","1,000,000","400,000","800,000","400,000","200,000",,,,,,,,,,,,,
		RestructuringAndMergernAcquisition,"219,000,000","-11,000,000","18,000,000","23,000,000","189,000,000","17,000,000","32,000,000","0","0","11,000,000","10,000,000","12,000,000","54,000,000","9,000,000","11,000,000","94,000,000",,"0","0","0","0","1,000,000","-5,000,000","24,000,000","247,000,000","78,000,000","0","0","0","2,000,000","2,000,000","5,000,000","37,000,000","4,000,000","4,000,000","8,000,000","38,000,000","74,000,000","0","0","0","0","-3,000,000","6,000,000","-5,000,000","2,000,000","63,000,000","-8,000,000",,,,,,,,,,,,,,,,,,,,,,,,,,"0",,"7,000,000",,,,,,,,,,,,,,,,,,,,,,,,,,,,,,,,,,,,,,,,,,,,,,,,,,,,,,,,,,,,,,,,,
		ImpairmentOfCapitalAssets,"0",,,,,"0","0","0","2,666,000,000","0","0","0",,"0","2,000,000","154,000,000","0","8,000,000","2,000,000","0","7,000,000","124,000,000","319,000,000","1,497,000,000","3,035,000,000","5,341,000,000","5,851,000,000","4,168,000,000","5,460,000,000","1,953,000,000","0","0","0","16,000,000","7,000,000","40,000,000","1,913,000,000","896,000,000","1,128,000,000",,,,,,,,,"0",,,,,,,,,,,,,,,,,,,,,,,,,,,,,,,,,,,,,,,,,,,,,,,,,,,,,,,,,,,,,,,,,,,,,,,,,,,,,,,,,,,,,,,,,,,,,
		WriteOff,"0","0","0","0","0","27,000,000","0","0","2,666,000,000","0","0","0",,"0","2,000,000","154,000,000","0","8,000,000","2,000,000","0","7,000,000","124,000,000","319,000,000","1,497,000,000","3,035,000,000","5,341,000,000","5,851,000,000","4,168,000,000","5,460,000,000","1,953,000,000","0","0","0","16,000,000","7,000,000","40,000,000","1,913,000,000","896,000,000",,,,,,,,,,,,,,,,,,,,,,,,,,,,,,,,,,,,,,,,,,,,,,,,,,,,,,,,,,,,,,,,,,,,,,,,,,,,,,,,,,,,,,,,,,,,,,,,,,,,,,,
		OtherSpecialCharges,"-30,000,000","0",,"-10,000,000","-20,000,000",,,,,,,,,"0",,,"312,000,000","0",,,,"185,000,000","84,000,000",,,,,,,,,,,,,,,,"-8,000,000","44,000,000","10,000,000","-67,000,000","-2,000,000","-11,000,000","-16,000,000","-119,000,000","47,000,000","59,000,000",,,,,,,,,,,,,,,,,,,,,,,,,,"75,000,000",,"-26,000,000",,,,,,,,,,,,,,,,,,,,,,,,,,,,,,,,,,,,,,,,,,,,,,,,,,,,,,,,,,,,,,,,,
		GainOnSaleOfPPE,"168,000,000","49,000,000","0","87,000,000","32,000,000","1,000,000","0","0","0","1,000,000","2,000,000","1,000,000","44,000,000","268,000,000","6,000,000","-23,000,000","12,000,000","207,000,000","0","14,000,000","-4,000,000","542,000,000","1,351,000,000",,,"2,000,000","-3,000,000","1,000,000","0","0","0","1,057,000,000",,,,,,,,,,,,,,,,,,,,,,,,,,,,,,,,,,,,,,,,,,,,,,,,,,,,,,,,,,,,,,,,,,,,,,,,,,,,,,,,,,,,,,,,,,,,,,,,,,,,,,,,,,,,,
	OtherNonOperatingIncomeExpenses,"32,000,000","-9,000,000","-2,000,000","14,000,000","29,000,000","-1,000,000",,"-13,000,000","48,000,000","-7,000,000","-6,000,000","-8,000,000","25,000,000","72,000,000","31,000,000","21,000,000","-19,000,000","-70,000,000","73,000,000","32,000,000","19,000,000","72,000,000","-44,000,000","-85,000,000","-21,000,000","22,000,000","-43,000,000","9,000,000","-12,000,000","-2,000,000","-4,000,000","-89,000,000","-18,000,000","8,000,000","-9,000,000","-4,000,000","4,000,000","-32,000,000",,,,"-23,000,000","-23,000,000","-23,000,000",,,,,,,,,,,,,,,,,,,,,,,,,,,,,,,,,,,,,,,,,,,,,,,,,,,,,,,,,,,,,,,,,,,,,,,,,,,,,,,,,,,,,,,,,,,,,,,,,
PretaxIncome,"2,898,000,000","1,662,000,000","964,000,000","304,000,000","-32,000,000","-110,000,000","-193,000,000","-680,000,000","-2,107,000,000","-84,000,000","194,000,000","237,000,000","-427,000,000","1,484,000,000","162,000,000","-481,000,000","-181,000,000","-432,000,000","272,000,000","458,000,000","598,000,000","375,000,000","1,178,000,000","-1,745,000,000","-3,685,000,000","-5,542,000,000","-5,623,000,000","-4,479,000,000","-5,624,000,000","291,000,000","1,654,000,000","1,554,000,000","560,000,000","475,000,000","639,000,000","997,000,000","-1,962,000,000","-501,000,000","-1,161,000,000","734,000,000","611,000,000","794,000,000","1,538,000,000","1,378,000,000","580,000,000","668,000,000","699,000,000","613,000,000","1,588,000,000","684,000,000","592,000,000","425,000,000","-6,227,000,000","-9,921,000,000","3,735,000,000","1,261,000,000","892,000,000","1,271,000,000","961,000,000","1,154,000,000","838,000,000","819,000,000","1,022,000,000","1,044,000,000","1,127,000,000","1,490,000,000","1,139,000,000","1,010,000,000","913,000,000","928,000,000","817,000,000","772,000,000","776,000,000","418,000,000","618,000,000","589,000,000","620,000,000","73,000,000","150,000,000","-430,000,000","84,000,000","-872,907,000","140,013,000","240,064,000","576,830,000","436,869,000","271,062,000","153,369,000","108,180,000","83,000,000","38,600,000","27,100,000","11,200,000","17,200,000","-120,200,000","11,200,000","15,800,000","27,300,000","27,200,000","24,700,000","42,000,000","24,200,000","13,500,000","11,900,000","9,800,000","7,900,000","11,800,000","4,100,000","1,700,000","3,100,000","4,600,000","6,200,000","7,400,000","7,900,000","5,600,000","7,300,000","5,200,000","9,400,000","7,200,000","1,800,000","1,100,000","1,100,000",,,"-23,900,000","2,400,000","1,200,000",,"500,000","1,700,000",,"-200,000",,,,,,,,,
TaxProvision,"65,000,000","150,000,000","120,000,000","43,000,000","-248,000,000","-37,000,000","-90,000,000","-3,000,000","-417,000,000","-46,000,000","55,000,000","71,000,000","-110,000,000","335,000,000","-138,000,000","-7,000,000","-28,000,000","-233,000,000","25,000,000","7,000,000","19,000,000","55,000,000","171,000,000","-182,000,000","-217,000,000","-630,000,000","-1,714,000,000","-1,686,000,000","-2,035,000,000","670,000,000","613,000,000","854,000,000","231,000,000","268,000,000","210,000,000","314,000,000","-623,000,000","-144,000,000","-442,000,000","257,000,000","197,000,000","273,000,000","498,000,000","1,194,000,000","191,000,000","190,000,000","270,000,000","261,000,000","514,000,000","275,000,000","93,000,000","128,000,000","-2,269,000,000","-3,088,000,000","1,226,000,000","667,000,000","241,000,000","167,000,000","317,000,000","330,000,000","264,000,000","260,000,000","317,000,000","185,000,000","427,000,000","520,000,000","395,000,000","357,000,000","350,000,000","255,000,000","300,000,000","270,000,000","282,000,000","-125,000,000","206,000,000","233,000,000","200,000,000","-22,000,000","38,000,000","-227,000,000","22,000,000","-354,970,000","55,281,000","103,674,000","226,015,000","129,960,000","106,150,000","62,635,000","47,093,000","35,000,000","14,100,000","10,900,000","5,200,000","12,200,000","-37,100,000","3,600,000","5,700,000","8,400,000","10,900,000","9,900,000","16,800,000","9,400,000","5,800,000","5,100,000","4,200,000","3,500,000","5,200,000","1,700,000","700,000","1,400,000","1,500,000","2,100,000","2,500,000","1,700,000","1,800,000","2,100,000","1,300,000","2,100,000","2,000,000","500,000","300,000","0",,,"-6,100,000","900,000","400,000",,"200,000","600,000",,"-100,000",,,,,,,,,
NetIncomeCommonStockholders,"2,813,000,000","1,506,000,000","838,000,000","256,000,000","213,000,000","-102,000,000","-92,000,000","-670,000,000","-1,816,000,000","-642,000,000","109,000,000","495,000,000","-317,000,000","1,149,000,000","2,537,000,000","-425,000,000","-197,000,000","-320,000,000","228,000,000","425,000,000","565,000,000","331,000,000","993,000,000","-1,570,000,000","-3,056,000,000","-4,532,000,000","-3,507,000,000","-2,816,000,000","-3,599,000,000","-408,000,000","1,016,000,000","675,000,000","324,000,000","207,000,000","429,000,000","683,000,000","-1,339,000,000","-357,000,000","-719,000,000","477,000,000","393,000,000","507,000,000","1,038,000,000","2,743,000,000","416,000,000","562,000,000","2,090,000,000","706,000,000","1,192,000,000","667,000,000","499,000,000","314,000,000","-3,959,000,000","-6,816,000,000","2,618,000,000","1,298,000,000","747,000,000","1,313,000,000","733,000,000","901,000,000","649,000,000","579,000,000","703,000,000","856,000,000","698,000,000","967,000,000","742,000,000","650,000,000","561,000,000","670,000,000","515,000,000","499,000,000","492,000,000","540,000,000","410,000,000","353,000,000","434,000,000","81,000,000","60,000,000","-107,000,000","60,000,000","-521,088,000","82,299,000","133,956,000","397,833,000","304,475,000","162,479,000","88,300,000","58,653,000","44,300,000","24,500,000","16,200,000","6,000,000","5,000,000","-83,100,000","7,600,000","10,100,000","18,900,000","16,300,000","14,800,000","25,200,000","14,800,000","7,700,000","6,800,000","5,600,000","4,400,000","6,600,000","2,400,000","1,000,000","1,700,000","3,100,000","4,100,000","4,900,000","6,200,000","3,800,000","5,200,000","5,200,000","5,600,000","5,200,000","1,300,000","800,000","-1,200,000","100,000","1,600,000","-17,800,000","1,500,000","800,000","100,000","300,000","1,100,000","100,000","-100,000",,,,,,,,,
	NetIncome,"2,813,000,000","1,506,000,000","838,000,000","256,000,000","213,000,000","-102,000,000","-92,000,000","-670,000,000","-1,816,000,000","-642,000,000","109,000,000","495,000,000","-317,000,000","1,149,000,000","2,537,000,000","-425,000,000","-197,000,000","-320,000,000","228,000,000","425,000,000","565,000,000","331,000,000","993,000,000","-1,570,000,000","-3,056,000,000","-4,532,000,000","-3,507,000,000","-2,816,000,000","-3,599,000,000","-408,000,000","1,016,000,000","675,000,000","324,000,000","207,000,000","429,000,000","683,000,000","-1,339,000,000","-357,000,000","-719,000,000","477,000,000","393,000,000","507,000,000","1,038,000,000","2,743,000,000","416,000,000","562,000,000","2,090,000,000","706,000,000","1,192,000,000","667,000,000","499,000,000","314,000,000","-3,959,000,000","-6,816,000,000","2,618,000,000","1,301,000,000","749,000,000","1,316,000,000","735,000,000","904,000,000","651,000,000","582,000,000","705,000,000","859,000,000","700,000,000","970,000,000","744,000,000","653,000,000","563,000,000","673,000,000","517,000,000","502,000,000","494,000,000","543,000,000","412,000,000","356,000,000","436,000,000","84,000,000","62,000,000","-104,000,000","62,000,000","-518,389,000","84,732,000","136,390,000","400,267,000","306,909,000","164,912,000","90,734,000","61,087,000","48,000,000","24,500,000","16,200,000","6,000,000","5,000,000","-83,100,000","7,600,000","10,100,000","18,900,000","16,300,000","14,800,000","25,200,000","14,800,000","7,700,000","6,800,000","5,600,000","4,400,000","6,600,000","2,400,000","1,000,000","1,700,000","3,100,000","4,100,000","4,900,000","6,200,000","3,800,000","5,200,000","5,200,000","7,300,000","5,200,000","1,300,000","800,000","1,100,000","100,000","1,600,000","-17,800,000","1,500,000","800,000","100,000","300,000","1,100,000","100,000","-100,000",,,,,,,,,
		NetIncomeIncludingNoncontrollingInterests,"2,833,000,000","1,512,000,000","844,000,000","261,000,000","216,000,000","-98,000,000","-90,000,000","-668,000,000","-1,815,000,000","-640,000,000","109,000,000","495,000,000","-317,000,000","1,149,000,000","2,563,000,000","-335,000,000","-153,000,000","-199,000,000","247,000,000","451,000,000","579,000,000","320,000,000","1,007,000,000","-1,563,000,000","-3,468,000,000","-4,912,000,000","-3,909,000,000","-2,793,000,000","-3,589,000,000","-379,000,000","1,041,000,000","700,000,000","329,000,000","207,000,000","429,000,000","683,000,000","-1,339,000,000","-357,000,000","-719,000,000","477,000,000","393,000,000","507,000,000","1,038,000,000","2,743,000,000","416,000,000","562,000,000","2,090,000,000","706,000,000","1,192,000,000","667,000,000","499,000,000","314,000,000","-3,959,000,000","-6,816,000,000","2,618,000,000","1,301,000,000","749,000,000","1,316,000,000","735,000,000","904,000,000","651,000,000","582,000,000","705,000,000","859,000,000","700,000,000","970,000,000","744,000,000","653,000,000","563,000,000","673,000,000","517,000,000","502,000,000","494,000,000","543,000,000","412,000,000","356,000,000","436,000,000","84,000,000","62,000,000","-104,000,000","62,000,000","-518,389,000","84,732,000","136,390,000","400,267,000","306,909,000","164,912,000","90,734,000","61,087,000","47,600,000","24,500,000","18,600,000","8,400,000","14,700,000","-83,100,000","7,600,000","10,100,000","18,900,000","16,300,000","14,800,000","25,200,000","14,800,000","7,700,000","6,800,000","5,600,000","4,400,000","6,600,000","2,400,000","1,000,000","1,700,000","3,100,000","4,100,000","4,900,000","6,200,000","3,800,000","5,200,000","5,200,000","7,300,000","5,200,000","1,300,000","800,000","1,100,000","100,000","1,600,000","-17,800,000","1,500,000","800,000","100,000","300,000","1,100,000","100,000","-100,000","-200,000","0","-500,000",,"-100,000","-300,000","-200,000","-300,000","-300,000"
			NetIncomeContinuousOperations,"2,833,000,000","1,512,000,000","844,000,000","261,000,000","216,000,000","-73,000,000","-103,000,000","-677,000,000","-1,690,000,000","-38,000,000","139,000,000","166,000,000","-317,000,000","1,149,000,000","300,000,000","-474,000,000","-153,000,000","-199,000,000","247,000,000","451,000,000","579,000,000","320,000,000","1,007,000,000","-1,563,000,000","-3,468,000,000","-4,912,000,000","-3,909,000,000","-2,793,000,000","-3,589,000,000","-379,000,000","1,041,000,000","700,000,000","329,000,000","207,000,000","429,000,000","683,000,000","-1,339,000,000","-357,000,000","-719,000,000","477,000,000","414,000,000","521,000,000","1,040,000,000","184,000,000","389,000,000","478,000,000","429,000,000","352,000,000","1,074,000,000","409,000,000","499,000,000","297,000,000","-3,958,000,000","-6,833,000,000","2,509,000,000","594,000,000","651,000,000","1,104,000,000","644,000,000","824,000,000","574,000,000","559,000,000","705,000,000","859,000,000","700,000,000","970,000,000","744,000,000","653,000,000","563,000,000","673,000,000","517,000,000","502,000,000","494,000,000","543,000,000","412,000,000","356,000,000","420,000,000","95,000,000","112,000,000","-203,000,000","62,000,000","-517,937,000","84,732,000","136,390,000","350,815,000","306,909,000","164,912,000","90,734,000","61,087,000","48,000,000","24,500,000","16,200,000","6,000,000","5,000,000","-83,100,000","7,600,000","10,100,000","18,900,000","16,300,000","14,800,000","25,200,000","14,800,000","7,700,000","6,800,000","5,600,000","4,400,000","6,600,000","2,400,000","1,000,000","1,700,000","3,100,000","4,100,000","4,900,000","6,200,000","3,800,000","5,200,000","3,900,000","7,300,000","5,200,000","1,300,000","800,000","1,100,000","100,000","1,600,000","-17,800,000","1,500,000","800,000","100,000","300,000","1,100,000","100,000","-100,000","-200,000","0","-500,000",,"-100,000","-300,000","-200,000","-300,000","-300,000"
			NetIncomeDiscontinuousOperations,"0","0","0","0","0","-25,000,000","13,000,000","9,000,000","-125,000,000","-602,000,000","-30,000,000","329,000,000","0","0","2,263,000,000","139,000,000",,,,,,,,,,,,,,,,,,"0","0","0","0","0","0","0","-21,000,000","-14,000,000","-2,000,000","2,559,000,000","27,000,000","84,000,000","1,661,000,000","354,000,000","118,000,000","258,000,000","0","17,000,000","-1,000,000","17,000,000","109,000,000","707,000,000","98,000,000","212,000,000","91,000,000","80,000,000","77,000,000",,,,,,,,,,,,,,,,,"-11,000,000","-50,000,000","99,000,000",,,,,,,,,,,,,,,,,,,,,,,,,,,,,,,,,,,,,,,,,,,,,,,,,,,,,,,,,,,,,
			NetIncomeExtraordinary,,,,,,,,,,,,,,,,,,,,,,,,,,,,,,,,,,,,,,,,,,,,,,,,,,,,,,,,,,,,,,,,,,,,,,,,,,"0",,,"16,000,000",,,,,"-452,000",,,"49,452,000",,,,,,,,,,,,,,,,,,,,,,,,,,,,,"0",,,"1,300,000",,,,,,,,,,,,,,,,,,,,,,,,
		MinorityInterests,"-20,000,000","-6,000,000","-6,000,000","-5,000,000","-3,000,000","-4,000,000","-2,000,000","-2,000,000","-1,000,000","-2,000,000","0","0","0","0","-26,000,000","-90,000,000","-44,000,000","-121,000,000","-19,000,000","-26,000,000","-14,000,000","11,000,000","-14,000,000","-7,000,000","412,000,000","380,000,000","402,000,000","-23,000,000","-10,000,000","-29,000,000","-25,000,000","-25,000,000","-5,000,000",,,,,,,,,,,,,,,,,,,,,,,,,,,,,,,,,,,,,,,,,,,,,,,,,,,,,,,,,"400,000",,"-2,400,000","-2,400,000",,,,,,,,,,,,,,,,,,,,,,,,,,,,,,,,,,,,,,,,,,,,,,,,
	PreferredStockDividends,,,,,,,,,,,,,,,,,,,,,,,,,,,,,,,,,,,,,,,,,,,,,,,,,,,,,,"0",,"3,000,000","2,000,000","3,000,000","2,000,000","3,000,000","2,000,000","3,000,000","2,000,000","3,000,000","2,000,000","3,000,000","2,000,000","3,000,000","2,000,000","3,000,000","2,000,000","3,000,000","2,000,000","3,000,000","2,000,000","3,000,000","2,000,000","3,000,000","2,000,000","3,000,000","2,000,000","2,699,000","2,433,000","2,434,000","2,434,000","2,434,000","2,433,000","2,434,000","2,434,000",,,,,,,,,,,,,,,,,,,,,,,,,,,,,,,,,,,,,,,,,,,,,,,,,,,,
DilutedNIAvailtoComStockholders,"2,813,000,000","1,506,000,000","838,000,000","256,000,000","213,000,000","-102,000,000","-92,000,000","-670,000,000","-1,816,000,000","-642,000,000","109,000,000","495,000,000","-317,000,000","1,149,000,000","2,537,000,000","-425,000,000","-197,000,000","-320,000,000","228,000,000","425,000,000","565,000,000","331,000,000","993,000,000","-1,570,000,000","-3,056,000,000","-4,532,000,000","-3,507,000,000","-2,816,000,000","-3,599,000,000","-408,000,000","1,016,000,000","675,000,000","324,000,000","207,000,000","429,000,000","683,000,000","-1,339,000,000","-357,000,000","-719,000,000","477,000,000","393,000,000","507,000,000","1,038,000,000","2,743,000,000","416,000,000","562,000,000","2,090,000,000","706,000,000","1,192,000,000","667,000,000","499,000,000","314,000,000","-3,959,000,000","-6,816,000,000","2,618,000,000","1,298,000,000","747,000,000","1,313,000,000","733,000,000","901,000,000","649,000,000","579,000,000","703,000,000","856,000,000","698,000,000","967,000,000","742,000,000","650,000,000","561,000,000","670,000,000","515,000,000","499,000,000","492,000,000","540,000,000","410,000,000","353,000,000","434,000,000","81,000,000","60,000,000","-107,000,000","60,000,000","-521,088,000","82,299,000","133,956,000","397,833,000","304,475,000","162,479,000","88,300,000","58,653,000","44,300,000","24,500,000","16,200,000","6,000,000","5,000,000","-83,100,000","7,600,000","10,100,000","18,900,000","16,300,000","14,800,000","25,200,000","14,800,000","7,700,000","6,800,000","5,600,000","4,400,000","6,600,000","2,400,000","1,000,000","1,700,000","3,100,000","4,100,000","4,900,000","6,200,000","3,800,000","5,200,000","5,200,000","5,600,000","5,200,000","1,300,000","800,000","-1,200,000","100,000","1,600,000","-17,800,000","1,500,000","800,000","100,000","300,000","1,100,000","100,000","-100,000",,,,,,,,,
BasicEPS,,"2.24","1.24","0.38","0.33","-0.27","-0.25","-1.78","-4.82","-1.7","0.27","1.2","-0.74","2.5","5.17","-0.83","-0.38","0.35","0.43","0.81","1.08","0.63","1.9","-3.04","-6.44","-11.12","-8.64","-6.94","-8.88","-1.01","2.48","1.65","0.8","0.51","1.06","1.69","-3.34","-0.89","-1.8","1.18","0.97",,"2.51","6.5","0.97",,"4.81","1.59","2.67",,"1.13","0.71","-8.92",,"5.92","2.91","1.68",,"1.65","2.02","1.46",,"1.59","1.94","1.58",,"1.66","1.4","1.17",,"1.06","1.035","1.03",,"0.88","0.835","1.38",,"0.19","-0.34","0.205",,"0.325","0.515","1.54",,"0.635","0.51","0.34",,"0.195","0.165","0.06",,"-1.285","0.12","0.155",,"0.255","0.23","0.39",,"0.175","0.155","0.125",,"0.15","0.055","0.025",,"0.07","0.095","0.115",,"0.09","0.125","0.125",,"0.13","0.04","0.015",,"-0.025","0.06","-1.06",,"0.01","-0.03","-0.02",,"-0.01","-0.005","-0.01",,"-0.045","0","0",,"-0.015","-0.025","-0.02"
DilutedEPS,,"2.23","1.24","0.38","0.32","-0.27","-0.25","-1.78","-4.82","-1.7","0.27","1.19","-0.74","2.48","5.14","-0.83","-0.38","0.35","0.43","0.8","1.07","0.63","1.89","-3.04","-6.44","-11.12","-8.64","-6.94","-8.88","-1.01","2.47","1.64","0.79","0.51","1.05","1.68","-3.34","-0.89","-1.8","1.18","0.97",,"2.5","6.48","0.97",,"4.79","1.58","2.66",,"1.12","0.7","-8.92",,"5.87","2.88","1.66",,"1.63","2","1.44",,"1.57","1.92","1.56",,"1.63","1.38","1.14",,"1.035","1.01","1",,"0.855","0.81","1.335",,"0.185","-0.34","0.2",,"0.313","0.495","1.47",,"0.604","0.5","0.34",,"0.19","0.165","0.06",,"-1.285","0.12","0.155",,"0.235","0.22","0.355",,"0.175","0.155","0.125",,"0.15","0.055","0.025",,"0.07","0.095","0.115",,"0.09","0.125","0.125",,"0.125","0.04","0.015",,"-0.025","0.06","-1.06",,"0.01","-0.03","-0.02",,"-0.01","-0.005","-0.01",,"-0.045","0","0",,"-0.015","-0.025","-0.02"
BasicAverageShares,,"671,000,000","677,000,000","677,000,000","654,000,000","383,000,000","377,000,000","377,000,000","383,000,000","383,000,000","397,000,000","415,000,000","434,000,000","459,000,000","491,000,000","521,000,000","518,421,053","525,000,000","526,000,000","526,000,000","525,000,000","524,000,000","524,000,000","524,000,000","479,000,000","413,000,000","411,000,000","411,000,000","410,000,000","409,000,000","409,000,000","408,000,000","407,000,000","406,000,000","402,000,000","402,000,000","406,000,000","405,000,000","400,000,000","404,000,000","400,000,000",,"410,000,000","422,000,000","423,000,000",,"435,000,000","445,000,000","447,000,000",,"441,592,920","439,000,000","444,000,000",,"442,000,000","446,000,000","445,000,000",,"445,000,000","446,000,000","444,000,000",,"441,000,000","440,000,000","442,000,000",,"446,000,000","464,000,000","480,000,000",,"484,000,000","482,000,000","478,000,000",,"464,000,000","424,000,000","314,000,000",,"312,000,000","314,000,000","296,000,000",,"252,670,000","258,976,000","258,060,000",,"255,714,000","173,512,000","172,416,000",,"125,641,026","98,181,818","96,940,000",,"64,669,261","63,333,333","65,161,290",,"63,921,569","64,347,826","64,615,385",,"44,000,000","43,870,968","44,800,000",,"44,000,000","43,636,364","40,000,000",,"44,285,714","43,157,895","42,608,696",,"42,222,222","41,600,000","41,600,000",,"40,000,000","32,500,000","17,394,000",,"16,200,000","16,792,453","16,792,453",,"17,306,000","17,258,000","17,258,000",,"20,000,000","20,000,000","17,168,000",,"17,168,000","17,168,000","17,168,000",,"12,330,000","12,330,000","12,330,000"
DilutedAverageShares,,"673,000,000","679,000,000","679,000,000","656,000,000","383,000,000","377,000,000","377,000,000","383,000,000","385,000,000","399,000,000","417,000,000","434,000,000","462,000,000","494,000,000","524,000,000","518,421,053","528,000,000","529,000,000","529,000,000","528,000,000","527,000,000","527,000,000","524,000,000","479,000,000","413,000,000","411,000,000","411,000,000","410,000,000","409,000,000","411,000,000","411,000,000","408,000,000","407,000,000","403,000,000","403,000,000","406,000,000","405,000,000","400,000,000","405,000,000","401,000,000",,"411,000,000","423,000,000","425,000,000",,"436,000,000","446,000,000","448,000,000",,"445,535,714","441,000,000","444,000,000",,"446,000,000","450,000,000","449,000,000",,"450,000,000","450,000,000","450,000,000",,"447,000,000","446,000,000","449,000,000",,"454,000,000","471,000,000","496,000,000",,"500,000,000","498,000,000","494,000,000",,"482,000,000","442,000,000","326,000,000",,"316,000,000","326,000,000","300,000,000",,"263,146,000","270,806,000","270,722,000",,"268,788,000","176,762,000","172,416,000",,"128,947,368","98,181,818","96,940,000",,"64,669,261","63,333,333","65,161,290",,"69,361,702","67,272,727","70,985,915",,"44,000,000","43,870,968","44,800,000",,"44,000,000","43,636,364","40,000,000",,"44,285,714","43,157,895","42,608,696",,"42,222,222","41,600,000","41,600,000",,"41,600,000","32,500,000","17,394,000",,"16,200,000","16,792,453","16,792,453",,"17,306,000","17,258,000","17,258,000",,"20,000,000","20,000,000","17,168,000",,"17,168,000","17,168,000","17,168,000",,"12,330,000","12,330,000","12,330,000"
TotalOperatingIncomeAsReported,,,,,,,,,,,,,,,,,,,"326,000,000","542,000,000","706,000,000","637,000,000","1,465,000,000","-1,497,000,000","-3,500,000,000","-5,425,000,000","-5,444,000,000","-4,363,000,000","-5,495,000,000","460,000,000","1,774,000,000","1,774,000,000","690,000,000","595,000,000",,,,,"69,000,000","877,000,000","708,000,000","778,000,000","1,700,000,000","1,477,000,000","628,000,000","1,121,000,000","699,000,000","613,000,000",,,"592,000,000","425,000,000",,"-9,829,000,000","3,767,000,000","1,294,000,000","1,939,000,000","1,315,000,000","1,041,000,000","1,234,000,000","923,000,000","841,000,000","1,180,000,000","1,163,000,000","1,211,000,000","1,515,000,000","1,407,000,000","1,146,000,000","957,000,000","1,028,000,000","935,000,000","911,000,000","874,000,000","670,000,000","734,000,000","675,000,000","710,000,000","221,000,000","274,000,000","-328,000,000","214,000,000","-761,576,000","173,160,000","267,006,000","625,410,000","467,394,000","311,507,000","179,044,000","135,864,000","91,200,000","62,200,000","31,000,000","17,100,000","167,400,000","-117,600,000","13,600,000","18,300,000","29,900,000","29,800,000","27,300,000","44,700,000","25,200,000","16,200,000","13,700,000","12,300,000","9,600,000","13,600,000","5,900,000","3,600,000","4,900,000","6,000,000","7,500,000","8,300,000","8,900,000","6,600,000","7,700,000","6,000,000","10,400,000","6,300,000","2,100,000","600,000","1,400,000","500,000","1,100,000","-23,700,000","2,100,000","1,500,000","400,000","700,000","-500,000","500,000","600,000",,,,,,,,,
TotalExpenses,"8,960,000,000","2,576,000,000","2,396,000,000","2,111,000,000","1,589,000,000","1,276,000,000","1,162,000,000","992,000,000","1,511,000,000","1,227,000,000","1,579,000,000","1,599,000,000","1,904,000,000","2,346,000,000","2,366,000,000","2,387,000,000","3,553,000,000","4,548,000,000","2,828,000,000","2,731,000,000","2,834,000,000","2,588,000,000","2,454,000,000","2,464,000,000","2,344,000,000","2,894,000,000","3,191,000,000","3,589,000,000","3,300,000,000","3,580,000,000","3,560,000,000","3,788,000,000","2,998,000,000","2,020,000,000","1,961,000,000","1,936,000,000","1,883,000,000","2,080,000,000","1,796,000,000","1,682,000,000","1,789,000,000","1,830,000,000","1,825,000,000","1,737,000,000","1,524,000,000","1,528,000,000","1,461,000,000","1,457,000,000","1,520,000,000","7,268,000,000","1,517,000,000","1,565,000,000","1,654,000,000","2,140,000,000","2,189,000,000","2,232,000,000","1,014,000,000","1,808,000,000","1,722,000,000","1,677,000,000","1,532,000,000","1,548,000,000","1,529,000,000","1,425,000,000","1,410,000,000","1,491,000,000","1,297,000,000","1,322,000,000","1,394,000,000","1,437,000,000","1,332,000,000","1,308,000,000","1,364,000,000","1,277,000,000","1,204,000,000","1,122,000,000","976,000,000","831,000,000","758,000,000","842,000,000","720,000,000","569,965,000","402,644,000","381,214,000","398,177,000","407,961,000","346,106,000","221,799,000","211,847,000","212,900,000","157,700,000","73,300,000","70,200,000","131,600,000","47,800,000","48,900,000","46,600,000","52,800,000","43,100,000","42,400,000","43,200,000","26,600,000","23,300,000","23,000,000","21,700,000","20,500,000","20,200,000","19,800,000","20,200,000","18,900,000","19,300,000","18,000,000","17,800,000","17,600,000","16,900,000","16,900,000","17,800,000","17,900,000","17,500,000","7,100,000","6,700,000","7,000,000","5,500,000","5,400,000","31,300,000","7,500,000","6,100,000","5,100,000","6,100,000","5,100,000","6,500,000","6,900,000",,,,,,,,,
NetIncomeFromContinuingAndDiscontinuedOperation,"2,813,000,000","1,506,000,000","838,000,000","256,000,000","213,000,000","-102,000,000","-92,000,000","-670,000,000","-1,816,000,000","-642,000,000","109,000,000","495,000,000","-317,000,000","1,149,000,000","2,537,000,000","-425,000,000","-197,000,000","-320,000,000","228,000,000","425,000,000","565,000,000","331,000,000","993,000,000","-1,570,000,000","-3,056,000,000","-4,532,000,000","-3,507,000,000","-2,816,000,000","-3,599,000,000","-408,000,000","1,016,000,000","675,000,000","324,000,000","207,000,000","429,000,000","683,000,000","-1,339,000,000","-357,000,000","-719,000,000","477,000,000","393,000,000","507,000,000","1,038,000,000","2,743,000,000","416,000,000","562,000,000","2,090,000,000","706,000,000","1,192,000,000","667,000,000","499,000,000","314,000,000","-3,959,000,000","-6,816,000,000","2,618,000,000","1,301,000,000","749,000,000","1,316,000,000","735,000,000","904,000,000","651,000,000","582,000,000","705,000,000","859,000,000","700,000,000","970,000,000","744,000,000","653,000,000","563,000,000","673,000,000","517,000,000","502,000,000","494,000,000","543,000,000","412,000,000","356,000,000","420,000,000","84,000,000","62,000,000","-104,000,000","62,000,000","-517,937,000","84,732,000","136,390,000","350,815,000","306,909,000","164,912,000","90,734,000","61,087,000","48,000,000","24,500,000","16,200,000","6,000,000","5,000,000","-83,100,000","7,600,000","10,100,000","18,900,000","16,300,000","14,800,000","25,200,000","14,800,000","7,700,000","6,800,000","5,600,000","4,400,000","6,600,000","2,400,000","1,000,000","1,700,000","3,100,000","4,100,000","4,900,000","6,200,000","3,800,000","5,200,000","3,900,000","7,300,000","5,200,000","1,300,000","800,000","1,100,000","100,000","1,600,000","-17,800,000","1,500,000","800,000","100,000","300,000","1,100,000","100,000","-100,000",,,,,,,,,
NormalizedIncome,"2,833,580,000","1,451,415,162.455","853,840,000","192,360,000","313,010,000","-48,463,636.364","-81,640,000","-679,000,000","441,800,000","-32,700,000","144,760,000","173,700,000","-334,760,000","1,056,088,948.787","279,110,000","-265,020,000","58,000,000","-518,600,000","229,820,000","411,280,000","575,670,000","133,026,666.667","182,950,000","-201,100,000","29,080,000","269,209,671.599","590,800,000","-232,460,000","-104,600,000","893,950,000","1,017,260,000","-8,800,000","348,050,000","217,400,000","436,370,000","717,000,000","-10,960,000","681,221,556.886","157,300,602.929","73,434,604.905","322,527,004.91","545,934,508.816","537,581,274.382","-89,650,000","487,591,379.31","-186,047,904.192","496,510,729.614","385,150,000","1,091,584,382.872","-3,329,600,000","413,866,554.054","303,988,235.294","184,965,151.758","7,559,621,812.317","2,513,702,275.77","585,550,000","679,463,004.484","1,256,874,901.652","625,236,212.279","843,279,029.463","581,534,606.205","751,476,190.476","754,667,318.982","920,709,770.115","808,695,652.174","1,193,946,308.725","811,933,274.802","646,534,653.465","517,368,017.525","662,846,982.759","522,695,226.438","505,251,295.337","479,994,845.361","588,000,000","422,666,666.667","344,516,129.032","387,483,870.968","316,400,000","107,520,000","550,600,000","69,380,952.381","596,533,000","96,281,109.64","224,244,400","359,355,027.79","313,012,489.586","234,552,218.813","90,734,000","62,531,800","34,140,000","25,832,901.554","12,840,000","4,080,000","-56,440,000","92,364,059.9","7,600,000","10,100,000","18,900,000","16,300,000","14,800,000","25,200,000","14,800,000","7,700,000","6,440,000","5,600,000","4,400,000","6,600,000","2,400,000","1,000,000","1,700,000","3,100,000","4,100,000","4,900,000","6,200,000","3,800,000","4,986,301.37","3,825,000","7,455,319.149","3,827,777.778","1,155,555.556","72,727.273","1,000,000","-20,000","1,000,000","-18,097,907.95","1,000,000","533,333.333","-20,000","300,000","1,100,000","100,000","-100,000",,,,,,,,,
InterestIncome,"2,000,000","0","1,000,000","0","1,000,000",,,"2,000,000","5,000,000",,,,,,,,,,,,,,"2,000,000","2,000,000","1,000,000","1,000,000","2,000,000","1,000,000","2,000,000","3,000,000","2,000,000","2,000,000","3,000,000","4,000,000","4,000,000","4,000,000","8,000,000",,,,,,,,,,,,,,,,,,,,,,,,,,,,,,,,,,,,,,,,,,,,,,,,,,,,,,,,,,,,,,,,,,,,,,,,,,,,,,,,,,,,,,,,,,,,,,,,,,,,,,,,
InterestExpense,"388,000,000","92,000,000","93,000,000","98,000,000","105,000,000","59,000,000","66,000,000","65,000,000","65,000,000","65,000,000","65,000,000","65,000,000","78,000,000","81,000,000","75,000,000","64,000,000","123,000,000","130,000,000","128,000,000","129,000,000","127,000,000","153,000,000","152,000,000","158,000,000","156,000,000","136,000,000","130,000,000","121,000,000","116,000,000","133,000,000","112,000,000","122,000,000","109,000,000","98,000,000","101,000,000","104,000,000","107,000,000","96,000,000","110,000,000","99,000,000","87,000,000","49,000,000","144,000,000","110,000,000","64,000,000","69,000,000","83,000,000","111,000,000","86,000,000","86,000,000","90,000,000","90,000,000","83,000,000",,,,,,,,,,,,,,,,,,,,,,,,,,,,,,,,,,,,,,,,,,,,,,,,,,,,,,,,,,,,,,,,,,,,,,,,,,,,,,,,,,,,,,,,
NetInterestIncome,"-359,000,000","-86,000,000","-86,000,000","-90,000,000","-97,000,000","-70,000,000","-66,000,000","-69,000,000","-65,000,000","-64,000,000","-60,000,000","-66,000,000","-73,000,000","-70,000,000","-75,000,000","-62,000,000","-119,000,000","-128,000,000","-127,000,000","-116,000,000","-127,000,000","-149,000,000","-159,000,000","-163,000,000","-164,000,000","-139,000,000","-136,000,000","-125,000,000","-117,000,000","-119,000,000","-116,000,000","-131,000,000","-112,000,000","-111,000,000","-100,000,000","-104,000,000","-102,000,000","-74,000,000","-110,000,000","-99,000,000","-87,000,000","-28,000,000","-144,000,000","-110,000,000","-64,000,000","-56,000,000","-83,000,000","-111,000,000","-86,000,000","-78,000,000","-90,000,000","-90,000,000","-83,000,000",,,,,,,,,,,,,,,,,,,,,,,,,,,,,,,,,,,,,,,,,,,,,,,,,,,,,,,,,,,,,,,,,,,,,,,,,,,,,,,,,,,,,,,,
EBIT,"3,286,000,000","1,754,000,000","1,057,000,000","402,000,000","73,000,000","-51,000,000","-127,000,000","-615,000,000","-2,042,000,000","-19,000,000","259,000,000","302,000,000","-349,000,000","1,565,000,000","237,000,000","-417,000,000","-58,000,000","-302,000,000","400,000,000","587,000,000","725,000,000","528,000,000","1,330,000,000","-1,587,000,000","-3,529,000,000","-5,406,000,000","-5,493,000,000","-4,358,000,000","-5,508,000,000","424,000,000","1,766,000,000","1,676,000,000","669,000,000","573,000,000","740,000,000","1,101,000,000","-1,855,000,000","-405,000,000","-1,051,000,000","833,000,000","698,000,000","843,000,000","1,682,000,000","1,488,000,000","644,000,000","737,000,000","782,000,000","724,000,000","1,674,000,000","770,000,000","682,000,000","515,000,000","-6,144,000,000","570,000,000","3,789,000,000","1,316,000,000","1,961,000,000","1,389,000,000","1,041,000,000","1,252,000,000","941,000,000","974,000,000","1,193,000,000","1,192,000,000","1,307,000,000","1,727,000,000","1,407,000,000","1,146,000,000","957,000,000","1,028,000,000","935,000,000","911,000,000","874,000,000","643,000,000","744,000,000","691,000,000","695,000,000","397,000,000","274,000,000","323,000,000","218,000,000","169,571,000","184,071,000","343,948,000","625,410,000","472,942,000","368,740,000","179,044,000","135,864,000","91,200,000","62,200,000","31,000,000","17,100,000","53,600,000","9,300,000","13,600,000","18,300,000","29,900,000","29,800,000","27,300,000","44,700,000","25,200,000","16,200,000","13,700,000","12,300,000","9,600,000","13,600,000","5,900,000","3,600,000","4,900,000","6,000,000","7,500,000","8,300,000","8,900,000","6,600,000","7,700,000","6,000,000","10,400,000","6,300,000","2,100,000","600,000","1,400,000","500,000","1,100,000","-23,700,000","2,100,000","1,500,000","400,000","700,000","-500,000","500,000","600,000","7,200,000","-13,800,000","4,600,000","3,900,000","3,900,000","-13,400,000","3,800,000","4,000,000","3,900,000"
EBITDA,"5,444,000,000"
ReconciledCostOfRevenue,"8,527,000,000","2,448,000,000","2,298,000,000","2,014,000,000","956,000,000","1,190,000,000","1,048,000,000","901,000,000","719,000,000","3,226,000,000","770,000,000","765,000,000","965,000,000","979,000,000","970,000,000","992,000,000","3,294,000,000","4,919,000,000","2,284,000,000","2,155,000,000","2,269,000,000","2,035,000,000","1,941,000,000","1,897,000,000","1,686,000,000","2,195,000,000","2,472,000,000","2,793,000,000","2,477,000,000","2,741,000,000","2,763,000,000","2,984,000,000","2,181,000,000","1,597,000,000","1,074,000,000","1,056,000,000","1,067,000,000","1,670,000,000","826,000,000","722,000,000","839,000,000","911,000,000","990,000,000","909,000,000","757,000,000","762,000,000","751,000,000","722,000,000","397,000,000","446,000,000","749,000,000","744,000,000","795,000,000","858,000,000","1,043,000,000","1,052,000,000","888,000,000","1,729,000,000","457,000,000","780,000,000","700,000,000","1,639,000,000","382,000,000","650,000,000","688,000,000","338,000,000","319,000,000","340,000,000","348,000,000","341,000,000","323,000,000","306,000,000","310,000,000","303,000,000","295,000,000","274,000,000","206,000,000","214,000,000","175,000,000","208,000,000","208,000,000","179,310,000","138,791,000","131,832,000","138,067,000","156,167,000","-3,697,000","71,703,000","66,916,000","67,700,000","45,800,000","27,200,000","27,400,000","58,200,000","18,200,000","18,600,000","18,600,000","19,500,000","15,700,000","14,500,000","15,800,000","8,800,000","7,600,000","10,100,000","7,400,000","2,000,000","8,900,000","8,100,000","8,400,000","8,000,000","8,300,000","7,600,000","7,600,000","7,900,000","7,900,000","8,800,000","8,700,000","8,800,000","8,400,000","2,700,000","3,000,000","3,000,000","2,200,000","2,600,000","2,800,000","3,300,000","3,000,000","2,500,000","3,100,000","2,800,000","3,100,000","2,900,000",,,,,,,,,
ReconciledDepreciation,"2,158,000,000","577,000,000","578,000,000","536,000,000","467,000,000","301,000,000","299,000,000","299,000,000","401,000,000","321,000,000","402,000,000","394,000,000","459,000,000","423,000,000","416,000,000","420,000,000","537,000,000","912,000,000","400,000,000","381,000,000","381,000,000","372,000,000","394,000,000","484,000,000","542,000,000","641,000,000","744,000,000","814,000,000","930,000,000","910,000,000","842,000,000","828,000,000","739,000,000","711,000,000","691,000,000","674,000,000","704,000,000","731,000,000","716,000,000","684,000,000","680,000,000","626,000,000","566,000,000","550,000,000","506,000,000","489,000,000","463,000,000","489,000,000","489,000,000","326,000,000","545,000,000","568,000,000","669,000,000","1,043,000,000","848,000,000","824,000,000","794,000,000","775,000,000","756,000,000","694,000,000","633,000,000","646,000,000","648,000,000","599,000,000","549,000,000","546,000,000","533,000,000","533,000,000","579,000,000","594,000,000","572,000,000","552,000,000","572,000,000","562,000,000","508,000,000","427,000,000","296,000,000","269,000,000","299,000,000","323,000,000","320,000,000","331,547,000","215,909,000","195,205,000","193,339,000","195,961,000","298,247,000","122,603,000","117,861,000","114,300,000","85,500,000","35,700,000","33,600,000","55,600,000","23,200,000","23,300,000","21,700,000","24,900,000","20,300,000","20,600,000","19,500,000","11,800,000","11,000,000","10,500,000","10,100,000","9,600,000","9,400,000","9,600,000","9,500,000","8,600,000","9,200,000","8,200,000","8,100,000","7,600,000","7,400,000","6,100,000","7,300,000","7,000,000","7,400,000","3,100,000","2,400,000","2,200,000","1,900,000","1,500,000","2,200,000","2,500,000","2,100,000","1,600,000","1,800,000","600,000","2,100,000","2,300,000",,,,,,,,,
NetIncomeFromContinuingOperationNetMinorityInterest,"2,813,000,000","1,506,000,000","838,000,000","256,000,000","213,000,000","-77,000,000","-105,000,000","-679,000,000","-1,691,000,000","-40,000,000","139,000,000","166,000,000","-317,000,000","1,149,000,000","274,000,000","-564,000,000","-197,000,000","-320,000,000","228,000,000","425,000,000","565,000,000","331,000,000","993,000,000","-1,570,000,000","-3,056,000,000","-4,532,000,000","-3,507,000,000","-2,816,000,000","-3,599,000,000","-408,000,000","1,016,000,000","675,000,000","324,000,000","207,000,000","429,000,000","683,000,000","-1,339,000,000","-357,000,000","-719,000,000","477,000,000","414,000,000","521,000,000","1,040,000,000","184,000,000","389,000,000","478,000,000","429,000,000","352,000,000","1,074,000,000","409,000,000","499,000,000","297,000,000","-3,958,000,000","-6,833,000,000","2,509,000,000","594,000,000","651,000,000","1,104,000,000","644,000,000","824,000,000","574,000,000","559,000,000","705,000,000","859,000,000","700,000,000","970,000,000","744,000,000","653,000,000","563,000,000","673,000,000","517,000,000","502,000,000","494,000,000","543,000,000","412,000,000","356,000,000","420,000,000","95,000,000","112,000,000","-203,000,000","62,000,000","-517,937,000","84,732,000","136,390,000","350,815,000","306,909,000","164,912,000","90,734,000","61,087,000","48,000,000","24,500,000","16,200,000","6,000,000","5,000,000","-83,100,000","7,600,000","10,100,000","18,900,000","16,300,000","14,800,000","25,200,000","14,800,000","7,700,000","6,800,000","5,600,000","4,400,000","6,600,000","2,400,000","1,000,000","1,700,000","3,100,000","4,100,000","4,900,000","6,200,000","3,800,000","5,200,000","3,900,000","7,300,000","5,200,000","1,300,000","800,000","1,100,000","100,000","1,600,000","-17,800,000","1,500,000","800,000","100,000","300,000","1,100,000","100,000","-100,000",,,,,,,,,
TotalUnusualItemsExcludingGoodwill,"-21,000,000","60,000,000","-18,000,000","74,000,000","-137,000,000","-43,000,000","-32,000,000","0","-2,666,000,000","-10,000,000","-8,000,000","-11,000,000","24,000,000","120,000,000","-7,000,000","-302,000,000","-300,000,000","331,000,000","-2,000,000","14,000,000","-11,000,000","232,000,000","953,000,000","-1,521,000,000","-3,282,000,000","-5,417,000,000","-5,854,000,000","-4,167,000,000","-5,460,000,000","-2,003,000,000","-2,000,000","1,052,000,000","-37,000,000","-16,000,000","-11,000,000","-50,000,000","-1,953,000,000","-1,457,000,000","-1,415,000,000","621,000,000","135,000,000","-38,000,000","743,000,000","421,000,000","-147,000,000","928,000,000","-110,000,000","-51,000,000","-26,000,000","6,231,000,000","101,000,000","-10,000,000","-6,518,000,000","-20,897,000,000","-7,000,000","13,000,000","-39,000,000","-176,000,000","28,000,000","-27,000,000","-11,000,000","-282,000,000","-72,000,000","-75,000,000","-175,000,000","-344,000,000","-104,000,000","10,000,000","74,000,000","14,000,000","-9,000,000","-5,000,000","22,000,000","-75,000,000","-16,000,000","19,000,000","48,000,000","-369,000,000","6,000,000","-1,256,000,000","-10,000,000","-1,857,450,000","-19,084,000","-146,424,000","-14,042,000","-8,688,000","-114,466,000",,"-2,408,000","23,100,000","-2,100,000","5,600,000","3,200,000","102,400,000","-253,800,000",,,,,,,,,"600,000",,,,,,,,,,,,"300,000","100,000","-200,000","1,900,000","200,000","1,000,000","100,000","200,000","1,000,000","400,000","800,000","400,000","200,000",,,,,,,,,,,,,
TotalUnusualItems,"-21,000,000","60,000,000","-18,000,000","74,000,000","-137,000,000","-43,000,000","-32,000,000","0","-2,666,000,000","-10,000,000","-8,000,000","-11,000,000","24,000,000","120,000,000","-7,000,000","-302,000,000","-300,000,000","331,000,000","-2,000,000","14,000,000","-11,000,000","232,000,000","953,000,000","-1,521,000,000","-3,282,000,000","-5,417,000,000","-5,854,000,000","-4,167,000,000","-5,460,000,000","-2,003,000,000","-2,000,000","1,052,000,000","-37,000,000","-16,000,000","-11,000,000","-50,000,000","-1,953,000,000","-1,457,000,000","-1,415,000,000","621,000,000","135,000,000","-38,000,000","743,000,000","421,000,000","-147,000,000","928,000,000","-110,000,000","-51,000,000","-26,000,000","6,231,000,000","101,000,000","-10,000,000","-6,518,000,000","-20,897,000,000","-7,000,000","13,000,000","-39,000,000","-176,000,000","28,000,000","-27,000,000","-11,000,000","-282,000,000","-72,000,000","-75,000,000","-175,000,000","-344,000,000","-104,000,000","10,000,000","74,000,000","14,000,000","-9,000,000","-5,000,000","22,000,000","-75,000,000","-16,000,000","19,000,000","48,000,000","-369,000,000","6,000,000","-1,256,000,000","-10,000,000","-1,857,450,000","-19,084,000","-146,424,000","-14,042,000","-8,688,000","-114,466,000",,"-2,408,000","23,100,000","-2,100,000","5,600,000","3,200,000","102,400,000","-253,800,000",,,,,,,,,"600,000",,,,,,,,,,,,"300,000","100,000","-200,000","1,900,000","200,000","1,000,000","100,000","200,000","1,000,000","400,000","800,000","400,000","200,000",,,,,,,,,,,,,
NormalizedEBITDA,"5,465,000,000","2,271,000,000","1,653,000,000","864,000,000","677,000,000","293,000,000","204,000,000","-316,000,000","1,025,000,000","312,000,000","669,000,000","707,000,000","86,000,000","1,868,000,000","660,000,000","305,000,000","779,000,000","279,000,000","802,000,000","954,000,000","1,117,000,000","668,000,000","771,000,000","418,000,000","295,000,000","652,000,000","1,105,000,000","623,000,000","882,000,000","3,337,000,000","2,610,000,000","1,452,000,000","1,445,000,000","1,300,000,000","1,442,000,000","1,825,000,000","802,000,000","1,783,000,000","1,080,000,000","896,000,000","1,243,000,000","1,507,000,000","1,505,000,000","1,617,000,000","1,297,000,000","298,000,000","1,355,000,000","1,264,000,000","2,189,000,000","-5,135,000,000","1,126,000,000","1,093,000,000","1,043,000,000","22,510,000,000","4,644,000,000","2,127,000,000","2,794,000,000","2,340,000,000","1,769,000,000","1,973,000,000","1,585,000,000","1,902,000,000","1,913,000,000","1,866,000,000","2,031,000,000","2,617,000,000","2,044,000,000","1,671,000,000","1,462,000,000","1,608,000,000","1,516,000,000","1,468,000,000","1,424,000,000","1,280,000,000","1,268,000,000","1,099,000,000","943,000,000","1,059,000,000","567,000,000","1,906,000,000","548,000,000","2,358,568,000","419,064,000","685,577,000","832,791,000","677,591,000","781,453,000","301,647,000","256,133,000","182,400,000","149,800,000","61,200,000","47,500,000","6,800,000","286,300,000","37,000,000","40,000,000","54,800,000","50,100,000","47,900,000","64,200,000","37,000,000","27,200,000","23,600,000","22,400,000","19,200,000","23,100,000","15,500,000","13,100,000","13,500,000","15,200,000","15,700,000","16,400,000","16,500,000","14,000,000","13,500,000","13,200,000","17,600,000","11,800,000","5,000,000","2,000,000","3,500,000","2,200,000","1,600,000","-21,900,000","3,800,000","3,200,000","1,800,000","2,500,000","100,000","2,600,000","2,900,000","7,200,000","-13,800,000","4,600,000","3,900,000","3,900,000","-13,400,000","3,800,000","4,000,000","3,900,000"
TaxRateForCalcs,"0.02","0.09","0.12","0.14","0.27","0.336","0.27","0","0.2","0.27","0.28","0.3","0.26","0.226","0.27","0.01","0.15","0.4","0.09","0.02","0.03","0.147","0.15","0.1","0.06","0.114","0.3","0.38","0.36","0.35","0.37","0.35","0.35","0.35","0.33","0.32","0.32","0.287","0.381","0.35","0.322","0.344","0.324","0.35","0.329","0.284","0.386","0.35","0.324","0.4","0.157","0.301","0.364","0.311","0.328","0.35","0.27","0.131","0.33","0.286","0.315","0.317","0.31","0.177","0.379","0.349","0.347","0.353","0.383","0.275","0.367","0.35","0.363","0.4","0.333","0.396","0.323","0.4","0.253","0.4","0.262","0.4","0.395","0.4","0.392","0.297","0.392","0.4","0.4","0.4","0.365","0.4","0.4","0.4","0.309","0.321","0.361","0.308","0.4","0.4","0.4","0.388","0.4","0.4","0.4","0.4","0.4","0.4","0.4","0.4","0.326","0.339","0.338","0.215","0.321","0.288","0.25","0.223","0.278","0.278","0.273","0","0.4","0.4","0.255","0.375","0.333","0.4","0.4","0.353","0.4","0.4",,,,,,,,,
TaxEffectOfUnusualItems,"-420,000","5,415,162.455","-2,160,000","10,360,000","-36,990,000","-14,463,636.364","-8,640,000","0","-533,200,000","-2,700,000","-2,240,000","-3,300,000","6,240,000","27,088,948.787","-1,890,000","-3,020,000","-45,000,000","132,400,000","-180,000","280,000","-330,000","34,026,666.667","142,950,000","-152,100,000","-196,920,000","-615,790,328.401","-1,756,200,000","-1,583,460,000","-1,965,600,000","-701,050,000","-740,000","368,200,000","-12,950,000","-5,600,000","-3,630,000","-16,000,000","-624,960,000","-418,778,443.114","-538,699,397.071","217,434,604.905","43,527,004.91","-13,065,491.184","240,581,274.382","147,350,000","-48,408,620.69","263,952,095.808","-42,489,270.386","-17,850,000","-8,415,617.128","2,492,400,000","15,866,554.054","-3,011,764.706","-2,375,034,848.242","-6,504,378,187.683","-2,297,724.23","4,550,000","-10,536,995.516","-23,125,098.348","9,236,212.279","-7,720,970.537","-3,465,393.795","-89,523,809.524","-22,332,681.018","-13,290,229.885","-66,304,347.826","-120,053,691.275","-36,066,725.198","3,534,653.465","28,368,017.525","3,846,982.759","-3,304,773.562","-1,748,704.663","7,994,845.361","-30,000,000","-5,333,333.333","7,516,129.032","15,483,870.968","-147,600,000","1,520,000","-502,400,000","-2,619,047.619","-742,980,000","-7,534,890.36","-58,569,600","-5,501,972.21","-2,584,510.414","-44,825,781.187","0","-963,200","9,240,000","-767,098.446","2,240,000","1,280,000","40,960,000","-78,335,940.1","0","0","0","0","0","0","0","0","240,000","0","0","0","0","0","0","0","0","0","0","0","86,301.37","25,000","-44,680.851","527,777.778","55,555.556","272,727.273","0","80,000","400,000","102,092.05","300,000","133,333.333","80,000","0","0","0","0",,,,,,,,,