name,ttm,12/31/2021,09/30/2021,06/30/2021,03/31/2021,12/31/2020,09/30/2020,06/30/2020,03/31/2020,12/31/2019,09/30/2019,06/30/2019,03/31/2019,12/31/2018,09/30/2018,06/30/2018,03/31/2018,12/31/2017,09/30/2017,06/30/2017,03/31/2017,12/31/2016,09/30/2016,06/30/2016,03/31/2016,12/31/2015,09/30/2015,06/30/2015,03/31/2015,12/31/2014,09/30/2014,06/30/2014,03/31/2014,12/31/2013,09/30/2013,06/30/2013,03/31/2013,12/31/2012,09/30/2012,06/30/2012,03/31/2012,12/31/2011,09/30/2011,06/30/2011,03/31/2011,12/31/2010,09/30/2010,06/30/2010,03/31/2010,12/31/2009,09/30/2009,06/30/2009,03/31/2009,12/31/2008,09/30/2008,06/30/2008,03/31/2008,12/31/2007,09/30/2007,06/30/2007,03/31/2007,12/31/2006,09/30/2006,06/30/2006,03/31/2006,12/31/2005,09/30/2005,06/30/2005,03/31/2005,12/31/2004,09/30/2004,06/30/2004,03/31/2004,12/31/2003,09/30/2003,06/30/2003,03/31/2003,12/31/2002,09/30/2002,06/30/2002,03/31/2002,12/31/2001,09/30/2001,06/30/2001,03/31/2001,12/31/2000,09/30/2000,06/30/2000,03/31/2000,12/31/1999,09/30/1999,06/30/1999,03/31/1999,12/31/1998,09/30/1998,06/30/1998,03/31/1998,12/31/1997,09/30/1997,06/30/1997,03/31/1997,12/31/1996,09/30/1996,06/30/1996,03/31/1996,12/31/1995,09/30/1995,06/30/1995,03/31/1995,12/31/1994,09/30/1994,06/30/1994,03/31/1994,12/31/1993,09/30/1993,06/30/1993,03/31/1993,12/31/1992,09/30/1992,06/30/1992,03/31/1992,12/31/1991,09/30/1991,06/30/1991,03/31/1991,12/31/1990,09/30/1990,06/30/1990,03/31/1990,12/31/1989,09/30/1989,06/30/1989,03/31/1989,12/31/1988,09/30/1988,06/30/1988,03/31/1988,12/31/1987,09/30/1987,06/30/1987,03/31/1987,12/31/1986,09/30/1986,06/30/1986,03/31/1986,12/31/1985,09/30/1985
TotalRevenue,"16,642,000,000","4,089,000,000","4,027,000,000","4,141,000,000","4,385,000,000","4,288,000,000","4,554,000,000","4,502,000,000","4,815,000,000","5,021,000,000","4,851,000,000","4,890,000,000","5,280,000,000","5,178,000,000","5,013,000,000","5,282,000,000","6,294,000,000","6,186,000,000","6,163,000,000","5,913,000,000","1,889,000,000","1,917,000,000","1,871,000,000","1,930,000,000","1,807,000,000","1,750,000,000","2,712,000,000","2,761,000,000","2,909,000,000","2,947,000,000","3,080,000,000","3,237,000,000","3,329,000,000","3,228,000,000","3,187,000,000","3,260,000,000","3,559,000,000","3,781,000,000","3,854,000,000","3,957,000,000","4,114,000,000","3,764,000,000","3,966,000,000","4,033,000,000","4,117,000,000","4,008,000,000","3,975,000,000","3,942,000,000","4,236,000,000","3,953,000,000","4,041,000,000","3,898,000,000","4,111,700,000","3,952,400,000","4,238,700,000","4,437,100,000","4,484,400,000","4,160,000,000","4,017,200,000","3,837,900,000","4,058,300,000","3,636,900,000","3,605,200,000","3,556,200,000","3,883,500,000","3,577,000,000","3,572,600,000","3,582,500,000","3,797,800,000","3,516,800,000","3,934,500,000","3,736,400,000","4,000,400,000","3,621,200,000","3,591,200,000","3,554,800,000","3,079,100,000","2,793,600,000","2,732,400,000","2,764,800,000","3,046,200,000","2,900,900,000","2,765,300,000","2,713,600,000","3,060,100,000","2,664,700,000","2,498,900,000","2,463,300,000","2,575,194,000","2,360,100,000","2,126,100,000","2,063,400,000","2,130,400,000","1,927,900,000","1,847,800,000","1,753,900,000","1,869,100,000","1,664,100,000","1,578,800,000","1,488,800,000","1,535,200,000","1,421,600,000","1,355,300,000","1,165,100,000","1,160,500,000","1,110,400,000","1,004,700,000","966,800,000","1,018,000,000","827,900,000","788,500,000","738,100,000","730,900,000","621,400,000","622,300,000","608,100,000","650,300,000","608,400,000","616,000,000","605,100,000","645,000,000","544,600,000","467,400,000","456,400,000","476,300,000","434,200,000","419,800,000","407,600,000","417,700,000","368,900,000","371,700,000","342,100,000","360,200,000","345,500,000","299,500,000","299,300,000","309,200,000","287,300,000","281,300,000","274,600,000","290,600,000","257,500,000","249,400,000","234,000,000","236,800,000","204,900,000","209,300,000"
	OperatingRevenue,"16,642,000,000","4,089,000,000","4,027,000,000","4,141,000,000","4,385,000,000","4,288,000,000","4,554,000,000","4,502,000,000","4,815,000,000","5,021,000,000","4,851,000,000","4,890,000,000","5,280,000,000","5,178,000,000","5,013,000,000","5,282,000,000","6,294,000,000","6,186,000,000","6,163,000,000","5,913,000,000","1,889,000,000","1,917,000,000","1,871,000,000","1,930,000,000","1,807,000,000","1,750,000,000","2,712,000,000","2,761,000,000","2,909,000,000","2,947,000,000","3,080,000,000","3,237,000,000","3,329,000,000","3,228,000,000","3,187,000,000","3,260,000,000","3,559,000,000","3,781,000,000","3,854,000,000","3,957,000,000","4,114,000,000","3,764,000,000","3,966,000,000","4,033,000,000","4,117,000,000","4,008,000,000","3,975,000,000","3,942,000,000","4,236,000,000","3,953,000,000","4,041,000,000","3,898,000,000","4,111,700,000","3,952,400,000","4,238,700,000","4,437,100,000","4,484,400,000","4,160,000,000","4,017,200,000","3,837,900,000","4,058,300,000","3,636,900,000","3,605,200,000","3,556,200,000","3,883,500,000","3,577,000,000","3,572,600,000","3,582,500,000","3,797,800,000","3,516,800,000","3,934,500,000","3,736,400,000","4,000,400,000","3,621,200,000","3,591,200,000","3,554,800,000","3,079,100,000","2,793,600,000","2,732,400,000","2,764,800,000","3,046,200,000","2,900,900,000","2,765,300,000","2,713,600,000","2,897,100,000","2,664,700,000","2,498,900,000","2,463,300,000","2,575,194,000","2,360,100,000","2,126,100,000","2,063,400,000","2,130,400,000","1,927,900,000","1,847,800,000","1,753,900,000","1,869,100,000","1,664,100,000","1,578,800,000","1,488,800,000","1,535,200,000","1,421,600,000","1,355,300,000","1,165,100,000","1,160,500,000","1,110,400,000","1,004,700,000","966,800,000","1,018,000,000","827,900,000","788,500,000","738,100,000","730,900,000","621,400,000","622,300,000","608,100,000","650,300,000","608,400,000","616,000,000","605,100,000","645,000,000","544,600,000","467,400,000","456,400,000","476,300,000","434,200,000","419,800,000","407,600,000","417,700,000","368,900,000","371,700,000","342,100,000","360,200,000","345,500,000","299,500,000","299,300,000","309,200,000","287,300,000","281,300,000","274,600,000","290,600,000","257,500,000","249,400,000","234,000,000","236,800,000","204,900,000","209,300,000"
CostOfRevenue,"13,083,000,000","3,179,000,000","3,088,000,000","3,255,000,000","3,561,000,000","3,333,000,000","3,563,000,000","3,629,000,000","3,773,000,000","3,827,000,000","3,679,000,000","3,622,000,000","3,836,000,000","3,725,000,000","3,518,000,000","3,867,000,000","4,323,000,000","4,521,000,000","4,312,000,000","4,788,000,000","1,414,000,000","1,347,000,000","1,363,000,000","1,421,000,000","1,460,000,000","1,216,000,000","1,970,000,000","2,026,000,000","2,433,000,000","2,530,000,000","2,207,000,000","2,364,000,000","2,411,000,000","2,362,000,000","2,338,000,000","2,466,000,000","2,710,000,000","2,995,000,000","2,994,000,000","3,253,000,000","3,521,000,000","4,518,000,000","3,510,000,000","3,365,000,000","3,314,000,000","3,232,000,000","3,182,000,000","3,197,000,000","3,321,000,000","3,105,000,000","3,215,000,000","3,156,000,000","3,169,300,000","3,083,400,000","3,406,700,000","3,601,300,000","3,498,400,000","3,301,600,000","3,253,800,000","3,098,100,000","3,135,300,000","2,903,100,000","2,896,400,000","2,883,300,000","3,066,400,000","2,850,000,000","2,876,700,000","2,926,700,000","3,038,600,000","2,822,200,000","3,241,300,000","3,053,600,000","3,186,400,000","2,930,100,000","2,958,600,000","2,931,700,000","2,402,900,000","2,248,500,000","2,197,300,000","2,232,700,000","2,403,900,000","2,352,100,000","2,227,800,000","2,239,000,000","2,394,700,000","2,087,100,000","1,978,600,000","1,968,800,000","1,998,844,000","1,835,300,000","1,676,500,000","1,635,600,000","1,644,400,000","1,496,100,000","1,451,200,000","1,382,100,000","1,444,900,000","1,301,900,000","1,231,100,000","1,171,300,000","1,189,700,000","1,112,800,000","1,073,500,000","943,500,000","908,400,000","863,700,000","803,200,000","774,400,000","808,200,000","661,800,000","631,900,000","583,700,000","570,300,000","494,200,000","507,800,000","483,800,000","498,900,000","489,300,000","498,600,000","490,800,000","397,300,000","479,900,000","425,900,000","415,300,000","424,500,000","392,900,000","380,700,000","369,400,000","371,600,000","333,100,000","335,300,000","309,400,000",,,,,,,,,,,,,,,
GrossProfit,"3,559,000,000","910,000,000","939,000,000","886,000,000","824,000,000","955,000,000","991,000,000","873,000,000","1,042,000,000","1,194,000,000","1,172,000,000","1,268,000,000","1,444,000,000","1,453,000,000","1,495,000,000","1,415,000,000","1,971,000,000","1,665,000,000","1,851,000,000","1,125,000,000","475,000,000","570,000,000","508,000,000","509,000,000","347,000,000","534,000,000","742,000,000","735,000,000","476,000,000","417,000,000","873,000,000","873,000,000","918,000,000","866,000,000","849,000,000","794,000,000","849,000,000","786,000,000","860,000,000","704,000,000","593,000,000","-754,000,000","456,000,000","668,000,000","803,000,000","776,000,000","793,000,000","745,000,000","915,000,000","848,000,000","826,000,000","742,000,000","942,400,000","869,000,000","832,000,000","835,800,000","986,000,000","858,400,000","763,400,000","739,800,000","923,000,000","733,800,000","708,800,000","672,900,000","817,100,000","727,000,000","695,900,000","655,800,000","759,200,000","694,600,000","693,200,000","682,800,000","814,000,000","691,100,000","632,600,000","623,100,000","676,200,000","545,100,000","535,100,000","532,100,000","642,300,000","548,800,000","537,500,000","474,600,000","665,400,000","577,600,000","520,300,000","494,500,000","576,350,000","524,800,000","449,600,000","427,800,000","486,000,000","431,800,000","396,600,000","371,800,000","424,200,000","362,200,000","347,700,000","317,500,000","345,500,000","308,800,000","281,800,000","221,600,000","252,100,000","246,700,000","201,500,000","192,400,000","209,800,000","166,100,000","156,600,000","154,400,000","160,600,000","127,200,000","114,500,000","124,300,000","151,400,000","119,100,000","117,400,000","114,300,000","247,700,000","64,700,000","41,500,000","41,100,000","51,800,000","41,300,000","39,100,000","38,200,000","46,100,000","35,800,000","36,400,000","32,700,000",,,,,,,,,,,,,,,
OperatingExpense,"3,336,000,000","764,000,000","818,000,000","805,000,000","949,000,000","992,000,000","1,064,000,000","1,031,000,000","1,062,000,000","997,000,000","956,000,000","977,000,000","964,000,000","999,000,000","1,053,000,000","911,000,000","1,038,000,000","956,000,000","1,209,000,000","771,000,000","501,000,000","494,000,000","460,000,000","471,000,000","406,000,000","418,000,000","489,000,000","491,000,000","511,000,000","789,000,000","598,000,000","616,000,000","581,000,000","605,000,000","564,000,000","547,000,000","601,000,000","548,000,000","574,000,000","554,000,000","571,000,000","577,000,000","597,000,000","537,000,000","486,000,000","512,000,000","485,000,000","497,000,000","526,000,000","513,000,000","520,000,000","509,000,000","556,200,000","543,400,000","597,400,000","594,700,000","525,400,000","547,300,000","533,300,000","519,600,000","518,800,000","489,900,000","492,800,000","488,500,000","501,100,000","475,600,000","482,500,000","474,800,000","475,200,000","467,000,000","464,400,000","483,100,000","501,100,000","456,900,000","428,900,000","443,700,000","414,200,000","362,900,000","371,900,000","388,300,000","404,500,000","388,300,000","399,500,000","371,600,000","395,700,000","371,600,000","338,500,000","336,000,000","349,590,000","345,800,000","304,900,000","301,900,000","303,000,000","293,000,000","278,000,000","266,900,000","274,000,000","244,000,000","244,300,000","227,400,000","221,200,000","211,800,000","197,200,000","160,900,000","166,700,000","179,800,000","144,100,000","140,500,000","140,600,000","115,300,000","114,000,000","113,900,000","104,700,000","89,400,000","80,800,000","91,800,000","104,500,000","85,000,000","85,000,000","83,200,000","199,000,000","33,800,000","17,300,000","16,600,000","16,600,000","16,600,000","15,400,000","15,000,000","16,000,000","13,600,000","13,500,000","11,800,000",,,,,,,,,,,,,,,
	SellingGeneralAndAdministration,"1,564,000,000","340,000,000","370,000,000","383,000,000","471,000,000","517,000,000","539,000,000","539,000,000","536,000,000","518,000,000","489,000,000","507,000,000","459,000,000","491,000,000","569,000,000","440,000,000","453,000,000","475,000,000","672,000,000","410,000,000","348,000,000","333,000,000","293,000,000","305,000,000","251,000,000","257,000,000","286,000,000","284,000,000","296,000,000","551,000,000","346,000,000","344,000,000","316,000,000","354,000,000","316,000,000","292,000,000","331,000,000","278,000,000","301,000,000","291,000,000","295,000,000","275,000,000","307,000,000","264,000,000","231,000,000","243,000,000","247,000,000","244,000,000","259,000,000","239,000,000","246,000,000","247,000,000","258,800,000","261,200,000","285,300,000","277,500,000","253,500,000","240,200,000","241,100,000","240,600,000","234,400,000","227,900,000","226,500,000","227,600,000","221,600,000","207,700,000","207,800,000","205,100,000","205,700,000","198,900,000","201,600,000","228,500,000","236,700,000","205,000,000","199,900,000","208,700,000","192,400,000","167,600,000","162,100,000","181,600,000","174,500,000","176,700,000","182,800,000","172,300,000","216,200,000","206,000,000","181,200,000","193,200,000","197,667,000","192,600,000","178,900,000","187,300,000","180,500,000","179,900,000","172,700,000","162,800,000","170,400,000","145,400,000","148,300,000","138,600,000","129,700,000","122,600,000","116,300,000","94,700,000","91,100,000","115,400,000","86,600,000","85,900,000","87,600,000","73,500,000","74,100,000","76,000,000","67,400,000","56,100,000","50,800,000","61,700,000","70,800,000","55,200,000","56,700,000","56,300,000","165,800,000","6,200,000","6,300,000","6,700,000","5,600,000","5,700,000","5,900,000","6,200,000","5,800,000","4,700,000","5,200,000","5,200,000",,,,,,,,,,,,,,,
	DepreciationAmortizationDepletionIncomeStatement,"1,772,000,000","424,000,000","448,000,000","422,000,000","478,000,000","475,000,000","525,000,000","492,000,000","526,000,000","479,000,000","467,000,000","470,000,000","505,000,000","508,000,000","484,000,000","471,000,000","585,000,000","481,000,000","537,000,000","361,000,000","153,000,000","161,000,000","167,000,000","166,000,000","155,000,000","161,000,000","203,000,000","207,000,000","215,000,000","238,000,000","252,000,000","272,000,000","265,000,000","251,000,000","248,000,000","255,000,000","270,000,000","270,000,000","273,000,000","263,000,000","282,000,000","302,000,000","290,000,000","278,000,000","275,000,000","269,000,000","273,000,000","256,000,000","272,000,000","280,000,000","275,000,000","270,000,000","274,000,000","282,200,000","312,100,000","317,200,000","320,300,000","307,100,000","292,200,000","279,000,000","284,400,000","262,000,000","266,300,000","260,900,000","279,500,000","267,900,000","274,700,000","269,700,000","269,500,000","268,100,000","262,800,000","254,600,000","264,400,000","251,900,000","229,000,000","235,000,000","221,800,000","195,300,000","209,800,000","206,700,000","230,000,000","211,600,000","216,700,000","199,300,000","179,500,000","165,600,000","157,300,000","142,800,000","151,923,000","153,200,000","126,000,000","114,600,000","122,500,000","113,100,000","105,300,000","104,100,000","103,600,000","98,600,000","96,000,000","88,800,000","91,500,000","89,200,000","80,900,000","66,200,000","75,600,000","64,400,000","57,500,000","54,600,000","53,000,000","41,800,000","39,900,000","37,900,000","37,300,000","33,300,000","30,000,000","30,100,000","33,700,000","29,800,000","28,300,000","26,900,000","33,200,000","27,600,000","11,000,000","9,900,000","11,000,000","10,900,000","9,500,000","8,800,000","10,200,000","8,900,000","8,300,000","6,600,000",,,,,,,,,,,,,,,
		DepreciationAndAmortizationInIncomeStatement,"1,772,000,000","424,000,000","448,000,000","422,000,000","478,000,000","475,000,000","525,000,000","492,000,000","526,000,000","479,000,000","467,000,000","470,000,000","505,000,000","508,000,000","484,000,000","471,000,000","585,000,000","481,000,000","537,000,000","361,000,000","153,000,000","161,000,000","167,000,000","166,000,000","155,000,000","161,000,000","203,000,000","207,000,000","215,000,000","238,000,000","252,000,000","272,000,000","265,000,000","251,000,000","248,000,000","255,000,000","270,000,000","270,000,000","273,000,000","263,000,000","282,000,000","302,000,000","290,000,000","278,000,000","275,000,000","269,000,000","273,000,000","256,000,000","272,000,000","280,000,000","275,000,000","270,000,000","274,000,000","282,200,000","312,100,000","317,200,000","320,300,000","307,100,000","292,200,000","279,000,000","284,400,000","262,000,000","266,300,000","260,900,000","279,500,000","267,900,000","274,700,000","269,700,000","269,500,000","268,100,000","262,800,000","254,600,000","264,400,000","251,900,000","229,000,000","235,000,000","221,800,000","195,300,000","209,800,000","206,700,000","230,000,000","211,600,000","216,700,000","199,300,000","179,500,000","165,600,000","157,300,000","142,800,000","151,923,000","153,200,000","126,000,000","114,600,000","122,500,000","113,100,000","105,300,000","104,100,000","103,600,000","98,600,000","96,000,000","88,800,000","91,500,000","89,200,000","80,900,000","66,200,000","75,600,000","64,400,000","57,500,000","54,600,000","53,000,000","41,800,000","39,900,000","37,900,000","37,300,000","33,300,000","30,000,000","30,100,000","33,700,000","29,800,000","28,300,000","26,900,000","33,200,000","27,600,000","11,000,000","9,900,000","11,000,000","10,900,000","9,500,000","8,800,000","10,200,000","8,900,000","8,300,000","6,600,000",,,,,,,,,,,,,,,
	OtherOperatingExpenses,,,,,,,,,,,,,,,,,,,,,,,,,,,,,,,,,,,,,,,"-14,000,000",,,,,"-5,000,000",,,"-35,000,000","-3,000,000","-5,000,000","-6,000,000","-1,000,000","-8,000,000",,"8,900,000",,,,,,,,,,,,,,,,,,,,,,,,,,,,,,,,,,,,,,,,,,,,,,,,,,,,,,,,,,,,,,,,,,,,,,,,,,,,,,,,,,,,,,,,,,,,,
OperatingIncome,"223,000,000","146,000,000","121,000,000","81,000,000","-125,000,000","-37,000,000","-73,000,000","-158,000,000","-20,000,000","197,000,000","216,000,000","291,000,000","480,000,000","454,000,000","442,000,000","504,000,000","933,000,000","709,000,000","642,000,000","354,000,000","-26,000,000","76,000,000","48,000,000","38,000,000","-59,000,000","116,000,000","253,000,000","244,000,000","-35,000,000","-372,000,000","275,000,000","257,000,000","337,000,000","261,000,000","285,000,000","247,000,000","248,000,000","238,000,000","286,000,000","150,000,000","22,000,000","-1,331,000,000","-141,000,000","131,000,000","317,000,000","264,000,000","308,000,000","248,000,000","389,000,000","335,000,000","306,000,000","233,000,000","386,200,000","325,600,000","234,600,000","241,100,000","460,600,000","311,100,000","230,100,000","220,200,000","404,200,000","243,900,000","216,000,000","184,400,000","316,000,000","251,400,000","213,400,000","181,000,000","284,000,000","227,600,000","228,800,000","199,700,000","312,900,000","234,200,000","203,700,000","179,400,000","262,000,000","182,200,000","163,200,000","143,800,000","237,800,000","160,500,000","138,000,000","103,000,000","269,700,000","206,000,000","181,800,000","158,500,000","226,760,000","179,000,000","144,700,000","125,900,000","183,000,000","138,800,000","118,600,000","104,900,000","150,200,000","118,200,000","103,400,000","90,100,000","124,300,000","97,000,000","84,600,000","60,700,000","85,400,000","66,900,000","57,400,000","51,900,000","69,200,000","50,800,000","42,600,000","40,500,000","55,900,000","37,800,000","33,700,000","32,500,000","46,900,000","34,100,000","32,400,000","31,100,000","48,700,000","30,900,000","24,200,000","24,500,000","35,200,000","24,700,000","23,700,000","23,200,000","30,100,000","22,200,000","22,900,000","20,900,000","-856,400,000","345,500,000","299,500,000","299,300,000","-765,500,000","287,300,000","281,300,000","274,600,000","-677,200,000","257,500,000","249,400,000","234,000,000","-553,400,000","204,900,000","209,300,000"
NetNonOperatingInterestIncomeExpense,"-165,000,000","-23,000,000","-45,000,000","-42,000,000","-55,000,000","-54,000,000","-71,000,000","-83,000,000","-60,000,000","-60,000,000","-37,000,000","-61,000,000","-49,000,000","-54,000,000","-50,000,000","-53,000,000","-74,000,000","-50,000,000","-62,000,000","-60,000,000","-21,000,000","-25,000,000","-21,000,000","-15,000,000","-19,000,000","-25,000,000","-28,000,000","-24,000,000","-30,000,000","-33,000,000","-31,000,000","-34,000,000","-30,000,000","-34,000,000","-32,000,000","-35,000,000","-28,000,000","-53,000,000","-40,000,000","-40,000,000","-39,000,000","-35,000,000","-34,000,000","-30,000,000","-30,000,000","-35,000,000","-33,000,000","-33,000,000","-87,000,000","-44,000,000","-46,000,000","-48,000,000",,"-56,600,000",,,,,,,,,,,,,,,,,,,,,,,,,,,,,,,,,,,,,,,,,,,,,,,,,,,,,,,,,,,,,,,,,,,,,,,,,,,,,,,,,,,,,,,,,,,,,
	InterestIncomeNonOperating,"73,000,000","15,000,000","16,000,000","20,000,000","22,000,000","28,000,000","25,000,000","23,000,000","35,000,000","33,000,000","67,000,000","30,000,000","36,000,000","27,000,000","33,000,000","32,000,000","30,000,000","27,000,000","16,000,000","16,000,000","9,000,000","8,000,000","8,000,000","10,000,000","12,000,000","8,000,000","7,000,000","11,000,000","6,000,000","4,000,000","5,000,000","5,000,000","5,000,000","4,000,000","3,000,000","4,000,000","8,000,000","4,000,000","5,000,000","5,000,000","6,000,000","8,000,000","12,000,000","12,000,000","12,000,000","8,000,000","9,000,000","8,000,000","7,000,000","6,000,000","7,000,000","7,000,000",,"12,100,000",,,,,,,,,,,,,,,,,,,,,,,,,,,,,,,,,,,,,,,,,,,,,,,,,,,,,,,,,,,,,,,,,,,,,,,,,,,,,,,,,,,,,,,,,,,,,
	InterestExpenseNonOperating,"238,000,000","38,000,000","61,000,000","62,000,000","77,000,000","82,000,000","96,000,000","106,000,000","95,000,000","93,000,000","104,000,000","91,000,000","85,000,000","81,000,000","83,000,000","85,000,000","104,000,000","77,000,000","78,000,000","76,000,000","30,000,000","33,000,000","29,000,000","25,000,000","31,000,000","33,000,000","35,000,000","35,000,000","36,000,000","37,000,000","36,000,000","39,000,000","35,000,000","38,000,000","35,000,000","39,000,000","36,000,000","57,000,000","45,000,000","45,000,000","45,000,000","43,000,000","46,000,000","42,000,000","42,000,000","43,000,000","42,000,000","41,000,000","94,000,000","50,000,000","53,000,000","55,000,000",,"68,700,000",,,,,,,,,,,,,,,,,,,,,,,,,,,,,,,,,,,,,,,,,,,,,,,,,,,,,,,,,,,,,,,,,,,,,,,,,,,,,,,,,,,,,,,,,,,,,
OtherIncomeExpense,"-509,000,000","43,000,000","-324,000,000","385,000,000","-613,000,000","2,069,000,000","-162,000,000","16,000,000","-3,482,000,000","-10,000,000","-2,178,000,000","-24,000,000","-77,000,000","69,000,000","-60,000,000","-91,000,000","-198,000,000","-221,000,000","-193,000,000","-109,000,000","-140,000,000","-1,000,000","-28,000,000","-59,000,000","-109,000,000","-13,000,000","-49,000,000","8,000,000","-252,000,000","-13,000,000","1,000,000","-9,000,000","-45,000,000","-6,000,000","-37,000,000","-6,000,000","-120,000,000","-30,000,000","-44,000,000","-36,000,000","-139,000,000","-72,000,000","-2,679,000,000","5,000,000",,"2,000,000",,,,,,,"3,100,000","-8,900,000","200,000","-13,300,000","-105,300,000","-1,200,000","-18,500,000","-30,800,000","-36,200,000","-42,000,000","-41,000,000","-196,900,000","-25,300,000",,"-52,000,000",,,,,,"0","-7,300,000","-9,200,000","-6,200,000",,,,,,,,,"-148,700,000","-84,200,000",,,"35,000","-41,100,000",,"4,900,000","5,000,000","3,600,000","2,500,000","3,400,000","-17,400,000","2,900,000","1,300,000","-207,000,000","1,800,000","2,600,000","-46,800,000","1,400,000","1,500,000","1,000,000","700,000","1,600,000",,,,,,"1,700,000","1,700,000","1,700,000","4,700,000",,"-500,000",,"-2,300,000","-1,400,000","-1,900,000","-2,000,000","12,000,000","1,700,000","-2,300,000","-1,700,000","19,100,000","1,400,000","-1,400,000","-100,000",,,,,,,,,,,,,,,
	SpecialIncomeCharges,"-379,000,000","-42,000,000","-426,000,000","282,000,000","-193,000,000","1,942,000,000","-265,000,000","-72,000,000","-3,858,000,000","-127,000,000","-2,287,000,000","-142,000,000","-47,000,000","-76,000,000","-157,000,000","-185,000,000","-208,000,000","-213,000,000","-192,000,000","-190,000,000","-153,000,000","-3,000,000","-25,000,000","-57,000,000","-115,000,000","-9,000,000","-52,000,000","-18,000,000","-246,000,000","-12,000,000","7,000,000","-10,000,000","-43,000,000","-11,000,000","-15,000,000","-7,000,000","-153,000,000","-26,000,000","-44,000,000","-36,000,000","-139,000,000","-72,000,000","-2,679,000,000","5,000,000","-40,000,000","2,000,000",,,,,,,"3,100,000","-8,900,000","200,000","-13,300,000","-105,300,000","-1,200,000","-18,500,000","-30,800,000","-36,200,000","-42,000,000","-41,000,000","-196,900,000","-25,300,000",,"-52,000,000",,,,,,"0","-7,300,000","-9,200,000","-6,200,000",,,,,,,,,"-148,700,000","-84,200,000",,,"35,000","-41,100,000",,"4,900,000","5,000,000","3,600,000","2,500,000","3,400,000","-17,400,000","2,900,000","1,300,000","-207,000,000","1,800,000","2,600,000","-46,800,000","1,400,000","1,500,000","1,000,000","700,000","1,600,000",,,,,,"1,700,000","1,700,000","1,700,000","4,700,000",,"-500,000",,"-2,300,000","-1,400,000","-1,900,000","-2,000,000","12,000,000","1,700,000","-2,300,000","-1,700,000","19,100,000","1,400,000","-1,400,000","-100,000",,,,,,,,,,,,,,,
		RestructuringAndMergernAcquisition,"358,000,000","36,000,000","145,000,000","67,000,000","110,000,000","104,000,000","265,000,000","72,000,000","4,000,000","74,000,000","32,000,000","142,000,000","47,000,000","76,000,000","157,000,000","185,000,000","208,000,000","213,000,000","192,000,000","190,000,000","153,000,000","3,000,000","25,000,000","57,000,000","11,000,000","7,000,000","52,000,000","0","246,000,000","12,000,000","-7,000,000","10,000,000","43,000,000","11,000,000","15,000,000","7,000,000","153,000,000","26,000,000","58,000,000","27,000,000",,,,,,,,,,,,,,,,,,,,,,,,,,,,,,,,,,,,,,,,,,,,,,,,,,,,,,,,,,,,,,,,,,,,,,,,,,,,,,,,,,,,,,,,,,,,,,,,,,,,,,,,,,,
		ImpairmentOfCapitalAssets,,,,,"0","0","0",,"3,854,000,000","53,000,000","2,887,000,000",,,,,,,,,,,,,,,,,,,,,,,,,,"0","0","0",,"0","60,000,000","2,685,000,000",,,,,,,,,,,,,,,,,,,,,,,,,,,,,,,,,,,,,,,,,,,,,,,,,,,,,,,,,,,,,,,,,,,,,,,,,,,,,,,,,,,,,,,,,,,,,,,,,,,,,,,,
		OtherSpecialCharges,,"2,000,000","281,000,000","28,000,000","41,000,000",,,,"0",,"-632,000,000",,,,,,,,,,,,,,"95,000,000",,,,,"195,000,000",,,,,,,,,"-14,000,000","9,000,000",,"12,000,000","-6,000,000",,,,,,,,,,,,,,,,,,,,,,,,,,,,,,,,,,,,,,,,,,,,,,,,,,,,,,,,,,,,,,,,,,,,,,,,,,,,,,,,,,,,,,,,,,,,,,,,,,,,,,,,
		GainOnSaleOfBusiness,"331,000,000","-4,000,000","0","377,000,000","-42,000,000","2,046,000,000",,,,,,,,,,,,,,,"0",,,,"-9,000,000","-2,000,000",,"-18,000,000",,,,,,,,,,,,,,,,,,,,,,,,,,,,,,,,,,,,,,,,,,,,,,,,,,,,,,,,,,,,,,,,,,,,,,,,,,,,,,,,,,,,,,,,,,,,,,,,,,,,,,,,,,,,,,,,,,,,,,,
	OtherNonOperatingIncomeExpenses,"-116,000,000","85,000,000","102,000,000","103,000,000","-406,000,000","127,000,000","103,000,000","88,000,000","351,000,000","117,000,000","109,000,000","118,000,000","1,000,000","145,000,000","97,000,000","94,000,000","-61,000,000","-8,000,000","-1,000,000","81,000,000","5,000,000","2,000,000","-3,000,000","-2,000,000","5,000,000","-4,000,000","3,000,000","26,000,000","5,000,000","-1,000,000","-6,000,000","1,000,000","13,000,000","5,000,000","-22,000,000","1,000,000","41,000,000","-4,000,000",,,,,,,,,,,,,,,,,,,,,,,,,,,,,,,,,,,,,,,,,,,,,,,,,,,,,,,,,,,,,,,,,,,,,,,,,,,,,,,,,,,,,,,,,,,,,,,,,,,,,,,,,,,,,
PretaxIncome,"-451,000,000","166,000,000","-248,000,000","424,000,000","-793,000,000","1,978,000,000","-306,000,000","-225,000,000","-3,562,000,000","127,000,000","-1,999,000,000","206,000,000","354,000,000","469,000,000","332,000,000","360,000,000","661,000,000","438,000,000","387,000,000","185,000,000","-187,000,000","50,000,000","-1,000,000","-36,000,000","-187,000,000","78,000,000","176,000,000","228,000,000","-317,000,000","-418,000,000","245,000,000","214,000,000","262,000,000","221,000,000","216,000,000","206,000,000","100,000,000","155,000,000","202,000,000","74,000,000","-156,000,000","-1,438,000,000","-2,854,000,000","101,000,000","247,000,000","231,000,000","275,000,000","215,000,000","302,000,000","291,000,000","260,000,000","185,000,000","330,500,000","260,100,000","185,100,000","173,400,000","310,300,000","266,300,000","171,600,000","169,700,000","307,900,000","171,900,000","144,200,000","-17,200,000","273,800,000","240,600,000","144,500,000","162,200,000","226,000,000","191,200,000","190,800,000","162,800,000","272,500,000","185,900,000","155,400,000","133,100,000","223,400,000","147,600,000","129,500,000","111,200,000","203,900,000","125,600,000","98,400,000","68,900,000","-76,900,000","99,100,000","162,600,000","145,500,000","215,372,000","127,800,000","134,700,000","117,500,000","175,000,000","130,400,000","109,500,000","96,400,000","119,500,000","106,600,000","92,400,000","-127,600,000","116,800,000","87,700,000","27,000,000","54,500,000","78,400,000","58,600,000","49,600,000","44,800,000","58,200,000","43,300,000","37,000,000","35,200,000","52,900,000","35,000,000","31,400,000","29,900,000","43,800,000","30,500,000","27,700,000","26,200,000","38,900,000","22,800,000","22,200,000","22,500,000","33,300,000","26,400,000","21,300,000","21,500,000","37,500,000","23,500,000","21,500,000","20,800,000",,,,,,,,,,,,,,,
TaxProvision,"156,000,000","64,000,000","-61,000,000","142,000,000","11,000,000","875,000,000","-60,000,000","-26,000,000","-61,000,000","37,000,000","116,000,000","38,000,000","83,000,000","3,000,000","73,000,000","129,000,000","96,000,000","-341,000,000","122,000,000","12,000,000","-49,000,000","13,000,000","-22,000,000","-16,000,000","-93,000,000","63,000,000","3,000,000","64,000,000","-330,000,000","-105,000,000","68,000,000","55,000,000","83,000,000","70,000,000","70,000,000","65,000,000","-141,000,000","32,000,000","64,000,000","32,000,000","-3,000,000","-45,000,000","12,000,000","-85,000,000","106,000,000","-12,000,000","82,000,000","67,000,000","38,000,000","75,000,000","39,000,000","52,000,000","-51,800,000","99,500,000","-266,600,000","52,800,000","128,600,000","87,300,000","95,800,000","61,600,000","72,100,000","57,100,000","50,800,000","38,100,000","70,100,000","75,500,000","45,000,000","53,500,000","70,400,000","57,200,000","60,300,000","52,400,000","81,900,000","57,500,000","47,300,000","40,800,000","60,700,000","41,900,000","36,600,000","32,200,000","62,800,000","38,500,000","30,200,000","21,200,000","-39,500,000","33,500,000","53,600,000","49,500,000","72,500,000","45,500,000","45,100,000","39,200,000","58,200,000","43,400,000","36,500,000","32,100,000","39,400,000","37,500,000","33,800,000","-180,200,000","41,100,000","30,300,000","13,000,000","21,300,000","30,800,000","22,600,000","19,200,000","17,100,000","19,000,000","16,600,000","14,100,000","13,400,000","20,100,000","13,300,000","13,100,000","11,700,000","17,700,000","11,700,000","10,600,000","10,100,000","15,200,000","6,700,000","8,200,000","8,100,000","12,300,000","9,800,000","7,700,000","7,800,000","13,500,000","8,600,000","8,000,000","7,700,000",,,,,,,,,,,,,,,
NetIncomeCommonStockholders,"-610,000,000","98,000,000","-188,000,000","278,000,000","-798,000,000","1,098,000,000","-244,000,000","-205,000,000","-3,495,000,000","82,000,000","-2,119,000,000","163,000,000","274,000,000","462,000,000","262,000,000","259,000,000","560,000,000","776,000,000","256,000,000","159,000,000","-148,000,000","31,000,000","15,000,000","-21,000,000","-119,000,000","43,000,000","167,000,000","160,000,000","9,000,000","-314,000,000","151,000,000","146,000,000","174,000,000","141,000,000","203,000,000","156,000,000","281,000,000","510,000,000","130,000,000","40,000,000","-158,000,000","-1,390,000,000","-2,877,000,000","183,000,000","171,000,000","242,000,000","184,000,000","143,000,000","259,000,000","211,000,000","216,000,000","131,000,000","382,300,000","160,600,000","451,700,000","120,600,000","181,700,000","179,000,000","75,800,000","108,100,000","235,800,000","114,800,000","93,400,000","-55,300,000","199,400,000","203,500,000","99,500,000","131,600,000","411,800,000","157,500,000","130,500,000","110,400,000","190,600,000","128,400,000","108,100,000","92,300,000","162,700,000","105,700,000","92,900,000","79,000,000","141,100,000","87,100,000","68,200,000","47,700,000","-37,400,000","65,600,000","109,000,000","96,000,000","142,872,000","82,300,000","89,600,000","78,300,000","116,800,000","87,000,000","73,000,000","64,300,000","80,100,000","69,100,000","58,600,000","52,600,000","75,700,000","57,400,000","14,000,000","33,200,000","47,600,000","36,000,000","30,400,000","27,700,000","39,200,000","26,700,000","22,900,000","21,800,000","32,800,000","21,700,000","18,300,000","23,100,000","26,100,000","18,800,000","17,100,000","16,100,000","23,700,000","16,100,000","14,000,000","14,400,000","21,000,000","16,600,000","13,600,000","13,700,000","24,000,000","14,900,000","13,500,000","13,100,000",,,,,,,,,,,,,,,
	NetIncome,"-610,000,000","98,000,000","-188,000,000","278,000,000","-798,000,000","1,098,000,000","-244,000,000","-205,000,000","-3,495,000,000","82,000,000","-2,119,000,000","163,000,000","274,000,000","462,000,000","262,000,000","259,000,000","560,000,000","776,000,000","256,000,000","159,000,000","-148,000,000","31,000,000","15,000,000","-21,000,000","-119,000,000","43,000,000","167,000,000","160,000,000","9,000,000","-314,000,000","151,000,000","146,000,000","174,000,000","141,000,000","203,000,000","156,000,000","281,000,000","510,000,000","130,000,000","40,000,000","-158,000,000","-1,390,000,000","-2,877,000,000","183,000,000","171,000,000","242,000,000","184,000,000","143,000,000","259,000,000","211,000,000","216,000,000","131,000,000","382,300,000","160,600,000","451,700,000","120,600,000","181,700,000","179,000,000","75,800,000","108,100,000","235,800,000","114,800,000","93,400,000","-55,300,000","199,400,000","203,500,000","99,500,000","131,600,000","411,800,000","157,500,000","130,500,000","110,400,000","190,600,000","128,400,000","108,100,000","92,300,000","162,700,000","105,700,000","92,900,000","79,000,000","141,100,000","87,100,000","68,200,000","47,700,000","-37,400,000","65,600,000","109,000,000","96,000,000","142,872,000","82,300,000","89,600,000","78,300,000","116,800,000","87,000,000","73,000,000","64,300,000","80,100,000","69,100,000","58,600,000","52,600,000","75,700,000","57,400,000","14,000,000","33,200,000","47,600,000","36,000,000","30,400,000","27,700,000","39,200,000","26,700,000","22,900,000","21,800,000","32,800,000","21,700,000","18,300,000","23,100,000","26,100,000","18,800,000","17,100,000","16,100,000","23,700,000","16,100,000","14,000,000","14,400,000","21,000,000","16,600,000","13,600,000","13,700,000","24,000,000","14,900,000","13,500,000","13,100,000",,,,,,,,,,,,,,,
		NetIncomeIncludingNoncontrollingInterests,"-607,000,000","102,000,000","-187,000,000","282,000,000","-804,000,000","1,103,000,000","-246,000,000","-199,000,000","-3,501,000,000","90,000,000","-2,115,000,000","168,000,000","271,000,000","466,000,000","259,000,000","266,000,000","565,000,000","779,000,000","265,000,000","173,000,000","-138,000,000","37,000,000","21,000,000","-20,000,000","-119,000,000","45,000,000","173,000,000","164,000,000","13,000,000","-313,000,000","156,000,000","151,000,000","176,000,000","146,000,000","209,000,000","159,000,000","286,000,000","513,000,000","138,000,000","42,000,000","-153,000,000","-1,391,000,000","-2,866,000,000","185,000,000","175,000,000","243,000,000","193,000,000","148,000,000","264,000,000","216,000,000","221,000,000","133,000,000","382,300,000","160,600,000","451,700,000","120,600,000","181,700,000","179,000,000","75,800,000","108,100,000","235,800,000","114,800,000","93,400,000","-55,300,000","199,400,000","203,500,000","99,500,000","131,600,000","411,800,000","157,500,000","130,500,000","110,400,000","190,600,000","128,400,000","108,100,000","92,300,000","162,700,000","105,700,000","92,900,000","79,000,000","141,100,000","87,100,000","68,200,000","47,700,000","-37,400,000","65,600,000","109,000,000","96,000,000","142,872,000","82,300,000","89,600,000","78,300,000","116,800,000","87,000,000","73,000,000","64,300,000","80,100,000","69,100,000","58,600,000","52,600,000","75,700,000","57,400,000","14,000,000","33,200,000","47,600,000","36,000,000","30,400,000","27,700,000","39,200,000","26,700,000","22,900,000","21,800,000","32,800,000","21,700,000","18,300,000","23,100,000","26,100,000","18,800,000","17,100,000","16,100,000","23,700,000","16,100,000","14,000,000","14,400,000","21,000,000","16,600,000","13,600,000","13,700,000","24,000,000","14,900,000","13,500,000","13,100,000","16,900,000","12,000,000","12,000,000","11,700,000","13,800,000","10,300,000","9,900,000","9,500,000","10,800,000","7,600,000","7,200,000","6,700,000","8,800,000","5,000,000","4,900,000"
			NetIncomeContinuousOperations,"-607,000,000","102,000,000","-187,000,000","282,000,000","-804,000,000","1,103,000,000","-246,000,000","-199,000,000","-3,501,000,000","90,000,000","-2,115,000,000","168,000,000","271,000,000","466,000,000","259,000,000","231,000,000","565,000,000","779,000,000","265,000,000","173,000,000","-138,000,000","37,000,000","21,000,000","-20,000,000","-94,000,000","15,000,000","173,000,000","164,000,000","13,000,000","-313,000,000","177,000,000","159,000,000","179,000,000","151,000,000","146,000,000","141,000,000","241,000,000","123,000,000","138,000,000","42,000,000","-153,000,000","-1,393,000,000","-2,866,000,000","186,000,000","141,000,000","243,000,000","193,000,000","148,000,000","264,000,000","216,000,000","221,000,000","133,000,000","382,300,000","160,600,000","451,700,000","120,600,000","181,700,000","179,000,000","75,800,000","108,100,000","235,800,000","114,800,000","93,400,000","-55,300,000","203,700,000","165,100,000","99,500,000","108,700,000","155,600,000","134,000,000","130,500,000","110,400,000","190,600,000","128,400,000","108,100,000","92,300,000","162,700,000","105,700,000","92,900,000","79,000,000","141,100,000","87,100,000","68,200,000","47,700,000","-37,400,000","65,600,000","109,000,000","96,000,000","142,872,000","82,300,000","89,600,000","78,300,000","116,800,000","87,000,000","73,000,000","64,300,000","80,100,000","69,100,000","58,600,000","52,600,000","75,700,000","57,400,000","14,000,000","33,200,000","47,600,000","36,000,000","30,400,000","27,700,000","39,200,000","26,700,000","22,900,000","21,800,000","32,800,000","21,700,000","18,300,000","18,200,000","26,100,000","18,800,000","17,100,000","16,100,000","23,700,000","16,100,000","14,000,000","14,400,000","21,000,000","16,600,000","13,600,000","13,700,000","24,000,000","14,900,000","13,500,000","13,100,000","16,900,000","12,000,000","12,000,000","11,700,000","13,800,000","10,300,000","9,900,000","9,500,000","10,800,000","7,600,000","7,200,000","6,700,000","8,800,000","5,000,000","4,900,000"
			NetIncomeDiscontinuousOperations,,,,,,,,,"0","0","0","0","0","0","0","35,000,000",,,,,"0","0","0","0","-25,000,000","30,000,000","0","0","0","0","-21,000,000","-8,000,000","-3,000,000","-5,000,000","63,000,000","18,000,000","45,000,000","390,000,000","0","0","0","2,000,000","0","-1,000,000",,,,,,,,,,,,,,,,,,,,,"0","38,400,000",,"22,900,000","256,200,000","23,500,000",,,,,,,,,,,,,,,,,,,,,,,,,,,,,,,,,,,,,,,,,,,,,,,,,,,,,,,,,,,,,,,,,,,,,,,,,,,,,
			NetIncomeExtraordinary,,,,,,,,,,,,,,,,,,,,,,,,,,,,,,,,,,,,,,,,,,,,,,,,,,,,,,,,,,,,,,,,,,,,,,,,,,,,,,,,,,,,,,,,,,,,,,,,,,,,,,,,,,,,,,,,,"0",,,"4,900,000",,,,,,,,,,,,,,,,,,,,,,,,,,,,,,,
		MinorityInterests,"-3,000,000","-4,000,000","-1,000,000","-4,000,000","6,000,000","-5,000,000","2,000,000","-6,000,000","6,000,000","-8,000,000","-4,000,000","-5,000,000","3,000,000","-4,000,000","3,000,000","-7,000,000","-5,000,000","-3,000,000","-9,000,000","-14,000,000","-10,000,000","-6,000,000","-6,000,000","-1,000,000","0","-2,000,000","-6,000,000","-4,000,000","-4,000,000","-1,000,000","-5,000,000","-5,000,000","-2,000,000","-5,000,000","-6,000,000","-3,000,000","-5,000,000","-3,000,000","-8,000,000","-2,000,000","-5,000,000","1,000,000","-11,000,000","-2,000,000","-4,000,000","-1,000,000","-9,000,000","-5,000,000","-5,000,000","-5,000,000","-5,000,000","-2,000,000",,,,,,,,,,,,,,,,,,,,,,,,,,,,,,,,,,,,,,,,,,,,,,,,,,,,,,,,,,,,,,,,,,,,,,,,,,,,,,,,,,,,,,,,,,,,,,,
DilutedNIAvailtoComStockholders,"-610,000,000","98,000,000","-188,000,000","278,000,000","-798,000,000","1,098,000,000","-244,000,000","-205,000,000","-3,495,000,000","82,000,000","-2,119,000,000","163,000,000","274,000,000","462,000,000","262,000,000","259,000,000","560,000,000","776,000,000","256,000,000","159,000,000","-148,000,000","31,000,000","15,000,000","-21,000,000","-119,000,000","43,000,000","167,000,000","160,000,000","9,000,000","-314,000,000","151,000,000","146,000,000","174,000,000","141,000,000","203,000,000","156,000,000","281,000,000","510,000,000","130,000,000","40,000,000","-158,000,000","-1,390,000,000","-2,877,000,000","183,000,000","171,000,000","242,000,000","184,000,000","143,000,000","259,000,000","211,000,000","216,000,000","131,000,000","382,300,000","160,600,000","451,700,000","120,600,000","181,700,000","179,000,000","75,800,000","108,100,000","235,800,000","114,800,000","93,400,000","-55,300,000","199,400,000","203,500,000","99,500,000","131,600,000","411,800,000","157,500,000","130,500,000","110,400,000","190,600,000","128,400,000","108,100,000","92,300,000","162,700,000","105,700,000","92,900,000","79,000,000","141,100,000","87,100,000","68,200,000","47,700,000","-37,400,000","65,600,000","109,000,000","96,000,000","142,872,000","82,300,000","89,600,000","78,300,000","116,800,000","87,000,000","73,000,000","64,300,000","80,100,000","69,100,000","58,600,000","52,600,000","75,700,000","57,400,000","14,000,000","33,200,000","47,600,000","36,000,000","30,400,000","27,700,000","39,200,000","26,700,000","22,900,000","21,800,000","32,800,000","21,700,000","18,300,000","23,100,000","26,100,000","18,800,000","17,100,000","16,100,000","23,700,000","16,100,000","14,000,000","14,400,000","21,000,000","16,600,000","13,600,000","13,700,000","24,000,000","14,900,000","13,500,000","13,100,000",,,,,,,,,,,,,,,
BasicEPS,,"0.39","-0.74","1.09","-3.14","4.32","-0.96","-0.81","-13.79","0.32","-8.19","0.61","1.02","1.68","0.93","0.91","1.96","2.72","0.9","0.56","-1.05","0.22","0.11","-0.15","-0.91","0.31","1.21","1.16","0.06","-2.23","1.05","1","1.19","0.96","1.37","1.04",,"3.29","0.84","0.26",,"-8.96","-18.56","1.18",,"1.57","1.19","0.93",,"1.38","1.42","0.86",,"1.06","2.98","0.8",,"1.07","0.44","0.62",,"0.67","0.54","-0.29",,"1.1","0.54","0.71",,"0.83","0.69","0.59",,"0.69","0.58","0.49",,"0.62","0.54","0.46",,"0.51","0.4","0.28",,"0.39","0.65","0.57",,"0.49","0.56","0.49",,"0.55","0.46","0.41",,"0.44","0.38","0.34",,"0.38","0.09","0.3",,"0.32","0.27","0.25",,"0.26","0.22","0.21",,"0.21","0.18","0.23",,"0.19","0.17","0.16",,"0.17","0.14","0.15",,"0.17","0.14","0.14",,"0.16","0.14","0.14",,"0.13","0.13","0.12",,"0.11","0.11","0.1",,"0.08","0.08","0.08",,"0.06","0.06"
DilutedEPS,,"0.38","-0.74","1.07","-3.14","4.29","-0.96","-0.81","-13.79","0.32","-8.19","0.61","1.01","1.66","0.92","0.9","1.93","2.68","0.88","0.55","-1.05","0.21","0.1","-0.15","-0.91","0.3","1.19","1.14","0.06","-2.23","1.04","0.98","1.17","0.94","1.34","1.02",,"3.27","0.83","0.26",,"-8.96","-18.56","1.17",,"1.54","1.18","0.91",,"1.36","1.4","0.85",,"1.06","2.95","0.79",,"1.05","0.43","0.61",,"0.65","0.53","-0.29",,"1.08","0.53","0.7",,"0.82","0.68","0.58",,"0.68","0.57","0.49",,"0.61","0.54","0.46",,"0.51","0.4","0.28",,"0.38","0.64","0.56",,"0.48","0.55","0.48",,"0.54","0.45","0.4",,"0.44","0.37","0.33",,"0.37","0.09","0.29",,"0.32","0.27","0.25",,"0.26","0.22","0.21",,"0.21","0.18","0.23",,"0.19","0.17","0.16",,"0.17","0.14","0.15",,"0.17","0.14","0.14",,"0.16","0.14","0.14",,"0.13","0.13","0.12",,"0.11","0.11","0.1",,"0.08","0.08","0.08",,"0.06","0.06"
BasicAverageShares,,"250,270,000","252,400,000","254,670,000","254,490,000","254,320,000","254,130,000","253,630,000","253,510,000","255,090,000","258,710,000","267,000,000","268,590,000","275,660,000","281,370,000","284,440,000","285,640,000","285,380,000","284,870,000","283,830,000","141,160,000","140,880,000","140,530,000","138,980,000","138,050,000","138,864,000","138,295,000","137,917,000","140,760,000","140,637,000","143,279,000","145,338,000","145,953,000","146,735,000","148,047,000","149,854,000",,"155,039,000","155,360,000","155,227,000",,"155,061,000","155,045,000","154,844,000",,"154,378,000","154,393,000","154,215,000",,"152,784,000","151,835,000","151,539,000",,"151,485,000","151,577,181","150,750,000",,"167,289,720","172,272,727","174,354,839",,"171,343,284","172,962,963","190,689,655",,"185,000,000","184,259,259","185,352,113",,"189,759,036","189,130,435","187,118,644",,"186,086,957","186,379,310","188,367,347",,"170,483,871","172,037,037","171,739,130",,"170,784,314","170,500,000","170,357,143",,"168,205,128","167,692,308","167,791,000",,"167,959,184","160,000,000","159,795,918",,"158,181,818","158,695,652","156,829,268",,"157,045,455","154,210,526","154,705,882",,"151,052,632","155,555,556","110,666,667",,"112,500,000","112,592,593","110,800,000",,"102,692,308","104,090,909","103,809,524",,"103,333,333","101,666,667","100,434,783",,"98,947,368","100,588,235","100,625,000",,"94,705,882","100,000,000","96,000,000",,"97,647,059","97,142,857","97,857,143",,"93,125,000","96,428,571","93,571,429",,"93,538,000","96,024,000","95,868,000",,"92,948,000","92,702,000","91,754,000",,"91,754,000","91,526,000","83,772,000",,"82,492,000","82,492,000"
DilutedAverageShares,,"254,820,000","252,400,000","260,320,000","254,490,000","255,750,000","254,130,000","253,630,000","253,510,000","256,050,000","258,710,000","268,970,000","270,820,000","278,990,000","285,780,000","289,300,000","290,200,000","289,770,000","289,290,000","289,470,000","141,160,000","144,810,000","143,780,000","138,980,000","138,050,000","141,183,000","140,532,000","140,801,000","142,812,000","140,637,000","145,596,000","148,251,000","149,251,000","149,362,000","150,973,000","152,238,000",,"156,084,000","155,754,000","155,647,000",,"155,061,000","155,045,000","155,991,000",,"156,434,000","155,766,000","156,530,000",,"155,430,000","154,126,000","152,804,000",,"151,857,000","153,118,644","152,658,228",,"170,476,190","176,279,070","177,213,115",,"176,615,385","176,226,415","190,689,655",,"188,425,926","187,735,849","188,000,000",,"192,073,171","191,911,765","190,344,828",,"188,823,529","189,649,123","188,367,347",,"173,278,689","172,037,037","171,739,130",,"170,784,314","170,500,000","170,357,143",,"172,631,579","170,312,500","171,141,000",,"171,458,333","162,909,091","163,125,000",,"161,111,111","162,222,222","160,750,000",,"157,045,455","158,378,378","159,393,939",,"155,135,135","155,555,556","114,482,759",,"112,500,000","112,592,593","110,800,000",,"102,692,308","104,090,909","103,809,524",,"103,333,333","101,666,667","100,434,783",,"98,947,368","100,588,235","100,625,000",,"94,705,882","100,000,000","96,000,000",,"97,647,059","97,142,857","97,857,143",,"93,125,000","96,428,571","93,571,429",,"93,538,000","96,024,000","95,868,000",,"92,948,000","92,702,000","91,754,000",,"91,754,000","91,526,000","83,772,000",,"82,492,000","82,492,000"
TotalExpenses,"16,419,000,000","3,943,000,000","3,906,000,000","4,060,000,000","4,510,000,000","4,325,000,000","4,627,000,000","4,660,000,000","4,835,000,000","4,824,000,000","4,635,000,000","4,599,000,000","4,800,000,000","4,724,000,000","4,571,000,000","4,778,000,000","5,361,000,000","5,477,000,000","5,521,000,000","5,559,000,000","1,915,000,000","1,841,000,000","1,823,000,000","1,892,000,000","1,866,000,000","1,634,000,000","2,459,000,000","2,517,000,000","2,944,000,000","3,319,000,000","2,805,000,000","2,980,000,000","2,992,000,000","2,967,000,000","2,902,000,000","3,013,000,000","3,311,000,000","3,543,000,000","3,568,000,000","3,807,000,000","4,092,000,000","5,095,000,000","4,107,000,000","3,902,000,000","3,800,000,000","3,744,000,000","3,667,000,000","3,694,000,000","3,847,000,000","3,618,000,000","3,735,000,000","3,665,000,000","3,725,500,000","3,626,800,000","4,004,100,000","4,196,000,000","4,023,800,000","3,848,900,000","3,787,100,000","3,617,700,000","3,654,100,000","3,393,000,000","3,389,200,000","3,371,800,000","3,567,500,000","3,325,600,000","3,359,200,000","3,401,500,000","3,513,800,000","3,289,200,000","3,705,700,000","3,536,700,000","3,687,500,000","3,387,000,000","3,387,500,000","3,375,400,000","2,817,100,000","2,611,400,000","2,569,200,000","2,621,000,000","2,808,400,000","2,740,400,000","2,627,300,000","2,610,600,000","2,790,400,000","2,458,700,000","2,317,100,000","2,304,800,000","2,348,434,000","2,181,100,000","1,981,400,000","1,937,500,000","1,947,400,000","1,789,100,000","1,729,200,000","1,649,000,000","1,718,900,000","1,545,900,000","1,475,400,000","1,398,700,000","1,410,900,000","1,324,600,000","1,270,700,000","1,104,400,000","1,075,100,000","1,043,500,000","947,300,000","914,900,000","948,800,000","777,100,000","745,900,000","697,600,000","675,000,000","583,600,000","588,600,000","575,600,000","603,400,000","574,300,000","583,600,000","574,000,000","596,300,000","513,700,000","443,200,000","431,900,000","441,100,000","409,500,000","396,100,000","384,400,000","387,600,000","346,700,000","348,800,000","321,200,000",,,,,,,,,,,,,,,
NetIncomeFromContinuingAndDiscontinuedOperation,"-610,000,000","98,000,000","-188,000,000","278,000,000","-798,000,000","1,098,000,000","-244,000,000","-205,000,000","-3,495,000,000","82,000,000","-2,119,000,000","163,000,000","274,000,000","462,000,000","262,000,000","259,000,000","560,000,000","776,000,000","256,000,000","159,000,000","-148,000,000","31,000,000","15,000,000","-21,000,000","-119,000,000","43,000,000","167,000,000","160,000,000","9,000,000","-314,000,000","151,000,000","146,000,000","174,000,000","141,000,000","203,000,000","156,000,000","281,000,000","510,000,000","130,000,000","40,000,000","-158,000,000","-1,390,000,000","-2,877,000,000","183,000,000","171,000,000","242,000,000","184,000,000","143,000,000","259,000,000","211,000,000","216,000,000","131,000,000","382,300,000","160,600,000","451,700,000","120,600,000","181,700,000","179,000,000","75,800,000","108,100,000","235,800,000","114,800,000","93,400,000","-55,300,000","203,700,000","203,500,000","99,500,000","131,600,000","411,800,000","157,500,000","130,500,000","110,400,000","190,600,000","128,400,000","108,100,000","92,300,000","162,700,000","105,700,000","92,900,000","79,000,000","141,100,000","87,100,000","68,200,000","47,700,000","-37,400,000","65,600,000","109,000,000","96,000,000","142,872,000","82,300,000","89,600,000","78,300,000","116,800,000","87,000,000","73,000,000","64,300,000","80,100,000","69,100,000","58,600,000","52,600,000","75,700,000","57,400,000","14,000,000","33,200,000","47,600,000","36,000,000","30,400,000","27,700,000","39,200,000","26,700,000","22,900,000","21,800,000","32,800,000","21,700,000","18,300,000","18,200,000","26,100,000","18,800,000","17,100,000","16,100,000","23,700,000","16,100,000","14,000,000","14,400,000","21,000,000","16,600,000","13,600,000","13,700,000","24,000,000","14,900,000","13,500,000","13,100,000",,,,,,,,,,,,,,,
NormalizedIncome,"-323,110,000","123,788,000","133,204,000","90,470,000","-646,890,000","-319,660,000","-30,940,000","-141,352,000","272,359,067.939","172,043,000","-449,490,000","278,872,000","333,711,864.407","537,544,000","384,460,000","342,770,000","677,102,874.433","903,800,000","387,520,000","336,650,000","-40,994,652.406","33,220,000","30,000,000","13,200,000","-25,600,000","18,400,000","218,116,000","172,942,000","163,200,000","-305,012,000","166,946,000","161,430,000","216,625,954.198","153,513,000","150,140,000","142,788,000","346,500,000","140,644,000","160,052,000","63,400,000","-21,673,076.923","-1,322,253,129.346","-1,135,650,000","184,000,000","163,000,000","240,700,000","184,000,000","143,000,000","259,000,000","211,000,000","216,000,000","131,000,000","380,285,000","166,095,347.943","451,570,000","129,850,173.01","250,145,000","179,806,609.087","87,825,000","127,719,799.646","263,523,156.869","142,848,865.62","119,956,171.983","62,840,000","222,522,534.697","165,100,000","135,306,228.374","108,700,000","155,600,000","134,000,000","130,500,000","110,400,000","190,600,000","133,442,065.627","114,499,742.6","96,599,474.08","162,700,000","105,700,000","92,900,000","79,000,000","141,100,000","87,100,000","68,200,000","47,700,000","51,820,000","121,336,831.483","109,000,000","96,000,000","142,848,781.94","108,767,370.892","89,600,000","75,034,723.404","113,462,857.143","84,598,159.509","71,333,333.333","62,032,157.676","91,763,096.234","67,220,168.856","57,775,541.126","176,800,000","74,533,390.411","55,698,289.624","42,080,000","32,347,155.963","46,689,285.714","35,385,665.529","29,970,967.742","26,710,714.286","39,200,000","26,700,000","22,900,000","21,800,000","32,800,000","20,646,000","17,280,000","17,165,217.391","23,280,000","18,800,000","17,408,664.26","16,100,000","25,101,285.347","17,088,596.491","15,198,198.198","15,680,000","13,432,432.432","15,531,060.606","15,068,544.601","14,783,255.814","11,776,000","14,012,340.426","14,379,069.767","13,162,980.769",,,,,,,,,,,,,,,
InterestIncome,"73,000,000","15,000,000","16,000,000","20,000,000","22,000,000","28,000,000","25,000,000","23,000,000","35,000,000","33,000,000","67,000,000","30,000,000","36,000,000","27,000,000","33,000,000","32,000,000","30,000,000","27,000,000","16,000,000","16,000,000","9,000,000","8,000,000","8,000,000","10,000,000","12,000,000","8,000,000","7,000,000","11,000,000","6,000,000","4,000,000","5,000,000","5,000,000","5,000,000","4,000,000","3,000,000","4,000,000","8,000,000","4,000,000","5,000,000","5,000,000","6,000,000","8,000,000","12,000,000","12,000,000","12,000,000","8,000,000","9,000,000","8,000,000","7,000,000","6,000,000","7,000,000","7,000,000",,"12,100,000",,,,,,,,,,,,,,,,,,,,,,,,,,,,,,,,,,,,,,,,,,,,,,,,,,,,,,,,,,,,,,,,,,,,,,,,,,,,,,,,,,,,,,,,,,,,,
InterestExpense,"238,000,000","38,000,000","61,000,000","62,000,000","77,000,000","82,000,000","96,000,000","106,000,000","95,000,000","93,000,000","104,000,000","91,000,000","85,000,000","81,000,000","83,000,000","85,000,000","104,000,000","77,000,000","78,000,000","76,000,000","30,000,000","33,000,000","29,000,000","25,000,000","31,000,000","33,000,000","35,000,000","35,000,000","36,000,000","37,000,000","36,000,000","39,000,000","35,000,000","38,000,000","35,000,000","39,000,000","36,000,000","57,000,000","45,000,000","45,000,000","45,000,000","43,000,000","46,000,000","42,000,000","42,000,000","43,000,000","42,000,000","41,000,000","94,000,000","50,000,000","53,000,000","55,000,000",,"68,700,000",,,,,,,,,,,,,,,,,,,,,,,,,,,,,,,,,,,,,,,,,,,,,,,,,,,,,,,,,,,,,,,,,,,,,,,,,,,,,,,,,,,,,,,,,,,,,
NetInterestIncome,"-165,000,000","-23,000,000","-45,000,000","-42,000,000","-55,000,000","-54,000,000","-71,000,000","-83,000,000","-60,000,000","-60,000,000","-37,000,000","-61,000,000","-49,000,000","-54,000,000","-50,000,000","-53,000,000","-74,000,000","-50,000,000","-62,000,000","-60,000,000","-21,000,000","-25,000,000","-21,000,000","-15,000,000","-19,000,000","-25,000,000","-28,000,000","-24,000,000","-30,000,000","-33,000,000","-31,000,000","-34,000,000","-30,000,000","-34,000,000","-32,000,000","-35,000,000","-28,000,000","-53,000,000","-40,000,000","-40,000,000","-39,000,000","-35,000,000","-34,000,000","-30,000,000","-30,000,000","-35,000,000","-33,000,000","-33,000,000","-87,000,000","-44,000,000","-46,000,000","-48,000,000",,"-56,600,000",,,,,,,,,,,,,,,,,,,,,,,,,,,,,,,,,,,,,,,,,,,,,,,,,,,,,,,,,,,,,,,,,,,,,,,,,,,,,,,,,,,,,,,,,,,,,
EBIT,"-213,000,000","204,000,000","-187,000,000","486,000,000","-716,000,000","2,060,000,000","-210,000,000","-119,000,000","-3,467,000,000","220,000,000","-1,895,000,000","297,000,000","439,000,000","550,000,000","415,000,000","445,000,000","765,000,000","515,000,000","465,000,000","261,000,000","-157,000,000","83,000,000","28,000,000","-11,000,000","-156,000,000","111,000,000","211,000,000","263,000,000","-281,000,000","-381,000,000","281,000,000","253,000,000","297,000,000","259,000,000","251,000,000","245,000,000","136,000,000","212,000,000","247,000,000","119,000,000","-111,000,000","-1,395,000,000","-2,808,000,000","143,000,000","289,000,000","274,000,000","317,000,000","256,000,000","396,000,000","341,000,000","313,000,000","240,000,000","408,300,000","325,600,000","234,600,000","241,100,000","341,900,000","311,100,000","230,100,000","220,200,000","137,600,000","243,900,000","216,000,000","184,400,000","279,500,000","251,400,000","213,400,000","181,000,000","271,500,000","227,600,000","228,800,000","199,700,000","299,400,000","234,200,000","203,700,000","179,400,000","265,300,000","182,200,000","163,200,000","143,800,000","250,100,000","160,500,000","138,000,000","103,000,000","269,700,000","206,000,000","181,800,000","158,500,000","226,760,000","179,000,000","144,700,000","125,900,000","183,000,000","138,800,000","118,600,000","104,900,000","150,200,000","118,200,000","103,400,000","90,100,000","124,300,000","97,000,000","84,600,000","60,700,000","85,400,000","66,900,000","57,400,000","51,900,000","69,200,000","50,800,000","42,600,000","40,500,000","55,900,000","37,800,000","33,700,000","32,500,000","46,900,000","34,100,000","32,400,000","31,100,000","48,700,000","30,900,000","24,200,000","24,500,000","35,200,000","24,700,000","23,700,000","23,200,000","30,100,000","22,200,000","22,900,000","20,900,000","-856,400,000","345,500,000","299,500,000","299,300,000","-765,500,000","287,300,000","281,300,000","274,600,000","-677,200,000","257,500,000","249,400,000","234,000,000","-553,400,000","204,900,000","209,300,000"
EBITDA,"1,578,000,000"
ReconciledCostOfRevenue,"13,064,000,000","3,173,000,000","3,084,000,000","3,250,000,000","3,557,000,000","3,327,000,000","3,559,000,000","3,625,000,000","3,768,000,000","3,823,000,000","3,674,000,000","3,618,000,000","3,832,000,000","3,721,000,000","3,509,000,000","3,829,000,000","4,281,000,000","4,519,000,000","4,308,000,000","4,786,000,000","1,412,000,000","1,344,000,000","1,360,000,000","1,418,000,000","1,456,000,000","1,179,000,000","1,970,000,000","2,026,000,000","2,433,000,000","2,530,000,000","2,207,000,000","2,364,000,000","2,411,000,000","2,362,000,000","2,339,000,000","2,466,000,000","2,688,000,000","2,983,000,000","2,986,000,000","3,237,000,000","3,524,000,000","4,498,000,000","3,481,000,000","3,351,000,000","3,306,000,000","3,215,000,000","3,161,000,000","3,176,000,000","3,315,000,000","3,084,000,000","3,196,000,000","3,143,000,000","3,160,200,000","3,059,600,000","3,377,500,000","3,578,900,000","3,526,600,000","3,247,600,000","3,216,400,000","3,073,500,000","3,164,300,000","2,866,300,000","2,854,000,000","2,845,100,000","3,029,800,000","2,858,700,000","2,835,500,000","2,900,100,000","3,011,800,000","2,799,200,000","3,220,000,000","3,034,200,000","3,188,200,000","2,901,400,000","2,944,900,000","2,914,500,000","2,398,200,000","2,235,000,000","2,191,300,000","2,233,000,000","2,420,100,000","2,344,800,000","2,229,100,000","2,228,800,000","2,394,700,000","2,087,100,000","1,974,500,000","1,968,800,000","1,998,844,000","1,835,300,000","1,676,500,000","1,635,600,000","1,644,400,000","1,496,100,000","1,451,200,000","1,382,100,000","1,444,900,000","1,301,900,000","1,231,200,000","1,171,300,000","1,189,700,000","1,112,800,000","1,068,100,000","943,500,000","908,400,000","863,700,000","803,200,000","774,400,000","808,200,000","661,800,000","631,900,000","583,700,000","570,300,000","494,200,000","507,800,000","483,800,000","498,900,000","489,300,000","498,600,000","490,800,000","397,300,000","479,900,000","425,900,000","415,300,000","424,500,000","392,900,000","380,700,000","369,400,000","371,600,000","333,100,000","335,300,000","309,400,000",,,,,,,,,,,,,,,
ReconciledDepreciation,"1,791,000,000","430,000,000","452,000,000","427,000,000","482,000,000","481,000,000","529,000,000","496,000,000","531,000,000","483,000,000","472,000,000","474,000,000","509,000,000","512,000,000","493,000,000","509,000,000","627,000,000","483,000,000","541,000,000","363,000,000","155,000,000","164,000,000","170,000,000","169,000,000","159,000,000","198,000,000","203,000,000","207,000,000","215,000,000","238,000,000","252,000,000","272,000,000","265,000,000","251,000,000","247,000,000","255,000,000","292,000,000","282,000,000","281,000,000","279,000,000","279,000,000","322,000,000","319,000,000","292,000,000","283,000,000","286,000,000","294,000,000","277,000,000","278,000,000","301,000,000","294,000,000","283,000,000","283,100,000","306,000,000","341,300,000","339,600,000","292,100,000","361,100,000","329,600,000","303,600,000","255,400,000","298,800,000","308,700,000","299,100,000","316,100,000","259,200,000","315,900,000","296,300,000","296,300,000","291,100,000","284,100,000","274,000,000","262,600,000","280,600,000","242,700,000","252,200,000","226,500,000","208,800,000","215,800,000","206,400,000","213,800,000","218,900,000","215,400,000","209,500,000","179,500,000","165,600,000","161,400,000","142,800,000","151,923,000","153,200,000","126,000,000","114,600,000","122,500,000","113,100,000","105,300,000","104,100,000","103,600,000","98,600,000","95,900,000","88,800,000","91,500,000","89,200,000","86,300,000","66,200,000","75,600,000","64,400,000","57,500,000","54,600,000","53,000,000","41,800,000","39,900,000","37,900,000","37,300,000","33,300,000","30,000,000","30,100,000","33,700,000","29,800,000","28,300,000","26,900,000","33,200,000","27,600,000","11,000,000","9,900,000","11,000,000","10,900,000","9,500,000","8,800,000","10,200,000","8,900,000","8,300,000","6,600,000",,,,,,,,,,,,,,,
NetIncomeFromContinuingOperationNetMinorityInterest,"-610,000,000","98,000,000","-188,000,000","278,000,000","-798,000,000","1,098,000,000","-244,000,000","-205,000,000","-3,495,000,000","82,000,000","-2,119,000,000","163,000,000","274,000,000","462,000,000","262,000,000","224,000,000","560,000,000","776,000,000","256,000,000","159,000,000","-148,000,000","31,000,000","15,000,000","-21,000,000","-94,000,000","13,000,000","167,000,000","160,000,000","9,000,000","-314,000,000","172,000,000","154,000,000","177,000,000","146,000,000","140,000,000","138,000,000","236,000,000","120,000,000","130,000,000","40,000,000","-158,000,000","-1,392,000,000","-2,877,000,000","184,000,000","137,000,000","242,000,000","184,000,000","143,000,000","259,000,000","211,000,000","216,000,000","131,000,000","382,300,000","160,600,000","451,700,000","120,600,000","181,700,000","179,000,000","75,800,000","108,100,000","235,800,000","114,800,000","93,400,000","-55,300,000","203,700,000","165,100,000","99,500,000","108,700,000","155,600,000","134,000,000","130,500,000","110,400,000","190,600,000","128,400,000","108,100,000","92,300,000","162,700,000","105,700,000","92,900,000","79,000,000","141,100,000","87,100,000","68,200,000","47,700,000","-37,400,000","65,600,000","109,000,000","96,000,000","142,872,000","82,300,000","89,600,000","78,300,000","116,800,000","87,000,000","73,000,000","64,300,000","80,100,000","69,100,000","58,600,000","52,600,000","75,700,000","57,400,000","14,000,000","33,200,000","47,600,000","36,000,000","30,400,000","27,700,000","39,200,000","26,700,000","22,900,000","21,800,000","32,800,000","21,700,000","18,300,000","18,200,000","26,100,000","18,800,000","17,100,000","16,100,000","23,700,000","16,100,000","14,000,000","14,400,000","21,000,000","16,600,000","13,600,000","13,700,000","24,000,000","14,900,000","13,500,000","13,100,000",,,,,,,,,,,,,,,
TotalUnusualItemsExcludingGoodwill,"-393,000,000","-42,000,000","-426,000,000","282,000,000","-207,000,000","1,942,000,000","-265,000,000","-72,000,000","-3,833,000,000","-127,000,000","-2,287,000,000","-142,000,000","-78,000,000","-76,000,000","-157,000,000","-185,000,000","-137,000,000","-213,000,000","-192,000,000","-190,000,000","-145,000,000","-3,000,000","-25,000,000","-57,000,000","-114,000,000","-9,000,000","-52,000,000","-18,000,000","-257,000,000","-12,000,000","7,000,000","-10,000,000","-58,000,000","-11,000,000","-15,000,000","-7,000,000","-170,000,000","-26,000,000","-44,000,000","-36,000,000","-139,000,000","-72,000,000","-2,679,000,000","5,000,000","-40,000,000","2,000,000",,,,,,,"3,100,000","-8,900,000","200,000","-13,300,000","-105,300,000","-1,200,000","-18,500,000","-30,800,000","-36,200,000","-42,000,000","-41,000,000","-196,900,000","-25,300,000",,"-52,000,000",,,,,,"0","-7,300,000","-9,200,000","-6,200,000",,,,,,,,,"-148,700,000","-84,200,000",,,"35,000","-41,100,000",,"4,900,000","5,000,000","3,600,000","2,500,000","3,400,000","-17,400,000","2,900,000","1,300,000","-207,000,000","1,800,000","2,600,000","-46,800,000","1,400,000","1,500,000","1,000,000","700,000","1,600,000",,,,,,"1,700,000","1,700,000","1,700,000","4,700,000",,"-500,000",,"-2,300,000","-1,400,000","-1,900,000","-2,000,000","12,000,000","1,700,000","-2,300,000","-1,700,000","19,100,000","1,400,000","-1,400,000","-100,000",,,,,,,,,,,,,,,
TotalUnusualItems,"-393,000,000","-42,000,000","-426,000,000","282,000,000","-207,000,000","1,942,000,000","-265,000,000","-72,000,000","-3,833,000,000","-127,000,000","-2,287,000,000","-142,000,000","-78,000,000","-76,000,000","-157,000,000","-185,000,000","-137,000,000","-213,000,000","-192,000,000","-190,000,000","-145,000,000","-3,000,000","-25,000,000","-57,000,000","-114,000,000","-9,000,000","-52,000,000","-18,000,000","-257,000,000","-12,000,000","7,000,000","-10,000,000","-58,000,000","-11,000,000","-15,000,000","-7,000,000","-170,000,000","-26,000,000","-44,000,000","-36,000,000","-139,000,000","-72,000,000","-2,679,000,000","5,000,000","-40,000,000","2,000,000",,,,,,,"3,100,000","-8,900,000","200,000","-13,300,000","-105,300,000","-1,200,000","-18,500,000","-30,800,000","-36,200,000","-42,000,000","-41,000,000","-196,900,000","-25,300,000",,"-52,000,000",,,,,,"0","-7,300,000","-9,200,000","-6,200,000",,,,,,,,,"-148,700,000","-84,200,000",,,"35,000","-41,100,000",,"4,900,000","5,000,000","3,600,000","2,500,000","3,400,000","-17,400,000","2,900,000","1,300,000","-207,000,000","1,800,000","2,600,000","-46,800,000","1,400,000","1,500,000","1,000,000","700,000","1,600,000",,,,,,"1,700,000","1,700,000","1,700,000","4,700,000",,"-500,000",,"-2,300,000","-1,400,000","-1,900,000","-2,000,000","12,000,000","1,700,000","-2,300,000","-1,700,000","19,100,000","1,400,000","-1,400,000","-100,000",,,,,,,,,,,,,,,
NormalizedEBITDA,"1,971,000,000","676,000,000","691,000,000","631,000,000","-27,000,000","599,000,000","584,000,000","449,000,000","897,000,000","830,000,000","864,000,000","913,000,000","1,026,000,000","1,138,000,000","1,065,000,000","1,139,000,000","1,529,000,000","1,211,000,000","1,198,000,000","814,000,000","143,000,000","250,000,000","223,000,000","215,000,000","117,000,000","318,000,000","466,000,000","488,000,000","191,000,000","-131,000,000","526,000,000","535,000,000","620,000,000","521,000,000","514,000,000","507,000,000","598,000,000","520,000,000","572,000,000","434,000,000","310,000,000","-1,001,000,000","190,000,000","435,000,000","612,000,000","558,000,000","611,000,000","533,000,000","674,000,000","642,000,000","607,000,000","523,000,000","688,300,000","640,500,000","575,700,000","594,000,000","767,500,000","673,400,000","578,200,000","554,600,000","458,200,000","584,700,000","565,700,000","680,400,000","620,900,000","519,300,000","581,300,000","477,300,000","567,800,000","518,700,000","512,900,000","473,700,000","563,800,000","522,100,000","455,600,000","437,800,000","491,800,000","391,000,000","379,000,000","350,500,000","480,100,000","379,400,000","354,700,000","312,500,000","597,900,000","455,800,000","343,200,000","301,300,000","378,648,000","373,300,000","270,700,000","235,600,000","300,500,000","248,300,000","221,400,000","205,600,000","271,200,000","213,900,000","198,100,000","385,900,000","214,000,000","183,600,000","217,700,000","125,500,000","159,500,000","130,300,000","114,200,000","104,900,000","122,200,000","92,600,000","82,500,000","78,400,000","93,200,000","69,400,000","62,000,000","60,900,000","75,900,000","63,900,000","61,200,000","58,000,000","84,200,000","59,900,000","37,100,000","36,400,000","34,200,000","33,900,000","35,500,000","33,700,000","21,200,000","29,700,000","32,600,000","27,600,000","-856,400,000","345,500,000","299,500,000","299,300,000","-765,500,000","287,300,000","281,300,000","274,600,000","-677,200,000","257,500,000","249,400,000","234,000,000","-553,400,000","204,900,000","209,300,000"
TaxRateForCalcs,"0.27","0.386","0.246","0.335","0.27","0.27","0.196","0.116","0.017","0.291","0.27","0.184","0.234","0.006","0.22","0.358","0.145","0.4","0.315","0.065","0.262","0.26","0.4","0.4","0.4","0.4","0.017","0.281","0.4","0.251","0.278","0.257","0.317","0.317","0.324","0.316","0.35","0.206","0.317","0.35","0.019","0.031","0.35","0.35","0.35","0.35","0.298","0.312","0.126","0.258","0.15","0.281","0.35","0.383","0.35","0.304","0.35","0.328","0.35","0.363","0.234","0.332","0.352","0.4","0.256","0.314","0.311","0.33","0.312","0.299","0.316","0.322","0.301","0.309","0.304","0.307","0.272","0.284","0.283","0.29","0.308","0.307","0.307","0.308","0.4","0.338","0.33","0.34","0.337","0.356","0.335","0.334","0.333","0.333","0.333","0.333","0.33","0.352","0.366","0.4","0.352","0.345","0.4","0.391","0.393","0.386","0.387","0.382","0.326","0.383","0.381","0.381","0.38","0.38","0.4","0.391","0.4","0.384","0.383","0.385","0.391","0.294","0.369","0.36","0.369","0.371","0.362","0.363","0.36","0.366","0.372","0.37",,,,,,,,,,,,,,,
TaxEffectOfUnusualItems,"-106,110,000","-16,212,000","-104,796,000","94,470,000","-55,890,000","524,340,000","-51,940,000","-8,352,000","-65,640,932.061","-36,957,000","-617,490,000","-26,128,000","-18,288,135.593","-456,000","-34,540,000","-66,230,000","-19,897,125.567","-85,200,000","-60,480,000","-12,350,000","-37,994,652.406","-780,000","-10,000,000","-22,800,000","-45,600,000","-3,600,000","-884,000","-5,058,000","-102,800,000","-3,012,000","1,946,000","-2,570,000","-18,374,045.802","-3,487,000","-4,860,000","-2,212,000","-59,500,000","-5,356,000","-13,948,000","-12,600,000","-2,673,076.923","-2,253,129.346","-937,650,000","0","-14,000,000","700,000","0","0","0","0","0","0","1,085,000","-3,404,652.057","70,000","-4,049,826.99","-36,855,000","-393,390.913","-6,475,000","-11,180,200.354","-8,476,843.131","-13,951,134.38","-14,443,828.017","-78,760,000","-6,477,465.303","0","-16,193,771.626","0","0","0","0","0","0","-2,257,934.373","-2,800,257.4","-1,900,525.92","0","0","0","0","0","0","0","0","-59,480,000","-28,463,168.517","0","0","11,781.94","-14,632,629.108","0","1,634,723.404","1,662,857.143","1,198,159.509","833,333.333","1,132,157.676","-5,736,903.766","1,020,168.856","475,541.126","-82,800,000","633,390.411","898,289.624","-18,720,000","547,155.963","589,285.714","385,665.529","270,967.742","610,714.286","0","0","0","0","0","646,000","680,000","665,217.391","1,880,000","0","-191,335.74","0","-898,714.653","-411,403.509","-701,801.802","-720,000","4,432,432.432","631,060.606","-831,455.399","-616,744.186","6,876,000","512,340.426","-520,930.233","-37,019.231",,,,,,,,,,,,,,,