name,ttm,12/31/2021,09/30/2021,06/30/2021,03/31/2021,12/31/2020,09/30/2020,06/30/2020,03/31/2020,12/31/2019,09/30/2019,06/30/2019,03/31/2019,12/31/2018,09/30/2018,06/30/2018,03/31/2018,12/31/2017,09/30/2017,06/30/2017,03/31/2017,12/31/2016,09/30/2016,06/30/2016,03/31/2016,12/31/2015,09/30/2015,06/30/2015,03/31/2015,12/31/2014,09/30/2014,06/30/2014,03/31/2014,12/31/2013,09/30/2013,06/30/2013,03/31/2013,12/31/2012,09/30/2012,06/30/2012,03/31/2012,12/31/2011,09/30/2011,06/30/2011,03/31/2011,12/31/2010,09/30/2010,06/30/2010,03/31/2010,12/31/2009,09/30/2009,06/30/2009,03/31/2009,12/31/2008,09/30/2008,06/30/2008,03/31/2008,12/31/2007,09/30/2007,06/30/2007,03/31/2007,12/31/2006,09/30/2006,06/30/2006,03/31/2006,12/31/2005,09/30/2005,06/30/2005,03/31/2005,12/31/2004,09/30/2004,06/30/2004,03/31/2004,12/31/2003,09/30/2003,06/30/2003,03/31/2003,12/31/2002,09/30/2002,06/30/2002,03/31/2002,12/31/2001,09/30/2001,06/30/2001,03/31/2001,12/31/2000,09/30/2000,06/30/2000,03/31/2000,12/31/1999,09/30/1999,06/30/1999,03/31/1999,12/31/1998,09/30/1998,06/30/1998,03/31/1998
TotalRevenue,"10,420,000,000","2,613,000,000","2,501,000,000","2,668,000,000","3,023,000,000","2,868,000,000","2,606,000,000","2,865,000,000","2,374,000,000","2,821,000,000","2,649,000,000","2,687,000,000","2,643,000,000","2,877,000,000","2,649,000,000","2,640,000,000","2,580,000,000","2,613,000,000","2,409,000,000","2,328,000,000","2,217,000,000","2,395,000,000","2,217,000,000","2,230,000,000","2,137,000,000","2,322,000,000","2,099,000,000","4,379,000,000","4,448,000,000","4,921,000,000","4,353,000,000","4,366,000,000","4,262,000,000","4,530,000,000","3,892,000,000","3,877,000,000","3,748,000,000","3,993,000,000","3,404,000,000","3,398,000,000","3,277,000,000","3,380,010,000","2,965,761,000","2,760,274,000","2,545,609,000","2,495,350,000","2,249,488,000","2,215,379,000","2,196,057,000","2,370,932,000","2,237,852,000","2,097,992,000","2,020,586,000","2,035,846,000","2,117,531,000","2,195,661,000","2,192,223,000","2,180,606,000","1,889,220,000","1,834,429,000","1,768,074,000","1,719,901,000","1,448,637,000","1,410,784,000","1,390,419,000","1,328,859,000","1,105,515,000","1,086,303,000","1,031,724,000","935,782,000","805,876,000","773,412,000","756,239,000","648,393,000","530,942,000","509,269,000","476,492,000","413,928,000","288,779,000","266,287,000","245,106,000","219,401,000","194,425,000","180,905,000","154,090,000","134,008,000","113,377,000","97,399,000","85,753,000","73,900,000","58,500,000","49,500,000","34,000,000","19,500,000","12,900,000","8,900,000","6,000,000"
	OperatingRevenue,"10,420,000,000","2,613,000,000","2,501,000,000","2,668,000,000","3,023,000,000","2,868,000,000","2,606,000,000","2,865,000,000","2,374,000,000","2,821,000,000","2,649,000,000","2,687,000,000","2,643,000,000","2,877,000,000","2,649,000,000","2,640,000,000","2,580,000,000","2,613,000,000","2,409,000,000","2,328,000,000","2,217,000,000","2,395,000,000","2,217,000,000","2,230,000,000","2,137,000,000","2,322,000,000","2,099,000,000","4,379,000,000","4,448,000,000","4,921,000,000","4,353,000,000","4,366,000,000","4,262,000,000","4,530,000,000","3,892,000,000","3,877,000,000","3,748,000,000","3,993,000,000","3,404,000,000","3,398,000,000","3,277,000,000","3,380,010,000","2,965,761,000","2,760,274,000","2,545,609,000","2,495,350,000","2,249,488,000","2,215,379,000","2,196,057,000","2,370,932,000","2,237,852,000","2,097,992,000","2,020,586,000","2,035,846,000","2,117,531,000","2,195,661,000","2,192,223,000","2,180,606,000","1,889,220,000","1,834,429,000","1,768,074,000","1,719,901,000","1,448,637,000","1,410,784,000","1,390,419,000","1,328,859,000","1,105,515,000","1,086,303,000","1,031,724,000","935,782,000","805,876,000","773,412,000","756,239,000","648,393,000","530,942,000","509,269,000","476,492,000","413,928,000","288,779,000","266,287,000","245,106,000","219,401,000","194,425,000","180,905,000","154,090,000","134,008,000","113,377,000","97,399,000","85,753,000","73,900,000","58,500,000","49,500,000","34,000,000","19,500,000","12,900,000","8,900,000","6,000,000"
CostOfRevenue,"2,650,000,000","694,000,000","678,000,000","672,000,000","823,000,000","742,000,000","656,000,000","598,000,000","526,000,000","650,000,000","627,000,000","630,000,000","601,000,000","618,000,000","608,000,000","597,000,000","559,000,000","590,000,000","556,000,000","561,000,000","515,000,000","539,000,000","498,000,000","493,000,000","477,000,000","493,000,000","433,000,000","1,348,000,000","1,450,000,000","1,600,000,000","1,389,000,000","1,392,000,000","1,351,000,000","1,449,000,000","1,224,000,000","1,211,000,000","1,152,000,000","1,224,000,000","1,022,000,000","987,000,000","983,000,000","1,034,432,000","919,697,000","773,462,000","728,978,000","702,473,000","640,268,000","615,371,000","606,555,000","670,695,000","643,908,000","591,773,000","573,386,000","579,591,000","560,963,000","562,103,000","525,412,000","505,973,000","446,521,000","416,789,000","393,689,000","370,028,000","315,717,000","292,479,000","278,568,000","239,520,000","200,375,000","191,840,000","186,369,000","176,405,000","157,121,000","146,531,000","134,358,000","115,457,000","109,353,000","99,150,000","92,098,000","82,664,000","45,374,000","44,561,000","41,277,000","39,989,000","34,953,000","32,872,000","27,002,000","13,308,000","9,027,000","14,411,000","14,277,000","5,900,000","15,600,000","5,700,000","3,100,000","1,800,000","700,000","200,000",
GrossProfit,"7,770,000,000","1,919,000,000","1,823,000,000","1,996,000,000","2,200,000,000","2,126,000,000","1,950,000,000","2,267,000,000","1,848,000,000","2,171,000,000","2,022,000,000","2,057,000,000","2,042,000,000","2,259,000,000","2,041,000,000","2,043,000,000","2,021,000,000","2,023,000,000","1,853,000,000","1,767,000,000","1,702,000,000","1,856,000,000","1,719,000,000","1,737,000,000","1,660,000,000","1,829,000,000","1,666,000,000","3,031,000,000","2,998,000,000","3,321,000,000","2,964,000,000","2,974,000,000","2,911,000,000","3,081,000,000","2,668,000,000","2,666,000,000","2,596,000,000","2,769,000,000","2,382,000,000","2,411,000,000","2,294,000,000","2,345,578,000","2,046,064,000","1,986,812,000","1,816,631,000","1,792,877,000","1,609,220,000","1,600,008,000","1,589,502,000","1,700,237,000","1,593,944,000","1,506,219,000","1,447,200,000","1,456,255,000","1,556,568,000","1,633,558,000","1,666,811,000","1,674,633,000","1,442,699,000","1,417,640,000","1,374,385,000","1,349,873,000","1,132,920,000","1,118,305,000","1,111,851,000","1,089,339,000","905,140,000","894,463,000","845,355,000","759,377,000","648,755,000","626,881,000","621,881,000","532,936,000","421,589,000","410,119,000","384,394,000","331,264,000","243,405,000","221,726,000","203,829,000","179,412,000","159,472,000","148,033,000","127,088,000","120,700,000","104,350,000","82,988,000","71,476,000","68,000,000","42,900,000","43,800,000","30,900,000","17,700,000","12,200,000","8,700,000",
OperatingExpense,"4,847,000,000","1,231,000,000","1,161,000,000","1,264,000,000","1,358,000,000","1,449,000,000","1,271,000,000","1,446,000,000","1,219,000,000","1,552,000,000","1,490,000,000","1,496,000,000","1,433,000,000","1,578,000,000","1,485,000,000","1,637,000,000","1,442,000,000","1,360,000,000","1,275,000,000","1,289,000,000","1,156,000,000","1,218,000,000","1,177,000,000","1,206,000,000","1,046,000,000","1,167,000,000","1,088,000,000","2,290,000,000","2,266,000,000","2,260,000,000","2,183,000,000","2,180,000,000","2,033,000,000","2,059,000,000","1,869,000,000","1,916,000,000","1,796,000,000","1,896,000,000","1,715,000,000","1,716,000,000","1,641,000,000","1,592,470,000","1,509,476,000","1,468,013,000","1,252,126,000","1,201,656,000","1,116,039,000","1,106,580,000","1,092,324,000","1,519,615,000","1,138,330,000","1,076,877,000","1,017,825,000","953,673,000","1,032,493,000","1,088,191,000","1,114,034,000","1,048,493,000","2,380,392,000","960,734,000","906,558,000","899,988,000","793,887,000","806,891,000","789,227,000","718,928,000","548,404,000","515,477,000","509,781,000","474,654,000","394,842,000","373,023,000","355,133,000","329,794,000","265,717,000","288,036,000","236,250,000","217,341,000","153,288,000","142,285,000","133,113,000","137,794,000","126,823,000","112,579,000","96,383,000","93,850,000","89,427,000","73,434,000","71,024,000","67,600,000","47,700,000","44,000,000","21,300,000","16,100,000","10,500,000","7,600,000",
	SellingGeneralAndAdministration,"3,091,000,000","775,000,000","715,000,000","809,000,000","945,000,000","1,057,000,000","918,000,000","1,036,000,000","841,000,000","1,152,000,000","1,089,000,000","1,091,000,000","1,051,000,000","1,190,000,000","1,100,000,000","1,206,000,000","1,026,000,000","954,000,000","881,000,000","904,000,000","807,000,000","857,000,000","824,000,000","840,000,000","747,000,000","855,000,000","772,000,000","1,519,000,000","1,459,000,000","1,420,000,000","1,365,000,000","1,375,000,000","1,270,000,000","1,298,000,000","1,170,000,000","1,190,000,000","1,105,000,000","1,229,000,000","1,095,000,000","1,107,000,000","1,049,000,000","1,017,809,000","959,915,000","999,205,000","826,157,000","817,643,000","745,315,000","740,336,000","722,904,000","1,146,823,000","763,638,000","721,998,000","671,607,000","362,569,000","788,931,000","846,482,000","882,440,000","825,864,000","772,687,000","761,246,000","721,611,000","737,053,000","622,008,000","620,923,000","615,912,000","560,189,000","438,033,000","416,484,000","407,738,000","385,157,000","313,026,000","292,090,000","283,326,000","268,770,000","210,646,000","204,092,000","186,760,000","172,078,000","127,360,000","116,400,000","105,597,000","102,800,000","93,873,000","85,721,000","76,864,000","67,923,000","58,478,000","51,099,000","49,734,000","42,500,000","39,000,000","33,000,000","17,100,000","12,500,000","7,600,000","5,700,000",
		GeneralAndAdministrativeExpense,"921,000,000","206,000,000","219,000,000","250,000,000","258,000,000","253,000,000","258,000,000","320,000,000","234,000,000","323,000,000","283,000,000","274,000,000","309,000,000","245,000,000","248,000,000","368,000,000","270,000,000","265,000,000","254,000,000","267,000,000","245,000,000","249,000,000","224,000,000","218,000,000","209,000,000","260,000,000","207,000,000","683,000,000","665,000,000","475,000,000","442,000,000","461,000,000","465,000,000","461,000,000","415,000,000","419,000,000","408,000,000","436,000,000","369,000,000","390,000,000","372,000,000","345,987,000","336,606,000","391,251,000","293,478,000","278,878,000","261,662,000","262,100,000","276,743,000","620,423,000","272,177,000","257,498,000","268,291,000",,,,,,,,,,,,,,,,,,,,,,,,,,,,,,,,,,,,,,,,,,,,
			SalariesAndWages,,,,,,,,,,,,,,,,,,,,,,,,,,,,,,,,,,,,,,,,"717,000,000","677,000,000","671,822,000","623,309,000","607,954,000","532,679,000",,,,,,,,,,,,,,,,,,,,,,,,,,,,,,,,,,,,,,,,,,,,,,,,,,,,
			OtherGandA,"921,000,000","206,000,000","219,000,000","250,000,000","258,000,000","253,000,000","258,000,000","320,000,000","234,000,000","323,000,000","283,000,000","274,000,000","309,000,000","245,000,000","248,000,000","368,000,000","270,000,000","265,000,000","254,000,000","267,000,000","245,000,000","249,000,000","224,000,000","218,000,000","209,000,000","260,000,000","207,000,000","683,000,000","665,000,000","475,000,000","442,000,000","461,000,000","465,000,000","461,000,000","415,000,000","419,000,000","408,000,000","436,000,000","369,000,000","390,000,000","372,000,000","345,987,000","336,606,000","391,251,000","293,478,000","278,878,000","261,662,000","262,100,000","276,743,000","620,423,000","272,177,000","257,498,000","268,291,000",,,,,,,,,,,,,,,,,,,,,,,,,,,,,,,,,,,,,,,,,,,,
		SellingAndMarketingExpense,"2,170,000,000","569,000,000","496,000,000","559,000,000","687,000,000","804,000,000","660,000,000","716,000,000","607,000,000","829,000,000","806,000,000","817,000,000","742,000,000","945,000,000","852,000,000","838,000,000","756,000,000","689,000,000","627,000,000","637,000,000","562,000,000","608,000,000","600,000,000","622,000,000","538,000,000","595,000,000","565,000,000","836,000,000","794,000,000","945,000,000","923,000,000","914,000,000","805,000,000","837,000,000","755,000,000","771,000,000","697,000,000","793,000,000","726,000,000","717,000,000","677,000,000","671,822,000","623,309,000","607,954,000","532,679,000","538,765,000","483,653,000","478,236,000","446,161,000","526,400,000","491,461,000","464,500,000","403,316,000",,,,,,,,,,,,,,,,,,,,,,,,,,,,,,,,,,,,,,,,,,,,
	ResearchAndDevelopment,"1,325,000,000","337,000,000","334,000,000","350,000,000","318,000,000","299,000,000","287,000,000","308,000,000","267,000,000","308,000,000","313,000,000","322,000,000","297,000,000","292,000,000","307,000,000","352,000,000","334,000,000","317,000,000","316,000,000","313,000,000","278,000,000","292,000,000","288,000,000","295,000,000","239,000,000","229,000,000","241,000,000","485,000,000","485,000,000","509,000,000","511,000,000","500,000,000","480,000,000","450,000,000","433,000,000","451,000,000","434,000,000","416,000,000","389,000,000","394,000,000","374,000,000","344,250,000","318,902,000","297,035,000","274,782,000","246,175,000","226,803,000","225,317,000","210,139,000","197,944,000","205,207,000","198,403,000","201,516,000","171,207,000","190,842,000","186,791,000","176,760,000","169,316,000","164,879,000","147,934,000","137,598,000","131,246,000","120,405,000","123,972,000","119,070,000","103,882,000","78,881,000","71,639,000","73,789,000","64,568,000","63,403,000","59,978,000","52,698,000","46,427,000","39,737,000","38,819,000","34,332,000","31,820,000","24,163,000","24,346,000","24,307,000","21,723,000","20,177,000","17,651,000","15,737,000","14,142,000","15,783,000","11,929,000","11,119,000","9,300,000","6,900,000","5,500,000","1,900,000","1,500,000","1,500,000","1,000,000",
	DepreciationAmortizationDepletionIncomeStatement,"9,000,000","0","0","2,000,000","7,000,000","7,000,000","6,000,000","9,000,000","9,000,000","11,000,000","12,000,000","12,000,000","13,000,000","13,000,000","13,000,000","13,000,000","10,000,000","10,000,000","10,000,000","9,000,000","9,000,000","10,000,000","9,000,000","7,000,000","8,000,000","11,000,000","10,000,000","24,000,000","58,000,000","58,000,000","58,000,000","73,000,000","79,000,000","73,000,000","81,000,000","82,000,000","82,000,000","84,000,000","83,000,000","84,000,000","84,000,000","85,396,000","84,605,000","53,276,000","44,096,000","41,623,000","45,957,000","48,895,000","53,252,000","62,620,000","72,803,000","63,795,000","63,468,000","72,444,000","52,720,000","54,918,000","54,834,000","53,313,000","51,888,000","51,554,000","47,349,000","31,687,000","51,474,000","61,996,000","51,921,000","51,425,000","29,199,000","25,794,000","22,523,000","19,739,000","16,456,000","15,769,000","13,963,000","12,991,000","13,824,000","11,976,000","11,868,000","12,064,000","1,239,000","1,108,000","1,530,000","12,390,000","12,024,000","8,822,000","3,355,000","11,200,000","15,149,000","9,572,000","9,270,000","15,800,000","1,800,000","5,500,000","2,300,000","2,100,000","1,400,000","900,000",
		DepreciationAndAmortizationInIncomeStatement,"9,000,000","0","0","2,000,000","7,000,000","7,000,000","6,000,000","9,000,000","9,000,000","11,000,000","12,000,000","12,000,000","13,000,000","13,000,000","13,000,000","13,000,000","10,000,000","10,000,000","10,000,000","9,000,000","9,000,000","10,000,000","9,000,000","7,000,000","8,000,000","11,000,000","10,000,000","24,000,000","58,000,000","58,000,000","58,000,000","73,000,000","79,000,000","73,000,000","81,000,000","82,000,000","82,000,000","84,000,000","83,000,000","84,000,000","84,000,000","85,396,000","84,605,000","53,276,000","44,096,000","41,623,000","45,957,000","48,895,000","53,252,000","62,620,000","72,803,000","63,795,000","63,468,000","72,444,000","52,720,000","54,918,000","54,834,000","53,313,000","51,888,000","51,554,000","47,349,000","31,687,000","51,474,000","61,996,000","51,921,000","51,425,000","29,199,000","25,794,000","22,523,000","19,739,000","16,456,000","15,769,000","13,963,000","12,991,000","13,824,000","11,976,000","11,868,000","12,064,000","1,239,000","1,108,000","1,530,000","12,390,000","12,024,000","8,822,000","3,355,000","11,200,000","15,149,000","9,572,000","9,270,000","15,800,000","1,800,000","5,500,000","2,300,000","2,100,000","1,400,000","900,000",
			Amortization,"9,000,000","0","0","2,000,000","7,000,000","7,000,000","6,000,000","9,000,000","9,000,000","11,000,000","12,000,000","12,000,000","13,000,000","13,000,000","13,000,000","13,000,000","10,000,000","10,000,000","10,000,000","9,000,000","9,000,000","10,000,000","9,000,000","7,000,000","8,000,000","11,000,000","10,000,000","24,000,000","58,000,000","58,000,000","58,000,000","73,000,000","79,000,000","73,000,000","81,000,000","82,000,000","82,000,000","84,000,000","83,000,000","84,000,000","84,000,000","85,396,000","84,605,000","53,276,000","44,096,000","41,623,000","45,957,000","48,895,000","53,252,000","62,620,000","72,803,000","63,795,000","63,468,000","72,444,000","52,720,000","54,918,000","54,834,000","53,313,000","51,888,000","51,554,000","47,349,000","31,687,000","51,474,000","61,996,000","51,921,000","51,425,000","29,199,000","25,794,000","22,523,000","19,739,000","16,456,000","15,769,000","13,963,000","12,991,000","13,824,000","11,976,000","11,868,000","12,064,000","1,239,000","1,108,000","1,530,000","12,390,000","12,024,000","8,822,000","3,355,000",,,,,,,,,,,,
				AmortizationOfIntangiblesIncomeStatement,"9,000,000","0","0","2,000,000","7,000,000","7,000,000","6,000,000","9,000,000","9,000,000","11,000,000","12,000,000","12,000,000","13,000,000","13,000,000","13,000,000","13,000,000","10,000,000","10,000,000","10,000,000","9,000,000","9,000,000","10,000,000","9,000,000","7,000,000","8,000,000","11,000,000","10,000,000","24,000,000","58,000,000","58,000,000","58,000,000","73,000,000","79,000,000","73,000,000","81,000,000","82,000,000","82,000,000","84,000,000","83,000,000","84,000,000","84,000,000","85,396,000","84,605,000","53,276,000","44,096,000","41,623,000","45,957,000","48,895,000","53,252,000","62,620,000","72,803,000","63,795,000","63,468,000","72,444,000","52,720,000","54,918,000","54,834,000","53,313,000","51,888,000","51,554,000","47,349,000","31,687,000","51,474,000","61,996,000","51,921,000","51,425,000","29,199,000","25,794,000","22,523,000","19,739,000","16,456,000","15,769,000","13,963,000","12,991,000","13,824,000","11,976,000","11,868,000","12,064,000","1,239,000","1,108,000","1,530,000","12,390,000","12,024,000","8,822,000","3,355,000",,,,,,,,,,,,
	ProvisionForDoubtfulAccounts,,,,,,,,,,,,,,,,,,,,,,,,,,,,,,,,,,,,,,,"148,000,000","131,000,000","134,000,000","145,015,000","146,054,000","118,497,000","107,091,000","96,215,000","97,964,000","92,032,000","106,029,000","112,228,000","96,682,000","92,681,000","81,234,000",,,,,,,,,,,,,,,,,,,,,,,,,,,,,,,,,,,,,,,,,,,,
	OtherOperatingExpenses,"422,000,000","119,000,000","112,000,000","103,000,000","88,000,000","86,000,000","60,000,000","93,000,000","102,000,000","81,000,000","76,000,000","71,000,000","72,000,000","83,000,000","65,000,000","66,000,000","72,000,000","79,000,000","68,000,000","63,000,000","62,000,000","59,000,000","56,000,000","64,000,000","52,000,000","72,000,000","65,000,000","262,000,000","264,000,000","273,000,000","249,000,000","232,000,000","204,000,000","238,000,000","185,000,000","193,000,000","175,000,000","168,000,000",,,,,,,,,,,,,,,,,,,,"0","1,390,938,000",,,,,,"2,324,000","3,432,000","2,291,000","1,560,000","5,731,000","5,190,000","1,957,000","5,186,000","5,146,000","1,606,000","1,510,000","33,149,000","3,290,000","1,379,000","526,000","431,000","1,679,000","881,000","749,000","385,000","427,000","585,000","17,000","834,000","901,000",,,,,,,,
OperatingIncome,"2,923,000,000","688,000,000","662,000,000","732,000,000","842,000,000","677,000,000","679,000,000","821,000,000","629,000,000","619,000,000","532,000,000","561,000,000","609,000,000","681,000,000","556,000,000","406,000,000","579,000,000","663,000,000","578,000,000","478,000,000","546,000,000","638,000,000","542,000,000","531,000,000","614,000,000","662,000,000","578,000,000","741,000,000","732,000,000","1,061,000,000","781,000,000","794,000,000","878,000,000","1,022,000,000","799,000,000","750,000,000","800,000,000","873,000,000","667,000,000","695,000,000","653,000,000","753,108,000","536,588,000","518,799,000","564,505,000","591,221,000","493,181,000","493,428,000","497,178,000","180,622,000","455,614,000","429,342,000","429,375,000","502,582,000","524,075,000","545,367,000","552,777,000","626,140,000","-937,693,000","456,906,000","467,827,000","449,885,000","339,033,000","311,414,000","322,624,000","370,411,000","356,736,000","378,986,000","335,574,000","284,723,000","253,913,000","253,858,000","266,748,000","203,142,000","155,872,000","122,083,000","148,144,000","113,923,000","90,117,000","79,441,000","70,716,000","41,618,000","32,649,000","35,454,000","30,705,000","26,850,000","14,923,000","9,554,000","452,000","400,000","-4,800,000","-200,000","9,600,000","1,600,000","1,700,000","1,100,000","6,000,000"
NetNonOperatingInterestIncomeExpense,"-250,000,000","426,000,000","-228,000,000","-331,000,000","-117,000,000","-575,000,000","95,000,000","182,000,000","2,000,000","-62,000,000","-142,000,000","-51,000,000","64,000,000","-811,000,000","392,000,000","301,000,000","-32,000,000","-228,000,000","119,000,000","-18,000,000","12,000,000","-60,000,000","-9,000,000","-8,000,000","-23,000,000","-268,000,000","87,000,000","126,000,000","8,000,000","-14,000,000","20,000,000","9,000,000","-5,000,000","-78,000,000","74,000,000","6,000,000","9,000,000","-3,000,000","5,000,000","38,000,000","31,000,000","-25,249,000","78,704,000","28,576,000","3,692,000","-2,816,000","26,825,000","14,821,000","6,046,000","1,413,428,000","-4,606,000","-4,529,000","18,092,000",,,,,,,,,,,,,,,,,,,,,,,,,,,,,,,,,,,,,,,,,,,,
	InterestIncomeNonOperating,"19,000,000",,,,,"-238,000,000","95,000,000","182,000,000","2,000,000",,,,,,,,,,,,,,,,,,,,,,,,,,,,,,,,,,,,,,,,"6,046,000",,,,,,,,,,,,,,,,,,,,,,,,,,,,,,,,,,,,,,,,,,,,,,,,
	InterestExpenseNonOperating,"269,000,000",,,,"117,000,000",,,,,,,,,,,,,,,,,,,,,,,,,,,,,,,,,,,,,,,,,,,,,,,,,,,,,,,,,,,,,,,,,,,,,,,,,,,,,,,,,,,,,,,,,,,,
	TotalOtherFinanceCost,"160,000,000","-26,000,000","228,000,000","331,000,000","117,000,000","-432,000,000","-95,000,000","-182,000,000","-2,000,000","-15,000,000","142,000,000","51,000,000","-64,000,000","165,000,000","-392,000,000","-301,000,000","32,000,000","102,000,000","-119,000,000","18,000,000","-12,000,000","-1,366,000,000","9,000,000","8,000,000","23,000,000","12,000,000","-87,000,000","-126,000,000","-8,000,000","7,000,000","-20,000,000","-9,000,000","5,000,000","-6,000,000","-74,000,000","-6,000,000","-9,000,000","-3,000,000","-5,000,000","-38,000,000","-31,000,000","-1,682,086,000","-78,704,000","-28,576,000","-3,692,000","2,816,000","-26,825,000","-14,821,000","-6,046,000","-1,413,428,000","4,606,000","4,529,000","-18,092,000",,,,,,,,,,,,,,,,,,,,,,,,,,,,,,,,,,,,,,,,,,,,
OtherIncomeExpense,"-2,275,000,000","-1,875,000,000",,,,,,,,,,,,,,,,,,,,,,,,,,,,,,,,,,,,"7,000,000",,"118,000,000",,"1,707,342,000","233,000","-256,401,000","149,000","-1,000,000","-3,005,000","-8,863,000","-8,569,000","-1,250,000","-12,673,000","-17,653,000","-6,611,000",,,,,"0","-1,390,938,000",,,,,,,,,,,,,,,"-1,000,000",,"-29,965,000","-230,000","0","-2,600,000",,"-1,181,000","0","-6,324,000",,"-9,921,000","-119,000","-607,000","-824,000",,"200,000",,"-4,400,000",,"1,200,000","-200,000","-100,000",
	GainOnSaleOfSecurity,"-2,275,000,000","-1,875,000,000",,,,,,,,,,,,,,,,,,,,,,,,,,,,,,,,,,,,,,,,,,,,,,,,,,,,,,,,,,,,,,,,,,,,,,,,,,,,,,,,,,,,,,,,,,,,,,,
	SpecialIncomeCharges,,,,,,,,,,,,,,,,,,,,,,,,,,,,,,,,,,"75,000,000","0","0",,"0","0","118,000,000",,"1,707,342,000","233,000","-256,401,000","149,000","-1,000,000","-3,005,000","-8,863,000","-8,569,000","-1,250,000","-12,673,000","-17,653,000","-6,611,000",,,,,"0","-1,390,938,000",,,,,,,,,,,,,,,"-1,000,000",,"-29,965,000","-230,000","0","-2,600,000",,"-1,181,000","0","-6,324,000",,"-9,921,000","-119,000","-607,000","-824,000",,"200,000",,"-4,400,000",,"1,200,000","-200,000","-100,000",
		RestructuringAndMergernAcquisition,,,,,,,,,,,,,,,,,,,,,,,,,,,,,,,,,,,,,,,,,,"-7,000","-233,000","-100,000","-149,000","1,000,000","3,005,000","8,863,000","8,569,000","1,250,000","12,673,000","17,653,000","6,611,000",,,,,,,,,,,,,,,,,,,,,,,,,,,,,,,,,,,,,,,,,,,,
		OtherSpecialCharges,,,,,,,,,,,,,,,,,,,,,,,,,,,,,,,,,,,,,,,,,,"-299,757,000",,"256,501,000",,,,,,,,,,,,,,,,,,,,,,,,,,,,,,,,,,,,,,,,,,,,,,,,,,,,,
		GainOnSaleOfBusiness,,,,,,,,,,,,,,,,,,,,,,,,,,,,,,,,,,"75,000,000","0","0",,,"0","118,000,000",,,,,,,,,,,,,,,,,,,,,,,,,,,,,,,,,,,,,,,,,,,,,,,,,,,,,,,,,
PretaxIncome,"398,000,000","-1,161,000,000","434,000,000","401,000,000","725,000,000","1,109,000,000","774,000,000","1,003,000,000","631,000,000","634,000,000","390,000,000","510,000,000","673,000,000","516,000,000","948,000,000","707,000,000","547,000,000","561,000,000","697,000,000","460,000,000","558,000,000","2,004,000,000","533,000,000","523,000,000","591,000,000","650,000,000","665,000,000","867,000,000","740,000,000","1,054,000,000","801,000,000","803,000,000","873,000,000","1,028,000,000","873,000,000","756,000,000","809,000,000","877,000,000","672,000,000","851,000,000","684,000,000","2,435,201,000","615,525,000","290,974,000","568,346,000","587,405,000","517,001,000","499,386,000","494,655,000","1,592,800,000","438,335,000","407,160,000","440,856,000","473,268,000","562,642,000","568,133,000","579,521,000","671,465,000","-902,058,000","488,139,000","493,305,000","483,598,000","379,711,000","336,115,000","347,637,000","395,052,000","386,962,000","411,106,000","356,257,000","301,220,000","264,840,000","274,254,000","287,916,000","211,547,000","161,411,000","132,955,000","155,587,000","137,956,000","96,196,000","87,744,000","76,237,000","48,082,000","35,169,000","44,642,000","36,494,000","39,773,000","25,352,000","19,982,000","10,842,000","8,500,000","2,400,000","1,400,000","10,200,000","2,700,000","1,500,000","1,100,000",
TaxProvision,"146,000,000","-268,000,000","151,000,000","107,000,000","156,000,000","328,000,000","153,000,000","263,000,000","146,000,000","76,000,000","80,000,000","107,000,000","152,000,000","-247,000,000","228,000,000","69,000,000","140,000,000","3,158,000,000","174,000,000","433,000,000","-477,000,000","-3,944,000,000","115,000,000","86,000,000","109,000,000","127,000,000","120,000,000","185,000,000","114,000,000","31,000,000","128,000,000","127,000,000","3,199,000,000","178,000,000","184,000,000","116,000,000","132,000,000","127,000,000","75,000,000","159,000,000","114,000,000","455,589,000","125,022,000","7,567,000","92,481,000","28,218,000","85,072,000","87,194,000","97,002,000","237,894,000","88,599,000","79,818,000","83,743,000","106,076,000","70,423,000","107,788,000","119,803,000","140,579,000","33,577,000","112,315,000","116,129,000","137,130,000","98,814,000","86,120,000","99,354,000","115,830,000","131,989,000","119,518,000","99,948,000","95,782,000","80,749,000","81,598,000","85,756,000","67,040,000","51,137,000","39,543,000","49,018,000","48,935,000","34,314,000","33,286,000","29,411,000","24,038,000","19,268,000","21,276,000","15,427,000","15,910,000","10,141,000","8,392,000","4,554,000","3,600,000","1,000,000","600,000","4,300,000","1,200,000","800,000","1,000,000",
NetIncomeCommonStockholders,"13,608,000,000","1,969,000,000","264,000,000","10,734,000,000","641,000,000","845,000,000","664,000,000","746,000,000","3,412,000,000","556,000,000","310,000,000","402,000,000","518,000,000","760,000,000","721,000,000","642,000,000","407,000,000","-2,601,000,000","523,000,000","27,000,000","1,035,000,000","5,936,000,000","413,000,000","435,000,000","482,000,000","477,000,000","539,000,000","83,000,000","626,000,000","1,023,000,000","673,000,000","676,000,000","-2,326,000,000","850,000,000","689,000,000","640,000,000","677,000,000","750,000,000","597,000,000","692,000,000","570,000,000","1,979,612,000","490,503,000","283,407,000","475,865,000","559,187,000","431,929,000","412,192,000","397,653,000","1,354,906,000","349,736,000","327,342,000","357,113,000","367,192,000","492,219,000","460,345,000","459,718,000","530,886,000","-935,635,000","375,824,000","377,176,000","346,467,000","280,896,000","249,994,000","248,282,000","279,221,000","254,971,000","291,560,000","256,291,000","205,379,000","182,349,000","190,395,000","200,100,000","142,462,000","103,250,000","91,868,000","104,191,000","86,996,000","61,003,000","54,308,000","47,584,000","25,935,000","18,838,000","24,608,000","21,067,000","23,863,000","15,211,000","11,590,000","6,288,000","4,900,000","1,400,000","800,000","5,900,000","1,500,000","700,000","100,000","100,000"
	NetIncome,"13,608,000,000","1,969,000,000","264,000,000","10,734,000,000","641,000,000","845,000,000","664,000,000","746,000,000","3,412,000,000","556,000,000","310,000,000","402,000,000","518,000,000","760,000,000","721,000,000","642,000,000","407,000,000","-2,601,000,000","523,000,000","27,000,000","1,035,000,000","5,936,000,000","413,000,000","435,000,000","482,000,000","477,000,000","539,000,000","83,000,000","626,000,000","1,023,000,000","673,000,000","676,000,000","-2,326,000,000","850,000,000","689,000,000","640,000,000","677,000,000","750,000,000","597,000,000","692,000,000","570,000,000","1,979,612,000","490,503,000","283,407,000","475,865,000","559,187,000","431,929,000","412,192,000","397,653,000","1,354,906,000","349,736,000","327,342,000","357,113,000","367,192,000","492,219,000","460,345,000","459,718,000","530,886,000","-935,635,000","375,824,000","377,176,000","346,467,000","280,896,000","249,994,000","248,282,000","279,221,000","254,971,000","291,560,000","256,291,000","205,379,000","182,349,000","190,395,000","200,100,000","142,462,000","103,250,000","91,868,000","104,191,000","86,996,000","61,003,000","54,308,000","47,584,000","25,935,000","18,838,000","24,608,000","21,067,000","23,863,000","15,211,000","11,590,000","6,288,000","4,900,000","1,400,000","800,000","5,900,000","1,500,000","700,000","100,000","100,000"
		NetIncomeIncludingNoncontrollingInterests,"13,608,000,000","1,969,000,000","264,000,000","10,734,000,000","641,000,000","845,000,000","664,000,000","746,000,000","3,412,000,000","556,000,000","310,000,000","402,000,000","518,000,000","760,000,000","721,000,000","642,000,000","407,000,000","-2,601,000,000","523,000,000","27,000,000","1,035,000,000","5,936,000,000","413,000,000","435,000,000","482,000,000","477,000,000","539,000,000","83,000,000","626,000,000","1,023,000,000","673,000,000","676,000,000","-2,326,000,000","850,000,000","689,000,000","640,000,000","677,000,000","750,000,000","597,000,000","692,000,000","570,000,000","1,979,612,000","490,503,000","283,407,000","475,865,000","559,187,000","431,929,000","412,192,000","397,653,000","1,354,906,000","349,736,000","327,342,000","357,113,000","367,192,000","492,219,000","460,345,000","459,718,000","530,886,000","-935,635,000","375,824,000","377,176,000","346,468,000","280,897,000","249,995,000","248,283,000","279,222,000","254,973,000","291,588,000","256,309,000","205,438,000","184,091,000","192,656,000","202,160,000","144,507,000","104,861,000","93,412,000","106,569,000","89,021,000","61,882,000","54,458,000","46,826,000","24,044,000","15,901,000","23,366,000","19,623,000","22,395,000","14,891,000","10,595,000","6,009,000","5,200,000","1,400,000","800,000","5,900,000","1,500,000","700,000","100,000","100,000"
			NetIncomeContinuousOperations,"252,000,000","-893,000,000","283,000,000","294,000,000","569,000,000","781,000,000","621,000,000","740,000,000","485,000,000","558,000,000","310,000,000","403,000,000","521,000,000","763,000,000","720,000,000","638,000,000","407,000,000","-2,597,000,000","523,000,000","27,000,000","1,035,000,000","5,948,000,000","418,000,000","437,000,000","482,000,000","523,000,000","545,000,000","682,000,000","626,000,000","1,023,000,000","673,000,000","676,000,000","-2,326,000,000","850,000,000","689,000,000","640,000,000","677,000,000","750,000,000","597,000,000","692,000,000","570,000,000","1,979,612,000","490,503,000","283,407,000","475,865,000","559,187,000","431,929,000","412,192,000","397,653,000","1,354,906,000","349,736,000","327,342,000","357,113,000","367,192,000","492,219,000","460,345,000","459,718,000","530,886,000","-935,635,000","375,824,000","377,176,000","346,467,000","280,896,000","249,994,000","248,282,000","279,221,000","254,971,000","291,560,000","256,291,000","205,379,000","182,349,000","190,395,000","200,100,000","142,462,000","108,663,000","91,868,000","104,191,000","86,996,000","61,003,000","54,308,000","47,584,000","25,935,000","18,838,000","24,608,000","21,067,000","23,863,000","15,211,000","11,590,000","6,288,000","4,900,000","1,400,000","800,000","5,900,000","1,500,000","700,000","100,000","100,000"
			NetIncomeDiscontinuousOperations,"13,356,000,000","2,862,000,000","-19,000,000","10,440,000,000","72,000,000","64,000,000","43,000,000","6,000,000","2,927,000,000","-2,000,000","0","-1,000,000","-3,000,000","-3,000,000","1,000,000","4,000,000",,"-4,000,000","0","0",,"-12,000,000","-5,000,000","-2,000,000",,"-46,000,000","-6,000,000","-599,000,000",,,,,,,,,,,,,,,,,,,,,,,,,,,,,,,,,,,,,,,,,,,,,,,,,,,,,,,,,,,,,,,,,,,,,
			NetIncomeExtraordinary,,,,,,,,,,,,,,,,,,,,,,,,,,,,,,,,,,,,,,,,,,,,,,,,,,,,,,,,,,,,,,,,,,,,,,,,,,"0","-5,413,000",,,,,,,,,,,,,,,,,,,,,,
		MinorityInterests,,,,,,,,,,,,,,,,,,,,,,,,,,,,,,,,,,,,,,,,,,,,,,,,,,,,,,,,,,,,,,"-1,000","-1,000","-1,000","-1,000","-1,000","-2,000","-28,000","-18,000","-59,000","-1,742,000","-2,261,000","-2,060,000","-2,045,000","-1,611,000","-1,544,000","-2,378,000","-2,025,000","-879,000","-150,000","758,000","1,891,000","2,937,000","1,242,000","1,444,000","1,468,000","320,000","995,000","279,000",,,,,,,,
DilutedNIAvailtoComStockholders,"13,608,000,000","1,969,000,000","264,000,000","10,734,000,000","641,000,000","845,000,000","664,000,000","746,000,000","3,412,000,000","556,000,000","310,000,000","402,000,000","518,000,000","760,000,000","721,000,000","642,000,000","407,000,000","-2,601,000,000","523,000,000","27,000,000","1,035,000,000","5,936,000,000","413,000,000","435,000,000","482,000,000","477,000,000","539,000,000","83,000,000","626,000,000","1,023,000,000","673,000,000","676,000,000","-2,326,000,000","850,000,000","689,000,000","640,000,000","677,000,000","750,000,000","597,000,000","692,000,000","570,000,000","1,979,612,000","490,503,000","283,407,000","475,865,000","559,187,000","431,929,000","412,192,000","397,653,000","1,354,906,000","349,736,000","327,342,000","357,113,000","367,192,000","492,219,000","460,345,000","459,718,000","530,886,000","-935,635,000","375,824,000","377,176,000","346,467,000","280,896,000","249,994,000","248,282,000","279,221,000","254,971,000","291,560,000","256,291,000","205,379,000","182,349,000","190,395,000","200,100,000","142,462,000","103,250,000","91,868,000","104,191,000","86,996,000","61,003,000","54,308,000","47,584,000","25,935,000","18,838,000","24,608,000","21,067,000","23,863,000","15,211,000","11,590,000","6,288,000","4,900,000","1,400,000","800,000","5,900,000","1,500,000","700,000","100,000","100,000"
BasicEPS,,"3.25","0.41","15.92","0.94","1.23","0.95","1.06","4.53","0.69","0.37","0.47","0.58","0.81","0.74","0.64","0.4","-2.51","0.49","0.03","0.96","5.37","0.37","0.38","0.42","0.4","0.45","0.07","0.51","0.76","0.54","0.54","-1.82","0.66","0.53","0.49","0.52","0.58","0.46","0.54","0.44","1.54","0.38","0.22","0.37",,"0.33","0.31","0.31",,"0.27","0.25","0.28",,"0.38","0.35","0.34",,"-0.69","0.28","0.28",,"0.2","0.18","0.18",,"0.19","0.22","0.19",,"0.14","0.145","0.155",,"0.08","0.035","0.083",,"0.055","0.048","0.043",,"0.018","0.023","0.02",,"0.015","0.013","0.004",,"0.001","0.001","0.008",,"0","0","0"
DilutedEPS,,"3.25","0.4","15.68","0.92","1.21","0.94","1.05","4.51","0.69","0.37","0.46","0.57","0.8","0.73","0.64","0.4","-2.51","0.48","0.02","0.94","5.3","0.36","0.38","0.41","0.39","0.45","0.07","0.51","0.75","0.54","0.53","-1.82","0.65","0.53","0.49","0.51","0.57","0.45","0.53","0.44","1.51","0.37","0.22","0.36",,"0.33","0.31","0.3",,"0.27","0.25","0.28",,"0.38","0.35","0.34",,"-0.69","0.27","0.27",,"0.2","0.17","0.17",,"0.18","0.21","0.19",,"0.135","0.14","0.15",,"0.08","0.035","0.08",,"0.053","0.048","0.043",,"0.018","0.023","0.02",,"0.013","0.01","0.003",,"0.001","0.001","0.006",,"0","0","0"
BasicAverageShares,,"606,000,000","647,000,000","674,000,000","681,000,000","688,000,000","696,000,000","703,000,000","753,000,000","807,000,000","830,000,000","860,000,000","900,000,000","945,000,000","974,000,000","992,000,000","1,010,000,000","1,035,000,000","1,062,000,000","1,076,000,000","1,083,000,000","1,106,000,000","1,126,000,000","1,144,000,000","1,159,000,000","1,191,000,000","1,210,000,000","1,217,000,000","1,216,000,000","1,230,000,000","1,242,000,000","1,258,000,000","1,276,000,000","1,295,000,000","1,295,000,000","1,297,000,000","1,295,000,000","1,294,000,000","1,292,000,000","1,291,000,000","1,288,000,000","1,288,525,000","1,289,631,000","1,296,537,000","1,297,278,000",,"1,308,888,000","1,310,042,000","1,301,248,000",,"1,293,511,000","1,288,815,000","1,283,810,000",,"1,288,937,000","1,312,007,000","1,333,791,000",,"1,354,786,000","1,361,046,000","1,366,915,000",,"1,406,382,000","1,411,925,000","1,406,309,000",,"1,357,239,000","1,351,375,000","1,343,442,000",,"1,323,144,000","1,316,138,000","1,305,002,000",,"1,285,458,000","2,546,720,000","1,254,632,000",,"1,129,068,000","1,122,828,000","1,113,328,000",,"1,084,944,000","1,068,300,000","1,057,116,000",,"1,022,964,000","1,004,300,000","1,902,816,000",,"927,840,000","854,840,000","1,520,752,000",,"967,304,000","967,304,000","4,544,000,000"
DilutedAverageShares,,"606,000,000","658,000,000","685,000,000","693,000,000","697,000,000","708,000,000","711,000,000","757,000,000","812,000,000","837,000,000","867,000,000","908,000,000","950,000,000","983,000,000","1,004,000,000","1,029,000,000","1,035,000,000","1,078,000,000","1,091,000,000","1,102,000,000","1,119,000,000","1,139,000,000","1,149,000,000","1,170,000,000","1,204,000,000","1,223,000,000","1,225,000,000","1,229,000,000","1,241,000,000","1,251,000,000","1,267,000,000","1,276,000,000","1,310,000,000","1,310,000,000","1,313,000,000","1,319,000,000","1,318,000,000","1,314,000,000","1,309,000,000","1,308,000,000","1,308,467,000","1,309,334,000","1,314,718,000","1,320,151,000",,"1,328,415,000","1,329,618,000","1,326,021,000",,"1,311,274,000","1,300,434,000","1,287,814,000",,"1,297,484,000","1,325,136,000","1,343,989,000",,"1,354,786,000","1,378,697,000","1,384,287,000",,"1,426,112,000","1,435,757,000","1,437,581,000",,"1,387,038,000","1,379,088,000","1,382,150,000",,"1,369,954,000","1,364,842,000","1,347,596,000",,"1,324,462,000","2,624,588,000","1,285,036,000",,"1,146,364,000","1,141,664,000","1,139,564,000",,"1,129,268,000","1,134,328,000","1,114,928,000",,"1,121,188,000","1,101,188,000","2,211,544,000",,"1,120,656,000","1,092,912,000","2,047,664,000",,"967,304,000","967,304,000","17,040,000,000"
TotalOperatingIncomeAsReported,"2,923,000,000","688,000,000","662,000,000","732,000,000","842,000,000","677,000,000","679,000,000","821,000,000","629,000,000","619,000,000","532,000,000","561,000,000","609,000,000","681,000,000","556,000,000","406,000,000","579,000,000","663,000,000","578,000,000","478,000,000","546,000,000","638,000,000","542,000,000","531,000,000","614,000,000","662,000,000","578,000,000","741,000,000","732,000,000","1,061,000,000","781,000,000","794,000,000","878,000,000","1,022,000,000","799,000,000","750,000,000","800,000,000","874,000,000",,,,,,,,,,,,,,,,,,,,,,,,,,,,,,,,,,,,,,,,,,,,,,,,,,,,,,,,,,,
TotalExpenses,"7,497,000,000","1,925,000,000","1,839,000,000","1,936,000,000","2,181,000,000","2,191,000,000","1,927,000,000","2,044,000,000","1,745,000,000","2,202,000,000","2,117,000,000","2,126,000,000","2,034,000,000","2,196,000,000","2,093,000,000","2,234,000,000","2,001,000,000","1,950,000,000","1,831,000,000","1,850,000,000","1,671,000,000","1,757,000,000","1,675,000,000","1,699,000,000","1,523,000,000","1,660,000,000","1,521,000,000","3,638,000,000","3,716,000,000","3,860,000,000","3,572,000,000","3,572,000,000","3,384,000,000","3,508,000,000","3,093,000,000","3,127,000,000","2,948,000,000","3,120,000,000","2,737,000,000","2,703,000,000","2,624,000,000","2,626,902,000","2,429,173,000","2,241,475,000","1,981,104,000","1,904,129,000","1,756,307,000","1,721,951,000","1,698,879,000","2,190,310,000","1,782,238,000","1,668,650,000","1,591,211,000","1,533,264,000","1,593,456,000","1,650,294,000","1,639,446,000","1,554,466,000","2,826,913,000","1,377,523,000","1,300,247,000","1,270,016,000","1,109,604,000","1,099,370,000","1,067,795,000","958,448,000","748,779,000","707,317,000","696,150,000","651,059,000","551,963,000","519,554,000","489,491,000","445,251,000","375,070,000","387,186,000","328,348,000","300,005,000","198,662,000","186,846,000","174,390,000","177,783,000","161,776,000","145,451,000","123,385,000","107,158,000","98,454,000","87,845,000","85,301,000","73,500,000","63,300,000","49,700,000","24,400,000","17,900,000","11,200,000","7,800,000",
NetIncomeFromContinuingAndDiscontinuedOperation,"13,608,000,000","1,969,000,000","264,000,000","10,734,000,000","641,000,000","845,000,000","664,000,000","746,000,000","3,412,000,000","556,000,000","310,000,000","402,000,000","518,000,000","760,000,000","721,000,000","642,000,000","407,000,000","-2,601,000,000","523,000,000","27,000,000","1,035,000,000","5,936,000,000","413,000,000","435,000,000","482,000,000","477,000,000","539,000,000","83,000,000","626,000,000","1,023,000,000","673,000,000","676,000,000","-2,326,000,000","850,000,000","689,000,000","640,000,000","677,000,000","750,000,000","597,000,000","692,000,000","570,000,000","1,979,612,000","490,503,000","283,407,000","475,865,000","559,187,000","431,929,000","412,192,000","397,653,000","1,354,906,000","349,736,000","327,342,000","357,113,000","367,192,000","492,219,000","460,345,000","459,718,000","530,886,000","-935,635,000","375,824,000","377,176,000","346,467,000","280,896,000","249,994,000","248,282,000","279,221,000","254,971,000","291,560,000","256,291,000","205,379,000","182,349,000","190,395,000","200,100,000","142,462,000","108,663,000","91,868,000","104,191,000","86,996,000","61,003,000","54,308,000","47,584,000","25,935,000","18,838,000","24,608,000","21,067,000","23,863,000","15,211,000","11,590,000","6,288,000","4,900,000","1,400,000","800,000","5,900,000","1,500,000","700,000","100,000","100,000"
NormalizedIncome,"1,694,350,000","-893,000,000","283,000,000","294,000,000","569,000,000","781,000,000","621,000,000","740,000,000","485,000,000","558,000,000","310,000,000","403,000,000","521,000,000","763,000,000","720,000,000","638,000,000","407,000,000","-2,597,000,000","523,000,000","27,000,000","1,035,000,000","5,948,000,000","418,000,000","437,000,000","482,000,000","523,000,000","545,000,000","682,000,000","626,000,000","1,023,000,000","673,000,000","676,000,000","-2,326,000,000","787,986,381.323","689,000,000","640,000,000","677,000,000","750,000,000","597,000,000","596,066,000","570,000,000","591,687,672.068","490,317,325.659","533,140,097.139","475,740,245.212","560,138,961.594","434,439,530.241","419,507,498.825","404,541,616.424","1,355,969,305.186","359,847,454.317","341,534,377.262","362,468,204.518","367,192,000","492,219,000","460,345,000","459,718,000","530,886,000","-31,525,300","375,824,000","377,176,000","346,467,000","280,896,000","249,994,000","248,282,000","279,221,000","254,971,000","291,560,000","256,291,000","205,379,000","182,349,000","190,395,000","200,100,000","143,145,096.428","108,663,000","112,920,917.002","104,348,538.033","86,996,000","62,675,556.031","54,308,000","48,309,389.325","25,935,000","22,632,400","24,608,000","27,019,600","23,934,400","15,575,200","12,084,400","6,288,000","4,780,000","1,400,000","3,440,000","5,900,000","780,000","820,000","160,000","100,000"
InterestIncome,"19,000,000",,,,,"-238,000,000","95,000,000","182,000,000","2,000,000",,,,,,,,,,,,,,,,,,,,,,,,,,,,,,,,,,,,,,,,"6,046,000",,,,,,,,,,,,,,,,,,,,,,,,,,,,,,,,,,,,,,,,,,,,,,,,
InterestExpense,"269,000,000",,,,"117,000,000",,,,,,,,,,,,,,,,,,,,,,,,,,,,,,,,,,,,,,,,,,,,,,,,,,,,,,,,,,,,,,,,,,,,,,,,,,,,,,,,,,,,,,,,,,,,
NetInterestIncome,"-250,000,000","426,000,000","-228,000,000","-331,000,000","-117,000,000","-575,000,000","95,000,000","182,000,000","2,000,000","-62,000,000","-142,000,000","-51,000,000","64,000,000","-811,000,000","392,000,000","301,000,000","-32,000,000","-228,000,000","119,000,000","-18,000,000","12,000,000","-60,000,000","-9,000,000","-8,000,000","-23,000,000","-268,000,000","87,000,000","126,000,000","8,000,000","-14,000,000","20,000,000","9,000,000","-5,000,000","-78,000,000","74,000,000","6,000,000","9,000,000","-3,000,000","5,000,000","38,000,000","31,000,000","-25,249,000","78,704,000","28,576,000","3,692,000","-2,816,000","26,825,000","14,821,000","6,046,000","1,413,428,000","-4,606,000","-4,529,000","18,092,000",,,,,,,,,,,,,,,,,,,,,,,,,,,,,,,,,,,,,,,,,,,,
EBIT,"667,000,000","-1,568,000,000","662,000,000","732,000,000","842,000,000","1,723,000,000","679,000,000","821,000,000","629,000,000","816,000,000","532,000,000","561,000,000","609,000,000","1,503,000,000","556,000,000","406,000,000","579,000,000","966,000,000","578,000,000","478,000,000","546,000,000","2,189,000,000","542,000,000","531,000,000","614,000,000","1,015,000,000","578,000,000","741,000,000","732,000,000","1,201,000,000","781,000,000","794,000,000","878,000,000","1,217,000,000","799,000,000","750,000,000","800,000,000","1,132,000,000","667,000,000","695,000,000","653,000,000","2,315,184,000","536,588,000","518,799,000","564,505,000","591,221,000","493,181,000","493,428,000","497,178,000","180,622,000","455,614,000","429,342,000","429,375,000","569,382,000","524,075,000","545,367,000","552,777,000","626,140,000","-937,693,000","456,906,000","467,827,000","449,885,000","339,033,000","311,414,000","322,624,000","370,411,000","356,736,000","378,986,000","335,574,000","284,723,000","253,913,000","253,858,000","266,748,000","203,142,000","155,872,000","122,083,000","148,144,000","113,923,000","90,117,000","79,441,000","70,716,000","41,618,000","32,649,000","35,454,000","30,705,000","26,850,000","14,923,000","9,554,000","452,000","400,000","-4,800,000","-200,000","9,600,000","1,600,000","1,700,000","1,100,000","6,000,000"
EBITDA,"1,169,000,000"
ReconciledCostOfRevenue,"2,157,000,000","572,000,000","559,000,000","553,000,000","690,000,000","611,000,000","510,000,000","435,000,000","388,000,000","494,000,000","469,000,000","467,000,000","445,000,000","459,000,000","446,000,000","440,000,000","390,000,000","428,000,000","393,000,000","402,000,000","361,000,000","373,000,000","335,000,000","333,000,000","318,000,000","333,000,000","561,000,000","1,119,000,000","1,127,000,000","1,288,000,000","1,082,000,000","1,092,000,000","1,048,000,000","1,155,000,000","948,000,000","946,000,000","905,000,000","990,000,000","794,000,000","781,000,000","786,000,000","847,275,000","737,586,000","619,143,000","579,985,000","551,808,000","491,887,000","476,449,000","471,785,000","532,531,000","501,643,000","457,763,000","439,565,000","450,138,000","435,105,000","443,662,000","414,266,000","399,470,000","346,689,000","321,621,000","297,589,000","500,844,000","315,717,000","212,049,000","207,203,000","146,846,000","132,347,000","132,279,000","125,636,000","119,089,000","107,603,000","102,048,000","92,080,000","88,062,000","78,858,000","71,120,000","69,674,000","67,439,000","28,851,000","28,068,000","28,883,000","24,747,000","23,417,000","18,152,000","15,359,000","13,308,000","9,027,000","14,411,000","14,277,000","5,900,000","15,700,000","5,600,000","3,100,000","1,800,000","700,000","200,000",
ReconciledDepreciation,"502,000,000","122,000,000","119,000,000","121,000,000","140,000,000","138,000,000","152,000,000","172,000,000","147,000,000","167,000,000","170,000,000","175,000,000","169,000,000","172,000,000","175,000,000","170,000,000","179,000,000","172,000,000","173,000,000","168,000,000","163,000,000","176,000,000","172,000,000","167,000,000","167,000,000","171,000,000","-118,000,000","253,000,000","381,000,000","370,000,000","365,000,000","373,000,000","382,000,000","367,000,000","357,000,000","347,000,000","329,000,000","318,000,000","311,000,000","290,000,000","281,000,000","272,553,000","266,716,000","207,595,000","193,089,000","192,288,000","194,338,000","187,817,000","188,022,000","200,784,000","215,068,000","197,805,000","197,289,000","201,897,000","178,578,000","173,359,000","165,980,000","159,816,000","151,720,000","146,722,000","143,449,000","-99,129,000","377,969,000","142,426,000","123,286,000","144,099,000","97,227,000","85,355,000","83,256,000","77,055,000","65,974,000","60,252,000","56,241,000","40,386,000","44,319,000","40,006,000","34,292,000","27,289,000","17,762,000","17,601,000","13,924,000","27,632,000","23,560,000","23,542,000","14,998,000","11,200,000","15,149,000","9,572,000","9,270,000","15,800,000","1,700,000","5,600,000","2,300,000","2,100,000","1,400,000","900,000",
NetIncomeFromContinuingOperationNetMinorityInterest,"252,000,000","-893,000,000","283,000,000","294,000,000","569,000,000","781,000,000","621,000,000","740,000,000","485,000,000","558,000,000","310,000,000","403,000,000","521,000,000","763,000,000","720,000,000","638,000,000","407,000,000","-2,597,000,000","523,000,000","27,000,000","1,035,000,000","5,948,000,000","418,000,000","437,000,000","482,000,000","523,000,000","545,000,000","682,000,000","626,000,000","1,023,000,000","673,000,000","676,000,000","-2,326,000,000","850,000,000","689,000,000","640,000,000","677,000,000","750,000,000","597,000,000","692,000,000","570,000,000","1,979,612,000","490,503,000","283,407,000","475,865,000","559,187,000","431,929,000","412,192,000","397,653,000","1,354,906,000","349,736,000","327,342,000","357,113,000","367,192,000","492,219,000","460,345,000","459,718,000","530,886,000","-935,635,000","375,824,000","377,176,000","346,467,000","280,896,000","249,994,000","248,282,000","279,221,000","254,971,000","291,560,000","256,291,000","205,379,000","182,349,000","190,395,000","200,100,000","142,462,000","108,663,000","91,868,000","104,191,000","86,996,000","61,003,000","54,308,000","47,584,000","25,935,000","18,838,000","24,608,000","21,067,000","23,863,000","15,211,000","11,590,000","6,288,000","4,900,000","1,400,000","800,000","5,900,000","1,500,000","700,000","100,000","100,000"
TotalUnusualItemsExcludingGoodwill,"-2,275,000,000","-1,875,000,000",,,,,,,,,,,,,,,,,,,,,,,,,,,,,,,,"75,000,000","0","0",,"0","0","118,000,000",,"1,707,342,000","233,000","-256,401,000","149,000","-1,000,000","-3,005,000","-8,863,000","-8,569,000","-1,250,000","-12,673,000","-17,653,000","-6,611,000",,,,,"0","-1,390,938,000",,,,,,,,,,,,,,,"-1,000,000",,"-29,965,000","-230,000","0","-2,600,000",,"-1,181,000","0","-6,324,000",,"-9,921,000","-119,000","-607,000","-824,000",,"200,000",,"-4,400,000",,"1,200,000","-200,000","-100,000",
TotalUnusualItems,"-2,275,000,000","-1,875,000,000",,,,,,,,,,,,,,,,,,,,,,,,,,,,,,,,"75,000,000","0","0",,"0","0","118,000,000",,"1,707,342,000","233,000","-256,401,000","149,000","-1,000,000","-3,005,000","-8,863,000","-8,569,000","-1,250,000","-12,673,000","-17,653,000","-6,611,000",,,,,"0","-1,390,938,000",,,,,,,,,,,,,,,"-1,000,000",,"-29,965,000","-230,000","0","-2,600,000",,"-1,181,000","0","-6,324,000",,"-9,921,000","-119,000","-607,000","-824,000",,"200,000",,"-4,400,000",,"1,200,000","-200,000","-100,000",
NormalizedEBITDA,"3,444,000,000","-1,446,000,000","781,000,000","853,000,000","982,000,000","1,861,000,000","831,000,000","993,000,000","776,000,000","983,000,000","702,000,000","736,000,000","778,000,000","1,675,000,000","731,000,000","576,000,000","758,000,000","1,138,000,000","751,000,000","646,000,000","709,000,000","2,365,000,000","714,000,000","698,000,000","781,000,000","1,186,000,000","588,000,000","994,000,000","1,113,000,000","1,571,000,000","1,146,000,000","1,167,000,000","1,260,000,000","1,509,000,000","1,156,000,000","1,097,000,000","1,129,000,000","1,450,000,000","978,000,000","867,000,000","934,000,000","880,395,000","803,071,000","982,795,000","757,445,000","784,509,000","690,524,000","690,108,000","693,769,000","382,656,000","683,355,000","644,800,000","633,275,000","771,279,000","702,653,000","718,726,000","718,757,000","785,956,000","604,965,000","603,628,000","611,276,000","481,572,000","717,002,000","453,840,000","445,910,000","514,510,000","453,963,000","464,341,000","418,830,000","361,778,000","319,887,000","314,110,000","322,989,000","244,528,000","200,191,000","192,054,000","182,666,000","141,212,000","110,479,000","97,042,000","85,821,000","69,250,000","62,533,000","58,996,000","55,624,000","38,169,000","30,679,000","19,950,000","9,722,000","16,000,000","-3,000,000","9,800,000","11,900,000","2,500,000","3,300,000","2,100,000","6,000,000"
TaxRateForCalcs,"0.366","0.231","0.347","0.266","0.215","0.296","0.198","0.262","0.232","0.12","0.207","0.209","0.226","0.27","0.241","0.097","0.256","0.4","0.25","0.4","0.4","0.4","0.22","0.16","0.18","0.195","0.18","0.21","0.154","0.029","0.159","0.158","0.35","0.173","0.211","0.153","0.163","0.145","0.112","0.187","0.167","0.187","0.203","0.026","0.163","0.048","0.165","0.175","0.196","0.149","0.202","0.196","0.19","0.224","0.125","0.19","0.207","0.209","0.35","0.23","0.235","0.284","0.26","0.256","0.286","0.293","0.341","0.291","0.281","0.318","0.305","0.298","0.298","0.317","0.317","0.297","0.315","0.355","0.357","0.379","0.386","0.4","0.4","0.4","0.4","0.4","0.4","0.4","0.4","0.4","0.4","0.4","0.4","0.4","0.4","0.4","0.4"
TaxEffectOfUnusualItems,"-832,650,000","0","0","0","0","0","0","0","0","0","0","0","0","0","0","0","0","0","0","0","0","0","0","0","0","0","0","0","0","0","0","0","0","12,986,381.323","0","0","0","0","0","22,066,000","0","319,417,672.068","47,325.659","-6,667,902.861","24,245.212","-48,038.406","-494,469.759","-1,547,501.175","-1,680,383.576","-186,694.814","-2,561,545.683","-3,460,622.738","-1,255,795.482","0","0","0","0","0","-486,828,300","0","0","0","0","0","0","0","0","0","0","0","0","0","0","-316,903.572","0","-8,912,082.998","-72,461.967","0","-927,443.969","0","-455,610.675","0","-2,529,600","0","-3,968,400","-47,600","-242,800","-329,600","0","80,000","0","-1,760,000","0","480,000","-80,000","-40,000","0"