name,ttm,12/31/2021,09/30/2021,06/30/2021,03/31/2021,12/31/2020,09/30/2020,06/30/2020,03/31/2020,12/31/2019,09/30/2019,06/30/2019,03/31/2019,12/31/2018,09/30/2018,06/30/2018,03/31/2018,12/31/2017,09/30/2017,06/30/2017,03/31/2017,12/31/2016,09/30/2016,06/30/2016,03/31/2016,12/31/2015,09/30/2015,06/30/2015,03/31/2015,12/31/2014,09/30/2014,06/30/2014,03/31/2014,12/31/2013,09/30/2013,06/30/2013,03/31/2013,12/31/2012,09/30/2012,06/30/2012,03/31/2012,12/31/2011,09/30/2011,06/30/2011,03/31/2011,12/31/2010,09/30/2010,06/30/2010,03/31/2010,12/31/2009,09/30/2009,06/30/2009,03/31/2009,12/31/2008,09/30/2008,06/30/2008,03/31/2008,12/31/2007,09/30/2007,06/30/2007,03/31/2007,12/31/2006,09/30/2006,06/30/2006,03/31/2006,12/31/2005,09/30/2005,06/30/2005,03/31/2005,12/31/2004,09/30/2004,06/30/2004,03/31/2004,12/31/2003,09/30/2003,06/30/2003,03/31/2003,12/31/2002,09/30/2002,06/30/2002,03/31/2002,12/31/2001,09/30/2001,06/30/2001,03/31/2001,12/31/2000,09/30/2000,06/30/2000,03/31/2000,12/31/1999,09/30/1999,06/30/1999,03/31/1999,12/31/1998,09/30/1998,06/30/1998,03/31/1998,12/31/1997,09/30/1997,06/30/1997,03/31/1997,12/31/1996,09/30/1996,06/30/1996,03/31/1996,12/31/1995,09/30/1995,06/30/1995,03/31/1995,12/31/1994,09/30/1994,06/30/1994,03/31/1994,12/31/1993,09/30/1993,06/30/1993,03/31/1993,12/31/1992,09/30/1992,06/30/1992,03/31/1992,12/31/1991,09/30/1991,06/30/1991,03/31/1991,12/31/1990,09/30/1990,06/30/1990,03/31/1990,12/31/1989,09/30/1989,06/30/1989,03/31/1989,12/31/1988,09/30/1988,06/30/1988,03/31/1988,12/31/1987,09/30/1987,06/30/1987,03/31/1987,12/31/1986,09/30/1986,06/30/1986,03/31/1986,12/31/1985,09/30/1985
TotalRevenue,"12,733,100,000","3,364,600,000","3,320,800,000","3,162,700,000","2,885,000,000","3,065,300,000","3,018,600,000","2,685,700,000","3,581,400,000","3,823,600,000","3,817,900,000","3,759,400,000","3,505,400,000","3,760,500,000","3,747,200,000","3,689,600,000","3,470,900,000","3,650,700,000","3,563,300,000","3,462,700,000","3,161,600,000","3,352,100,000","3,386,100,000","3,317,200,000","3,097,400,000","3,412,000,000","3,446,400,000","3,389,100,000","3,297,600,000","3,680,800,000","3,694,900,000","3,568,200,000","3,336,600,000","3,559,500,000","3,484,000,000","3,337,800,000","2,872,100,000","3,045,800,000","3,023,300,000","2,958,700,000","2,810,900,000","1,845,300,000","1,736,100,000","1,698,800,000","1,518,300,000","1,575,500,000","1,561,900,000","1,520,200,000","1,432,100,000","1,564,500,000","1,546,400,000","1,441,500,000","1,348,200,000","1,483,300,000","1,626,300,000","1,570,000,000","1,457,900,000","1,439,800,000","1,413,200,000","1,362,400,000","1,254,200,000","1,271,000,000","1,278,855,000","1,225,884,000","1,120,075,000","1,141,515,000","1,164,773,000","1,158,664,000","1,069,880,000","1,072,535,000","1,090,316,000","1,042,711,000","979,371,000","956,466,000","982,766,000","946,735,000","875,852,000","883,380,000","894,866,000","839,230,000","786,109,000","561,777,000","616,231,000","595,808,000","580,907,000","566,676,000","600,666,000","570,711,000","526,260,000","515,800,000","554,500,000","520,400,000","489,300,000","483,300,000","500,000,000","468,500,000","436,400,000","422,000,000","432,900,000","411,800,000","373,700,000","391,000,000","392,100,000","373,200,000","333,700,000","349,400,000","348,500,000","333,400,000","309,600,000","362,300,000","302,800,000","282,400,000","260,100,000","267,400,000","275,500,000","257,800,000","240,800,000","262,900,000","260,700,000","247,200,000","234,000,000","245,500,000","244,000,000","221,400,000","207,200,000","359,600,000","388,500,000","373,000,000","268,900,000","340,700,000","369,800,000","359,800,000","235,400,000","311,900,000","337,700,000","335,000,000","227,300,000","279,600,000","294,500,000","125,200,000","215,900,000","222,700,000","199,000,000","221,700,000","201,500,000","202,700,000","187,100,000"
	OperatingRevenue,"12,733,100,000","3,364,600,000","3,320,800,000","3,162,700,000","2,885,000,000","3,065,300,000","3,018,600,000","2,685,700,000","3,581,400,000","3,823,600,000","3,817,900,000","3,759,400,000","3,505,400,000","3,760,500,000","3,747,200,000","3,689,600,000","3,470,900,000","3,650,700,000","3,563,300,000","3,462,700,000","3,161,600,000","3,352,100,000","3,386,100,000","3,317,200,000","3,097,400,000","3,412,000,000","3,446,400,000","3,389,100,000","3,297,600,000","3,680,800,000","3,694,900,000","3,568,200,000","3,336,600,000","3,559,500,000","3,484,000,000","3,337,800,000","2,872,100,000","3,045,800,000","3,023,300,000","2,958,700,000","2,810,900,000","1,845,300,000","1,736,100,000","1,698,800,000","1,518,300,000","1,575,500,000","1,561,900,000","1,520,200,000","1,432,100,000","1,564,500,000","1,546,400,000","1,441,500,000","1,348,200,000","1,483,300,000","1,626,300,000","1,570,000,000","1,457,900,000","1,439,800,000","1,413,200,000","1,362,400,000","1,254,200,000","1,271,000,000","1,278,855,000","1,225,884,000","1,120,075,000","1,141,515,000","1,164,773,000","1,158,664,000","1,069,880,000","1,072,535,000","1,090,316,000","1,042,711,000","979,371,000","956,466,000","982,766,000","946,735,000","875,852,000","883,380,000","894,866,000","839,230,000","786,109,000","561,777,000","616,231,000","595,808,000","580,907,000","566,676,000","600,666,000","570,711,000","526,260,000","515,800,000","554,500,000","520,400,000","489,300,000","483,300,000","500,000,000","468,500,000","436,400,000","422,000,000","432,900,000","411,800,000","373,700,000","391,000,000","392,100,000","373,200,000","333,700,000","349,400,000","348,500,000","333,400,000","309,600,000","362,300,000","302,800,000","282,400,000","260,100,000","267,400,000","275,500,000","257,800,000","240,800,000","262,900,000","260,700,000","247,200,000","234,000,000","245,500,000","244,000,000","221,400,000","207,200,000","359,600,000","388,500,000","373,000,000","268,900,000","340,700,000","369,800,000","359,800,000","235,400,000","311,900,000","337,700,000","335,000,000","227,300,000","279,600,000","294,500,000","125,200,000","215,900,000","222,700,000","199,000,000","221,700,000","201,500,000","202,700,000","187,100,000"
CostOfRevenue,"7,615,800,000","2,043,100,000","2,016,700,000","1,844,000,000","1,712,000,000","1,780,300,000","1,769,600,000","1,635,700,000","2,116,800,000","2,218,200,000","2,207,400,000","2,208,200,000","2,096,700,000","2,187,500,000","2,200,200,000","2,156,100,000","2,082,100,000","1,950,700,000","1,891,300,000","1,871,600,000","1,691,500,000","1,745,100,000","1,737,200,000","1,785,200,000","1,631,400,000","1,831,700,000","1,820,000,000","1,806,500,000","1,765,300,000","1,979,900,000","1,970,600,000","1,909,400,000","1,819,200,000","1,963,800,000","1,882,800,000","1,828,600,000","1,564,900,000","1,644,200,000","1,616,400,000","1,608,900,000","1,614,000,000","966,500,000","877,900,000","860,800,000","770,400,000","783,700,000","763,400,000","750,000,000","716,700,000","781,100,000","763,900,000","725,100,000","707,900,000","770,200,000","834,300,000","798,800,000","738,300,000","716,400,000","690,100,000","669,500,000","615,700,000","630,010,000","625,554,000","608,003,000","552,491,000","579,210,000","572,406,000","570,659,000","526,556,000","532,908,000","519,669,000","504,609,000","474,094,000","469,823,000","478,163,000","466,734,000","430,482,000","444,032,000","434,195,000","413,425,000","395,945,000","268,837,000","280,748,000","274,816,000","265,230,000","224,563,000","229,513,000","223,309,000","200,085,000","201,200,000","212,300,000","201,800,000","187,700,000","188,200,000","193,500,000","180,400,000","167,100,000","159,000,000","163,200,000","157,900,000","141,100,000","152,900,000","152,600,000","148,900,000","131,000,000","138,800,000","139,300,000","129,100,000","119,900,000","153,800,000","113,100,000","104,000,000","95,100,000","100,700,000","103,300,000","97,600,000","92,100,000","102,500,000","101,800,000","97,100,000","91,500,000","99,300,000","95,500,000","88,000,000","84,700,000","147,300,000","166,400,000","163,400,000","109,400,000","143,200,000","166,500,000","166,600,000","98,500,000",,,,,,,,,,,,,,
GrossProfit,"5,117,300,000","1,321,500,000","1,304,100,000","1,318,700,000","1,173,000,000","1,285,000,000","1,249,000,000","1,050,000,000","1,464,600,000","1,605,400,000","1,610,500,000","1,551,200,000","1,408,700,000","1,573,000,000","1,547,000,000","1,533,500,000","1,388,800,000","1,700,000,000","1,672,000,000","1,591,100,000","1,470,100,000","1,607,000,000","1,648,900,000","1,532,000,000","1,466,000,000","1,580,300,000","1,626,400,000","1,582,600,000","1,532,300,000","1,700,900,000","1,724,300,000","1,658,800,000","1,517,400,000","1,595,700,000","1,601,200,000","1,509,200,000","1,307,200,000","1,401,600,000","1,406,900,000","1,349,800,000","1,196,900,000","878,800,000","858,200,000","838,000,000","747,900,000","791,800,000","798,500,000","770,200,000","715,400,000","783,400,000","782,500,000","716,400,000","640,300,000","713,100,000","792,000,000","771,200,000","719,600,000","723,400,000","723,100,000","692,900,000","638,500,000","640,990,000","653,301,000","617,881,000","567,584,000","562,305,000","592,367,000","588,005,000","543,324,000","539,627,000","570,647,000","538,102,000","505,277,000","486,643,000","504,603,000","480,001,000","445,370,000","439,348,000","460,671,000","425,805,000","390,164,000","292,940,000","335,483,000","320,992,000","315,677,000","342,113,000","371,153,000","347,402,000","326,175,000","314,600,000","342,200,000","318,600,000","301,600,000","295,100,000","306,500,000","288,100,000","269,300,000","263,000,000","269,700,000","253,900,000","232,600,000","238,100,000","239,500,000","224,300,000","202,700,000","210,600,000","209,200,000","204,300,000","189,700,000","208,500,000","189,700,000","178,400,000","165,000,000","166,700,000","172,200,000","160,200,000","148,700,000","160,400,000","158,900,000","150,100,000","142,500,000","146,200,000","148,500,000","133,400,000","122,500,000","212,300,000","222,100,000","209,600,000","159,500,000","197,500,000","203,300,000","193,200,000","136,900,000",,,,,,,,,,,,,,
OperatingExpense,"3,416,100,000","867,900,000","832,000,000","853,300,000","862,900,000","809,600,000","802,600,000","788,600,000","1,015,000,000","984,000,000","962,500,000","1,002,700,000","1,001,200,000","978,100,000","955,200,000","1,026,800,000","1,008,500,000","1,123,900,000","1,087,300,000","1,115,300,000","1,090,600,000","1,046,300,000","1,071,600,000","1,093,300,000","1,088,200,000","1,058,800,000","1,070,700,000","1,079,200,000","1,136,800,000","1,142,100,000","1,145,900,000","1,152,700,000","1,136,900,000","1,104,900,000","1,097,400,000","1,083,300,000","995,800,000","971,100,000","977,700,000","981,700,000","989,700,000","651,600,000","595,300,000","609,600,000","581,600,000","579,700,000","558,500,000","565,300,000","558,100,000","577,400,000","554,100,000","526,400,000","516,300,000","573,300,000","590,300,000","560,700,000","559,100,000","549,100,000","551,500,000","519,900,000","490,100,000","495,296,000","471,937,000","464,754,000","436,127,000","464,209,000","420,791,000","441,626,000","416,955,000","416,455,000","411,705,000","402,233,000","389,138,000","372,340,000","359,147,000","358,636,000","343,836,000","345,925,000","329,775,000","327,181,000","317,241,000","226,823,000","241,420,000","240,940,000","238,296,000","268,759,000","273,425,000","268,762,000","253,494,000","246,400,000","254,300,000","246,800,000","239,300,000","229,900,000","227,400,000","224,300,000","215,500,000","207,400,000","202,900,000","201,100,000","189,300,000","188,100,000","183,100,000","179,000,000","168,900,000","168,600,000","159,900,000","163,900,000","158,600,000","167,800,000","146,200,000","144,600,000","137,900,000","134,000,000","135,500,000","128,500,000","128,000,000","128,600,000","123,600,000","121,900,000","120,300,000","120,800,000","112,600,000","103,100,000","103,700,000","174,700,000","175,200,000","175,400,000","156,900,000","168,100,000","162,800,000","164,700,000","142,600,000",,,,,,,,,,,,,,
	SellingGeneralAndAdministration,"3,416,100,000","867,900,000","832,000,000","853,300,000","862,900,000","809,600,000","802,600,000","788,600,000","1,015,000,000","984,000,000","962,500,000","1,002,700,000","1,001,200,000","978,100,000","955,200,000","1,026,800,000","1,008,500,000","1,123,900,000","1,087,300,000","1,115,300,000","1,090,600,000","1,046,300,000","1,071,600,000","1,093,300,000","1,088,200,000","1,058,800,000","1,070,700,000","1,079,200,000","1,136,800,000","1,142,100,000","1,145,900,000","1,152,700,000","1,136,900,000","1,104,900,000","1,097,400,000","1,083,300,000","995,800,000","971,100,000","977,700,000","981,700,000","989,700,000","651,600,000","595,300,000","609,600,000","581,600,000","579,700,000","558,500,000","565,300,000","558,100,000","577,400,000","554,100,000","526,400,000","516,300,000","541,800,000","578,500,000","580,000,000","557,200,000","557,200,000","523,700,000","519,900,000","490,100,000","495,296,000","471,937,000","464,754,000","436,127,000","464,209,000","420,791,000","441,626,000","416,955,000","416,884,000","410,360,000","402,487,000","385,333,000","372,812,000","357,923,000","358,783,000","344,033,000","335,117,000","327,666,000","315,363,000","304,945,000","225,433,000","241,420,000","240,940,000","238,296,000","230,233,000","235,987,000","232,689,000","217,095,000","212,800,000","219,000,000","213,900,000","206,600,000","197,300,000","196,500,000","194,600,000","186,700,000","181,600,000","177,900,000","175,700,000","164,600,000","164,800,000","160,500,000","157,000,000","147,300,000","148,700,000","142,600,000","143,700,000","139,900,000","149,700,000","129,900,000","128,300,000","121,600,000","120,700,000","119,300,000","113,900,000","112,700,000","114,500,000","108,900,000","106,500,000","105,100,000","107,600,000","98,300,000","89,200,000","90,100,000","151,500,000","155,300,000","154,900,000","137,500,000","147,200,000","145,300,000","146,500,000","124,000,000",,,,,,,,,,,,,,
	DepreciationAmortizationDepletionIncomeStatement,,,,,,,,,,,,,,,,,,,,,,,,,,,,,,,,,,,,,,,,,,,,,,,,,,,,,,,,,,,,,,,,,,,,,,,,,,,,,,,,,,,,,,"38,526,000","37,438,000","36,073,000","36,399,000","33,600,000","35,300,000","32,900,000","32,700,000","32,600,000","30,900,000","29,700,000","28,800,000","25,800,000","25,000,000","25,400,000","24,700,000","23,300,000","22,600,000","22,000,000","21,600,000","19,900,000","17,300,000","20,200,000","18,700,000","18,100,000","16,300,000","16,300,000","16,300,000","13,300,000","16,200,000","14,600,000","15,300,000","14,100,000","14,700,000","15,400,000","15,200,000","13,200,000","14,300,000","13,900,000","13,600,000","23,200,000","19,900,000","20,500,000","19,400,000","20,900,000","17,500,000","18,200,000","18,600,000",,,,,,,,,,,,,,
		DepreciationAndAmortizationInIncomeStatement,,,,,,,,,,,,,,,,,,,,,,,,,,,,,,,,,,,,,,,,,,,,,,,,,,,,,,,,,,,,,,,,,,,,,,,,,,,,,,,,,,,,,,"38,526,000","37,438,000","36,073,000","36,399,000","33,600,000","35,300,000","32,900,000","32,700,000","32,600,000","30,900,000","29,700,000","28,800,000","25,800,000","25,000,000","25,400,000","24,700,000","23,300,000","22,600,000","22,000,000","21,600,000","19,900,000","17,300,000","20,200,000","18,700,000","18,100,000","16,300,000","16,300,000","16,300,000","13,300,000","16,200,000","14,600,000","15,300,000","14,100,000","14,700,000","15,400,000","15,200,000","13,200,000","14,300,000","13,900,000","13,600,000","23,200,000","19,900,000","20,500,000","19,400,000","20,900,000","17,500,000","18,200,000","18,600,000",,,,,,,,,,,,,,
	OtherOperatingExpenses,,,,,,,,,,,,,,,,,,,,,,,,,,,,,,,,,,,,,,,,,,,,,,,,,,,,,,"31,500,000","11,800,000","-19,300,000","1,900,000","-8,100,000","27,800,000",,,,,,,,,,,"-429,000","1,345,000","-254,000","3,805,000","-472,000","1,224,000","-147,000","-197,000","10,808,000","2,109,000","11,818,000","12,296,000",,,,,,,,,,,,,,,,,,,,,,,,,,,,,,,,,,,,,,,,,,,,,,,,,,,,,,,,,,,,,,,,,,
OperatingIncome,"1,701,200,000","453,600,000","472,100,000","465,400,000","310,100,000","475,400,000","446,400,000","261,400,000","449,600,000","621,400,000","648,000,000","548,500,000","407,500,000","594,900,000","591,800,000","506,700,000","380,300,000","576,100,000","584,700,000","475,800,000","379,500,000","560,700,000","577,300,000","438,700,000","377,800,000","521,500,000","555,700,000","503,400,000","395,500,000","558,800,000","578,400,000","506,100,000","380,500,000","490,800,000","503,800,000","425,900,000","311,400,000","430,500,000","429,200,000","368,100,000","207,200,000","227,200,000","262,900,000","228,400,000","166,300,000","212,100,000","240,000,000","204,900,000","157,300,000","206,000,000","228,400,000","190,000,000","124,000,000","139,800,000","201,700,000","210,500,000","160,500,000","174,300,000","171,600,000","173,000,000","148,400,000","145,694,000","181,364,000","153,127,000","131,457,000","98,096,000","171,576,000","146,379,000","126,369,000","123,172,000","158,942,000","135,869,000","116,139,000","114,303,000","145,456,000","121,365,000","101,534,000","93,423,000","130,896,000","98,624,000","72,923,000","66,117,000","94,063,000","80,052,000","77,381,000","73,354,000","97,728,000","78,640,000","72,681,000","68,200,000","87,900,000","71,800,000","62,300,000","65,200,000","79,100,000","63,800,000","53,800,000","55,600,000","66,800,000","52,800,000","43,300,000","50,000,000","56,400,000","45,300,000","33,800,000","42,000,000","49,300,000","40,400,000","31,100,000","40,700,000","43,500,000","33,800,000","27,100,000","32,700,000","36,700,000","31,700,000","20,700,000","31,800,000","35,300,000","28,200,000","22,200,000","25,400,000","35,900,000","30,300,000","18,800,000","37,600,000","46,900,000","34,200,000","2,600,000","29,400,000","40,500,000","28,500,000","-5,700,000","-791,100,000","337,700,000","335,000,000","227,300,000","-597,600,000","294,500,000","-536,400,000","215,900,000","222,700,000","199,000,000","-516,200,000","201,500,000","202,700,000","187,100,000"
NetNonOperatingInterestIncomeExpense,"-218,300,000","-44,600,000","-76,400,000","-45,600,000","-51,700,000","-48,400,000","-134,800,000","-58,700,000","-48,100,000","-46,200,000","-46,100,000","-49,500,000","-49,400,000","-53,900,000","-55,700,000","-56,300,000","-56,400,000","-77,800,000","-55,100,000","-59,600,000","-62,500,000","-68,300,000","-64,900,000","-65,300,000","-66,100,000","-62,300,000","-57,600,000","-61,200,000","-62,500,000","-62,000,000","-63,300,000","-66,200,000","-65,100,000","-67,600,000","-67,000,000","-66,200,000","-61,500,000","-62,500,000","-64,200,000","-63,900,000","-86,100,000","-34,400,000","-13,200,000","-13,100,000","-13,500,000","-14,200,000","-14,900,000","-15,000,000","-15,000,000","-15,100,000","-15,100,000","-15,200,000","-15,800,000",,,,,,,,,,,,,,,,,,,,,,,,,,,,,,,,,,,,,,,,,,,,,,,,,,,,,,,,,,,,,,,,,,,,,,,,,,,,,,,,,,,,,,,,,,,,,,
	InterestIncomeNonOperating,"12,300,000","2,200,000","1,900,000","6,100,000","2,100,000","3,000,000","4,200,000","3,100,000","4,600,000","5,000,000","6,900,000","5,400,000","6,700,000","3,800,000","2,600,000","3,900,000","4,600,000","5,800,000","5,600,000","4,100,000","4,100,000","7,700,000","4,100,000","6,200,000","2,800,000","1,100,000","4,000,000","2,300,000","2,700,000","4,000,000","2,800,000","2,400,000","2,200,000","2,200,000","2,200,000","2,600,000","3,500,000","1,500,000","2,600,000","2,200,000","2,600,000","2,000,000","2,700,000","1,700,000","1,500,000","2,700,000","1,400,000","1,100,000","1,300,000","1,300,000","1,300,000","1,700,000","2,000,000",,,,,,,,,,,,,,,,,,,,,,,,,,,,,,,,,,,,,,,,,,,,,,,,,,,,,,,,,,,,,,,,,,,,,,,,,,,,,,,,,,,,,,,,,,,,,,
	InterestExpenseNonOperating,"230,600,000","46,800,000","78,300,000","51,700,000","53,800,000","51,400,000","139,000,000","61,800,000","52,700,000","51,200,000","53,000,000","54,900,000","56,100,000","57,700,000","58,300,000","60,200,000","61,000,000","83,600,000","60,700,000","63,700,000","66,600,000","76,000,000","69,000,000","71,500,000","68,900,000","63,400,000","61,600,000","63,500,000","65,200,000","66,000,000","66,100,000","68,600,000","67,300,000","69,800,000","69,200,000","68,800,000","65,000,000","64,000,000","66,800,000","66,100,000","88,700,000","36,400,000","15,900,000","14,800,000","15,000,000","16,900,000","16,300,000","16,100,000","16,300,000","16,400,000","16,400,000","16,900,000","17,800,000",,,,,,,,,,,,,,,,,,,,,,,,,,,,,,,,,,,,,,,,,,,,,,,,,,,,,,,,,,,,,,,,,,,,,,,,,,,,,,,,,,,,,,,,,,,,,,
	TotalOtherFinanceCost,,,,,,,,,,"46,200,000","46,100,000","49,500,000","49,400,000","53,900,000","55,700,000","56,300,000","56,400,000","77,800,000","55,100,000","59,600,000","62,500,000","68,300,000","64,900,000","65,300,000","66,100,000","62,300,000",,"61,200,000","62,500,000","62,000,000","63,300,000","66,200,000","65,100,000","67,600,000","67,000,000","66,200,000","61,500,000","62,500,000",,,,,"13,200,000","-13,100,000","-13,500,000",,,,,,,,,,,,,,,,,,,,,,,,,,,,,,,,,,,,,,,,,,,,,,,,,,,,,,,,,,,,,,,,,,,,,,,,,,,,,,,,,,,,,,,,,,,,,,,,,,,,,,
OtherIncomeExpense,"-68,700,000","-59,500,000","6,700,000","-20,100,000","4,200,000","-49,000,000","-19,900,000","-54,300,000","-37,200,000","-47,600,000","-39,600,000","-29,000,000","-19,100,000","6,900,000","-54,600,000","7,500,000","-6,600,000","51,600,000","-4,900,000","-36,800,000","-6,200,000","-3,800,000","-3,200,000","-26,200,000","-6,300,000","-198,700,000","-142,700,000","-65,600,000","-7,800,000","-38,300,000","-7,000,000","6,100,000","-29,600,000","-20,200,000","-27,800,000","-73,600,000","-49,700,000","-34,700,000","-28,000,000","-41,600,000","-41,400,000","-63,000,000","-23,300,000","-30,100,000","-14,600,000","-8,500,000","5,100,000","-600,000","-3,500,000","-10,200,000","-5,400,000","-25,000,000","-26,500,000","-31,500,000","-11,800,000","19,300,000","-1,900,000","8,100,000","-27,800,000",,,,,,,,,,,"429,000","-1,345,000","254,000","-3,805,000","700,000","9,653,000","147,000","197,000","-10,808,000","-2,109,000","-11,818,000","-12,296,000","2,488,000","5,487,000","4,694,000","2,340,000","26,885,000","5,370,000","5,106,000","2,891,000","5,800,000","5,600,000","4,800,000","2,100,000","5,000,000","4,700,000","3,800,000","2,600,000","3,900,000","3,700,000","3,500,000","2,300,000","3,300,000","5,100,000","3,200,000","1,500,000","1,200,000","2,000,000","3,200,000","1,400,000","-4,500,000","2,500,000","3,200,000","1,900,000","1,800,000","2,600,000","2,400,000","1,200,000","1,000,000","2,800,000","1,700,000","3,100,000","3,200,000","1,400,000",,,,,,,,,,,,,,,,,,,,,,,,
	GainOnSaleOfSecurity,,,,,,,,,,,,,,,,,,"3,000,000","3,200,000","5,300,000",,"0",,"7,800,000",,"-123,300,000","-111,900,000","-20,800,000",,,,,,"100,000","100,000",,"-23,400,000",,,,,,,,,,,,,,,,,,,,,,,,,,,,,,,,,,,,,,,,,,,,,,,,,,,,,,,,,,,,,,,,,,,,,,,,,,,,,,,,,,,,,,,,,,,,,,,,,,,,,,,,,,,,,,
	EarningsFromEquityInterest,,,,,,,,,,,,,,,,,,,,,,,,,,,,,,,,,,,,,,,,,,,,,,,,,,,,,,,,,,,,,,,,,,,,,,,,,,"228,000","10,877,000",,,,,,,"3,557,000","5,434,000","4,502,000","2,340,000",,,,,,,,,,,,,,,,,,,,,,,,,,,,,,,,,,,,,,,,,,,,,,,,,,,,,,,,,,,,,,
	SpecialIncomeCharges,"-102,600,000","-65,900,000","-6,300,000","-17,600,000","-12,800,000","-59,300,000","-35,000,000","-69,400,000","-52,400,000","-61,000,000","-60,400,000","-49,900,000","-40,300,000","-13,000,000","-75,600,000","-12,100,000","-26,000,000","48,600,000","-8,100,000","-42,100,000","-6,200,000","-3,800,000","-3,200,000","-34,000,000","-6,300,000","-75,400,000","-30,800,000","-44,800,000","-7,800,000","-38,300,000","-7,000,000","6,100,000","-29,600,000","-20,300,000","-27,900,000","-73,600,000","-26,300,000","-34,700,000","-28,000,000","-41,600,000","-41,400,000","-63,000,000","-23,300,000","-30,100,000","-14,600,000","-8,500,000","5,100,000","-600,000","-3,500,000","-10,200,000","-5,400,000","-25,000,000","-26,500,000","-31,500,000","-11,800,000","19,300,000","-1,900,000","8,100,000","-27,800,000",,,,,,,,,,,"429,000","-1,345,000","254,000","-3,805,000","472,000","-1,224,000","147,000","197,000","-10,808,000","-2,109,000","-11,818,000","-12,296,000","-1,069,000","53,000","192,000",,"26,885,000","5,370,000","5,106,000","2,891,000","5,800,000","5,600,000","4,800,000","2,100,000","5,000,000","4,700,000","3,800,000","2,600,000","3,900,000","3,700,000","3,500,000","2,300,000","3,300,000","5,100,000","3,200,000","1,500,000","1,200,000","2,000,000","3,200,000","1,400,000","-4,500,000","2,500,000","3,200,000","1,900,000","1,800,000","2,600,000","2,400,000","1,200,000","1,000,000","2,800,000","1,700,000","3,100,000","3,200,000","1,400,000",,,,,,,,,,,,,,,,,,,,,,,,
		RestructuringAndMergernAcquisition,"41,800,000","32,000,000","1,200,000","3,800,000","4,800,000","43,000,000","29,600,000","-2,300,000","46,300,000","53,300,000","56,700,000","45,800,000","43,900,000","11,200,000","75,500,000","10,700,000","800,000","8,000,000","5,900,000","35,400,000","6,000,000","-1,900,000","-7,700,000","-2,100,000","3,000,000","54,500,000","16,800,000","23,400,000","7,800,000","42,100,000","12,400,000","12,700,000","30,400,000","20,300,000","27,900,000","73,400,000","30,100,000","81,800,000",,,,,,,,,,,,,,,,,,,,,,,,,,,,,,,,,,,,,,,,,,,,"-321,000","-53,000","-192,000",,,,,,,,,,,,,,,,,,,,,,,,,,,,,,,,,,,,,,,,,,,,,,,,,,,,,,,,,,,,,,,
		WriteOff,,,,,,,,,,,,,,,,,,"0","0","0",,"1,600,000","0","12,600,000",,,,,,,,,,,,,,,,,,,,,,,,,,,,,,,,,,,,,,,,,,,,,,,,,,,,,,,,,,,,,,,,,,,,,,,,,,,,,,,,,,,,,,,,,,,,,,,,,,,,,,,,,,,,,,,,,,,,,,,,,,,
		OtherSpecialCharges,"60,800,000","33,900,000","5,100,000","13,800,000","8,000,000","-62,000,000","35,000,000","27,000,000","6,100,000","7,700,000","3,700,000","4,100,000","-3,600,000","1,800,000","100,000","1,400,000","25,200,000","-10,500,000","2,200,000","6,700,000","200,000","4,100,000","10,900,000","23,500,000","3,300,000","20,900,000",,,,,"-5,400,000","-18,800,000","-800,000",,,"200,000","-3,800,000",,,,,,,,,,,,,,,,,,,,,,,,,,,,,,,,,,,,,,,,,,,,,,,,,,,,,,,,,,,,,,,,,,,,,,,,,,,,,,,,,,,,,,,,,,,,,,,,,,,,,,,,,,,,,,
		GainOnSaleOfBusiness,"0","0","0","0","0",,"0","-44,700,000",,,,,,"0",,,,"46,100,000",,,,,,,,,"-14,000,000","-21,400,000",,"3,800,000",,,,"3,600,000","0",,,"47,100,000",,,,,,,,,,,,,,,,,,,,,,,,,,,,,,,,,,,,,,,,,,,,,,,,,,,,,,,,,,,,,,,,,,,,,,,,,,,,,,,,,,,,,,,,,,,,,,,,,,,,,,,,,,,,,
		GainOnSaleOfPPE,"0","0",,"0",,"4,500,000","0","-44,700,000",,,,,,,,,,,,,,,,,,,,,,,,,,,,,,,,,,,,,,,,,,,,,,,,,,,,,,,,,,,,,,,,,,,,,,,,,,,,,,,,,,,,,,,,,,,,,,,,,,,,,,,,,,,,,,,,,,,,,,,,,,,,,,,,,,,,,,,,,,,
	OtherNonOperatingIncomeExpenses,"33,900,000","6,400,000","13,000,000","-2,500,000","17,000,000","10,300,000","15,100,000","15,100,000","15,200,000","13,400,000","20,800,000","20,900,000","21,200,000","19,900,000","21,000,000","19,600,000","19,400,000",,,,,,,,,,,,,,,,,,,,,,,,,,,,,,,,,,,,,,,,,,,,,,,,,,,,,,,,,,,,,,,,,,,,,,,,,,,,,,,,,,,,,,,,,,,,,,,,,,,,,,,,,,,,,,,,,,,,,,,,,,,,,,,,,,
PretaxIncome,"1,414,200,000","349,500,000","402,400,000","399,700,000","262,600,000","378,000,000","291,700,000","148,400,000","364,300,000","527,600,000","562,300,000","470,000,000","339,000,000","547,900,000","481,500,000","457,900,000","317,300,000","549,900,000","524,700,000","379,400,000","310,800,000","488,600,000","509,200,000","347,200,000","305,400,000","260,500,000","355,400,000","376,600,000","325,200,000","458,500,000","508,100,000","446,000,000","285,800,000","403,000,000","409,000,000","286,100,000","200,200,000","333,300,000","337,000,000","262,600,000","79,700,000","129,800,000","226,400,000","185,200,000","138,200,000","189,400,000","230,200,000","189,300,000","138,800,000","180,700,000","207,900,000","149,800,000","81,700,000","124,300,000","185,700,000","195,200,000","145,700,000","161,200,000","158,800,000","159,600,000","136,700,000","133,837,000","170,145,000","142,113,000","121,129,000","88,761,000","160,047,000","134,195,000","115,179,000","111,784,000","147,376,000","124,652,000","104,966,000","103,692,000","144,282,000","109,613,000","90,831,000","82,983,000","119,908,000","86,669,000","62,411,000","58,498,000","87,106,000","73,428,000","70,713,000","92,764,000","96,570,000","78,501,000","70,215,000","68,100,000","88,600,000","70,300,000","58,600,000","64,400,000","78,800,000","62,200,000","50,900,000","56,100,000","67,100,000","53,300,000","42,800,000","50,400,000","57,800,000","43,900,000","31,800,000","40,100,000","47,900,000","41,000,000","29,900,000","33,200,000","42,900,000","33,800,000","25,000,000","30,500,000","35,000,000","28,300,000","15,500,000","25,600,000","29,600,000","20,700,000","15,700,000","19,800,000","29,300,000","23,600,000","11,900,000","31,300,000","39,800,000","26,200,000","-3,900,000","-25,400,000","31,900,000","20,600,000","-13,300,000",,,,,,,,,,,,,,
TaxProvision,"270,200,000","44,200,000","73,800,000","86,100,000","66,100,000","73,100,000","42,400,000","14,100,000","74,100,000","93,300,000","93,000,000","97,800,000","38,600,000","147,700,000","43,200,000","104,300,000","69,100,000","-21,800,000","128,900,000","81,300,000","54,000,000","116,600,000","129,700,000","83,600,000","73,400,000","37,600,000","105,300,000","67,800,000","89,800,000","115,200,000","138,700,000","131,000,000","91,300,000","113,400,000","101,800,000","70,300,000","39,200,000","98,800,000","97,700,000","79,200,000","35,600,000","41,000,000","71,900,000","59,000,000","44,400,000","57,800,000","55,900,000","59,800,000","43,100,000","64,400,000","62,700,000","50,300,000","24,000,000","44,300,000","59,500,000","56,200,000","42,800,000","47,800,000","44,800,000","49,300,000","47,200,000","46,646,000","59,786,000","48,934,000","43,243,000","34,247,000","56,305,000","47,618,000","40,531,000","40,542,000","52,429,000","46,359,000","38,960,000","36,256,000","56,843,000","42,458,000","35,513,000","31,877,000","47,826,000","35,008,000","25,370,000","23,753,000","35,279,000","29,737,000","28,639,000","35,568,000","36,232,000","30,092,000","27,603,000","25,700,000","33,600,000","26,900,000","23,600,000","25,200,000","31,800,000","24,500,000","20,300,000","21,700,000","26,600,000","20,400,000","16,600,000","20,000,000","22,300,000","16,300,000","12,200,000","15,000,000","18,000,000","15,200,000","11,500,000","12,600,000","16,400,000","12,100,000","9,200,000","9,700,000","11,700,000","9,100,000","2,900,000","7,000,000","9,400,000","6,400,000","4,500,000","6,000,000","10,100,000","8,500,000","4,300,000","14,100,000","16,400,000","10,800,000","-1,600,000","-6,000,000","13,500,000","8,700,000","-5,600,000",,,,,,,,,,,,,,
NetIncomeCommonStockholders,"1,129,900,000","301,000,000","324,500,000","310,800,000","193,600,000","300,300,000","246,200,000","-2,035,000,000","283,400,000","429,600,000","464,200,000","368,600,000","296,500,000","395,100,000","435,400,000","351,300,000","247,300,000","565,900,000","392,400,000","296,600,000","253,500,000","366,300,000","374,100,000","258,400,000","230,800,000","208,900,000","257,800,000","302,000,000","233,400,000","335,500,000","364,900,000","311,400,000","191,000,000","287,100,000","308,000,000","213,100,000","159,600,000","231,400,000","238,000,000","184,500,000","49,700,000","88,700,000","154,300,000","125,900,000","93,600,000","131,300,000","174,200,000","129,300,000","95,500,000","115,800,000","145,000,000","99,100,000","57,400,000","80,000,000","126,200,000","139,000,000","102,900,000","113,400,000","114,000,000","110,300,000","89,500,000","87,191,000","110,359,000","93,179,000","77,886,000","54,514,000","103,742,000","86,577,000","74,648,000","71,242,000","94,947,000","78,293,000","66,006,000","67,436,000","87,439,000","67,155,000","55,318,000","51,106,000","72,082,000","51,661,000","38,923,000","38,302,000","57,261,000","48,193,000","44,414,000","54,768,000","60,338,000","48,409,000","42,612,000","42,400,000","55,000,000","43,400,000","35,000,000","39,200,000","85,000,000","37,700,000","30,600,000","34,400,000","40,500,000","32,900,000","26,200,000","30,400,000","35,500,000","27,600,000","19,600,000","25,100,000","29,900,000","25,800,000","18,400,000","20,600,000","26,500,000","21,700,000","15,800,000","20,800,000","23,300,000","15,200,000","17,300,000","18,600,000","20,200,000","14,300,000","11,200,000","-250,600,000","21,400,000","13,100,000","-31,500,000","15,300,000","21,500,000","13,500,000","-4,200,000","-19,800,000","18,400,000","11,900,000","-7,700,000",,,,,,,,,,,,,,
	NetIncome,"1,129,900,000","301,000,000","324,500,000","310,800,000","193,600,000","300,300,000","246,200,000","-2,035,000,000","283,400,000","429,600,000","464,200,000","368,600,000","296,500,000","395,100,000","435,400,000","351,300,000","247,300,000","565,900,000","392,400,000","296,600,000","253,500,000","366,300,000","374,100,000","258,400,000","230,800,000","208,900,000","257,800,000","302,000,000","233,400,000","335,500,000","364,900,000","311,400,000","191,000,000","287,100,000","308,000,000","213,100,000","159,600,000","231,400,000","238,000,000","184,500,000","49,700,000","88,700,000","154,300,000","125,900,000","93,600,000","131,300,000","174,200,000","129,300,000","95,500,000","115,800,000","145,000,000","99,100,000","57,400,000","80,000,000","126,200,000","139,000,000","102,900,000","113,400,000","114,000,000","110,300,000","89,500,000","87,191,000","110,359,000","93,179,000","77,886,000","54,514,000","103,742,000","86,577,000","74,648,000","71,242,000","94,947,000","78,293,000","66,006,000","67,436,000","87,439,000","67,155,000","55,318,000","51,106,000","72,082,000","51,661,000","38,923,000","38,302,000","57,261,000","48,193,000","44,414,000","54,768,000","60,338,000","48,409,000","42,612,000","42,400,000","55,000,000","43,400,000","35,000,000","39,200,000","85,000,000","37,700,000","30,600,000","34,400,000","40,500,000","32,900,000","26,200,000","30,400,000","35,500,000","27,600,000","19,600,000","25,100,000","29,900,000","25,800,000","18,400,000","20,600,000","26,500,000","21,700,000","15,800,000","20,800,000","23,300,000","15,200,000","17,300,000","18,600,000","20,200,000","14,300,000","11,200,000","-250,600,000","21,600,000","15,000,000","-29,600,000","17,200,000","23,400,000","15,400,000","-2,300,000","-19,400,000","18,400,000","11,900,000","-7,700,000",,,,,,,,,,,,,,
		NetIncomeIncludingNoncontrollingInterests,"1,144,000,000","305,300,000","328,600,000","313,600,000","196,500,000","304,900,000","249,300,000","-2,029,600,000","290,200,000","434,300,000","469,300,000","372,200,000","300,400,000","400,200,000","438,300,000","353,600,000","248,200,000","571,700,000","395,800,000","298,100,000","256,800,000","372,000,000","379,500,000","263,600,000","232,000,000","222,900,000","250,100,000","308,800,000","235,400,000","343,300,000","369,400,000","315,000,000","194,500,000","289,600,000","307,200,000","215,800,000","161,000,000","234,500,000","239,300,000","183,400,000","44,100,000","88,800,000","154,500,000","126,200,000","93,800,000","131,600,000","174,300,000","129,500,000","95,700,000","116,300,000","145,200,000","99,500,000","57,700,000","80,000,000","126,200,000","139,000,000","102,900,000","113,400,000","114,000,000","110,300,000","89,500,000","87,191,000","110,359,000","93,179,000","77,886,000","54,514,000","103,742,000","86,577,000","74,648,000","71,242,000","94,947,000","78,293,000","66,006,000","67,436,000","87,439,000","67,155,000","55,318,000","51,106,000","72,082,000","51,661,000","38,923,000","38,302,000","57,261,000","48,193,000","44,414,000","54,768,000","60,338,000","48,409,000","42,612,000","42,400,000","55,000,000","43,400,000","35,000,000","39,200,000","85,000,000","37,700,000","30,600,000","34,400,000","40,500,000","32,900,000","26,200,000","30,400,000","35,500,000","27,600,000","19,600,000","25,100,000","29,900,000","25,800,000","18,400,000","20,600,000","26,500,000","21,700,000","15,800,000","20,800,000","23,300,000","15,200,000","17,300,000","18,600,000","20,200,000","14,300,000","11,200,000","-250,600,000","21,600,000","15,000,000","-29,600,000","17,200,000","23,400,000","15,400,000","-2,300,000","-19,400,000","18,400,000","11,900,000","-7,700,000","14,100,000","19,000,000","16,200,000","-5,100,000","8,700,000","101,300,000","21,500,000","10,300,000","10,600,000","9,800,000","13,400,000","11,300,000","10,200,000","8,800,000"
			NetIncomeContinuousOperations,"1,144,000,000","305,300,000","328,600,000","313,600,000","196,500,000","304,900,000","249,300,000","134,300,000","290,200,000","434,300,000","469,300,000","372,200,000","300,400,000","400,200,000","438,300,000","353,600,000","248,200,000","571,700,000","395,800,000","298,100,000","256,800,000","372,000,000","379,500,000","263,600,000","232,000,000","222,900,000","250,100,000","308,800,000","235,400,000","343,300,000","369,400,000","315,000,000","194,500,000","289,600,000","307,200,000","215,800,000","161,000,000","234,500,000","239,300,000","183,400,000","44,100,000","88,800,000","154,500,000","126,200,000","93,800,000","131,600,000","174,300,000","129,500,000","95,700,000","116,300,000","145,200,000","99,500,000","57,700,000","80,000,000","126,200,000","139,000,000","102,900,000","113,400,000","114,000,000","110,300,000","89,500,000","87,191,000","110,359,000","93,179,000","77,886,000","54,514,000","103,742,000","86,577,000","74,648,000","71,242,000","94,947,000","78,293,000","66,006,000","67,436,000","87,439,000","67,155,000","55,318,000","51,106,000","72,082,000","51,661,000","37,041,000","38,302,000","57,261,000","48,193,000","44,414,000","57,196,000","60,338,000","48,409,000","42,612,000","42,400,000","55,000,000","43,400,000","35,000,000","39,200,000","47,000,000","37,700,000","30,600,000","34,400,000","40,500,000","32,900,000","26,200,000","30,400,000","35,500,000","27,600,000","19,600,000","25,100,000","29,900,000","25,800,000","18,400,000","20,600,000","26,500,000","21,700,000","15,800,000","20,800,000","23,300,000","19,200,000","12,600,000","18,600,000","20,200,000","14,300,000","11,200,000","13,800,000","19,200,000","15,100,000","7,600,000","17,200,000","23,400,000","15,400,000","-2,300,000","-19,400,000","18,400,000","11,900,000","-7,700,000","14,100,000","19,000,000","16,200,000","-5,100,000","8,600,000","4,300,000","16,400,000","10,300,000","10,600,000","9,800,000","13,400,000","11,300,000","10,200,000","8,800,000"
			NetIncomeDiscontinuousOperations,"0","0","0","0","0","0","0","-2,163,900,000",,,,,,,,,,,,,,,,,,,,,,,,,,,,,,,,,,,,,,,,,,,,,,,,,,,,,,,,,,,,,,,,,,,,,,"0",,,"1,882,000",,,,,,,,,,,,,,,,,,,,,,,,,,,,,,,,,,,,,,,,,"-264,400,000","2,400,000","-100,000","-12,600,000",,,,,,,,,,,,,"100,000","97,000,000",,,,,,,,
			NetIncomeExtraordinary,,,,,,,,,,,,,,,,,,,,,,,,,,,,,,,,,,,,,,,,,,,,,,,,,,,,,,,,,,,,,,,,,,,,,,,,,,,,,,"0",,,,,,,,,,,,,,,,,,,,,,,,,,,,,,,,,,,,"0",,,"4,700,000",,,,,"0",,,"-24,600,000",,,,,,,,,,,,,,,,,,,,,,
			NetIncomeFromTaxLossCarryforward,,,,,,,,,,,,,,,,,,,,,,,,,,,,,,,,,,,,,,,,,,,,,,,,,,,,,,,,,,,,,,,,,,,,,,,,,,,,,,,,,,,,,,,,,,,,,,"0","38,000,000",,,,,,,,,,,,,,,,,,,"0",,"-4,000,000",,,,,,,,,,,,,,,,,,,,,,,,,,,,,,,
		MinorityInterests,"-14,100,000","-4,300,000","-4,100,000","-2,800,000","-2,900,000","-4,600,000","-3,100,000","-5,400,000","-6,800,000","-4,700,000","-5,100,000","-3,600,000","-3,900,000","-5,100,000","-2,900,000","-2,300,000","-900,000","-5,800,000","-3,400,000","-1,500,000","-3,300,000","-5,700,000","-5,400,000","-5,200,000","-1,200,000","-14,000,000","7,700,000","-6,800,000","-2,000,000","-7,800,000","-4,500,000","-3,600,000","-3,500,000","-2,500,000","800,000","-2,700,000","-1,400,000","-3,100,000","-1,300,000","1,100,000","5,600,000","-100,000","-200,000","-300,000","-200,000","-300,000","-100,000","-200,000","-200,000","-500,000","-200,000","-400,000","-300,000",,,,,,,,,,,,,,,,,,,,,,,,,,,,,,,,,,,,,,,,,,,,,,,,,,,,,,,,,,,,,,,,,,,,,,,,,,,,,,,,,,,,,,,,,,,,,,
	PreferredStockDividends,,,,,,,,,,,,,,,,,,,,,,,,,,,,,,,,,,,,,,,,,,,,,,,,,,,,,,,,,,,,,,,,,,,,,,,,,,,,,,,,,,,,,,,,,,,,,,,,,,,,,,,,,,,,,,,,,,,,,,,,,,"0","200,000","1,900,000","1,900,000","1,900,000","1,900,000","1,900,000","1,900,000",,,,,,,,,,,,,,,,,,
	OtherunderPreferredStockDividend,,,,,,,,,,,,,,,,,,,,,,,,,,,,,,,,,,,,,,,,,,,,,,,,,,,,"400,000",,,,,,,,,,,,,,,,,,,,,,,,,,,,,,,,,,,,,,,,,,,,,,,,,,,,,,,,,,,,,,,,,,,,,,,,,,,,,,,,,,,,,,,,,,,,,,,
DilutedNIAvailtoComStockholders,"1,129,900,000","301,000,000","324,500,000","310,800,000","193,600,000","300,300,000","246,200,000","-2,035,000,000","283,400,000","429,600,000","464,200,000","368,600,000","296,500,000","395,100,000","435,400,000","351,300,000","247,300,000","565,900,000","392,400,000","296,600,000","253,500,000","366,300,000","374,100,000","258,400,000","230,800,000","208,900,000","257,800,000","302,000,000","233,400,000","335,500,000","364,900,000","311,400,000","191,000,000","287,100,000","308,000,000","213,100,000","159,600,000","231,400,000","238,000,000","184,500,000","49,700,000","88,700,000","154,300,000","125,900,000","93,600,000","131,300,000","174,200,000","129,300,000","95,500,000","115,800,000","145,000,000","99,100,000","57,400,000","80,000,000","126,200,000","139,000,000","102,900,000","113,400,000","114,000,000","110,300,000","89,500,000","87,191,000","110,359,000","93,179,000","77,886,000","54,514,000","103,742,000","86,577,000","74,648,000","71,242,000","94,947,000","78,293,000","66,006,000","67,436,000","87,439,000","67,155,000","55,318,000","51,106,000","72,082,000","51,661,000","38,923,000","38,302,000","57,261,000","48,193,000","44,414,000","54,768,000","60,338,000","48,409,000","42,612,000","42,400,000","55,000,000","43,400,000","35,000,000","39,200,000","85,000,000","37,700,000","30,600,000","34,400,000","40,500,000","32,900,000","26,200,000","30,400,000","35,500,000","27,600,000","19,600,000","25,100,000","29,900,000","25,800,000","18,400,000","20,600,000","26,500,000","21,700,000","15,800,000","20,800,000","23,300,000","15,200,000","17,300,000","18,600,000","20,200,000","14,300,000","11,200,000","-250,600,000","21,400,000","13,100,000","-31,500,000","15,300,000","21,500,000","13,500,000","-4,200,000","-19,800,000","18,400,000","11,900,000","-7,700,000",,,,,,,,,,,,,,
BasicEPS,,"1.05","1.13","1.09","0.68","1.05","0.86","-7.06","0.98","1.49","1.61","1.28","1.03","1.37","1.51","1.22","0.86","1.96","1.36","1.03","0.87","1.26","1.28","0.88","0.78","0.71","0.87","1.02","0.78","1.12","1.22","1.04","0.64","0.95","1.02","0.71","0.54","0.79","0.81","0.63","0.17",,"0.67","0.54","0.4",,"0.75","0.55","0.41",,"0.61","0.42","0.24",,"0.51","0.56","0.42",,"0.46","0.45","0.36",,"0.44","0.37","0.31",,"0.41","0.34","0.29",,"0.37","0.3","0.26",,"0.34","0.26","0.21",,"0.28","0.2","0.15",,"0.225","0.19","0.175",,"0.235","0.19","0.165",,"0.21","0.165","0.135",,"0.325","0.145","0.12",,"0.16","0.13","0.1",,"0.14","0.11","0.075",,"0.115","0.095","0.07",,"0.105","0.085","0.065",,"0.095","0.06","0.07",,"0.08","0.06","0.045",,"0.09","0.065","-0.17",,"0.115","0.075","-0.025",,"0.085","0.055","-0.035",,"0.09","0.075","-0.025",,"0.47",,"0.05","0.05","0.045",,"0.055","0.05","0.045"
DilutedEPS,,"1.04","1.12","1.08","0.67","1.04","0.85","-7.06","0.97","1.47","1.59","1.26","1.01","1.35","1.48","1.2","0.84","1.93","1.34","1.01","0.86","1.24","1.27","0.87","0.77","0.69","0.86","1","0.77","1.1","1.19","1.02","0.62","0.93","1","0.69","0.53","0.77","0.8","0.62","0.17",,"0.65","0.53","0.4",,"0.74","0.54","0.4",,"0.6","0.41","0.24",,"0.5","0.55","0.41",,"0.46","0.44","0.35",,"0.43","0.36","0.3",,"0.4","0.33","0.29",,"0.36","0.3","0.25",,"0.33","0.25","0.21",,"0.275","0.2","0.15",,"0.22","0.185","0.17",,"0.23","0.18","0.16",,"0.205","0.16","0.13",,"0.32","0.14","0.115",,"0.155","0.125","0.1",,"0.14","0.11","0.075",,"0.115","0.095","0.07",,"0.105","0.085","0.065",,"0.095","0.06","0.07",,"0.08","0.06","0.045",,"0.09","0.065","-0.17",,"0.11","0.075","-0.025",,"0.085","0.055","-0.035",,"0.09","0.075","-0.025",,"0.47",,"0.05","0.05","0.045",,"0.05","0.045","0.04"
BasicAverageShares,,"286,700,000","286,400,000","286,000,000","286,000,000","285,600,000","285,400,000","288,200,000","288,800,000","288,300,000","288,100,000","287,600,000","288,200,000","288,000,000","288,800,000","288,800,000","288,600,000","289,100,000","289,000,000","289,800,000","290,600,000","291,700,000","291,600,000","292,400,000","294,400,000","295,800,000","295,200,000","296,200,000","298,200,000","300,100,000","300,000,000","299,600,000","300,600,000","301,200,000","301,300,000","301,500,000","295,400,000","293,800,000","292,700,000","291,900,000","291,500,000",,"231,900,000","231,600,000","232,000,000",,"232,800,000","233,400,000","235,400,000",,"237,000,000","236,500,000","236,100,000",,"247,500,000","247,100,000","247,000,000",,"245,200,000","246,000,000","249,700,000",,"251,573,000","252,152,000","253,540,000",,"255,817,000","255,474,000","256,272,000",,"258,368,000","257,135,000","257,025,000",,"258,694,000","261,246,000","260,448,000",,"258,574,000","257,810,000","256,812,000",,"255,350,000","254,666,000","253,924,000",,"254,224,000","256,692,000","257,888,000",,"261,904,762","263,030,303","259,259,259",,"261,538,462","260,000,000","255,000,000",,"253,125,000","253,076,923","262,000,000",,"253,571,429","250,909,091","261,333,333",,"260,000,000","271,578,947","262,857,143",,"252,380,952","255,294,118","243,076,923",,"245,263,158","253,333,333","247,142,857",,"252,500,000","238,333,333","248,888,889",,"237,777,778","201,538,462","185,294,118",,"186,956,522","180,000,000","168,000,000",,"216,470,588","216,363,636","220,000,000",,"215,800,000","214,584,000","214,232,000",,"213,976,000",,"217,040,000","217,040,000","217,824,000",,"215,872,000","211,680,000","218,560,000"
DilutedAverageShares,,"289,500,000","289,200,000","288,800,000","288,800,000","288,700,000","288,400,000","291,500,000","292,600,000","292,600,000","292,800,000","292,100,000","292,300,000","292,200,000","293,400,000","293,300,000","292,700,000","293,600,000","293,400,000","294,100,000","295,000,000","295,500,000","295,700,000","296,500,000","298,300,000","300,600,000","300,000,000","301,100,000","303,200,000","305,600,000","305,700,000","305,200,000","306,500,000","307,500,000","307,200,000","307,400,000","300,900,000","299,900,000","298,600,000","298,200,000","297,900,000",,"236,100,000","236,100,000","235,900,000",,"237,000,000","237,400,000","239,000,000",,"240,600,000","239,500,000","238,100,000",,"251,800,000","251,400,000","251,500,000",,"249,700,000","250,700,000","254,500,000",,"256,657,000","256,692,000","258,055,000",,"259,086,000","258,872,000","260,044,000",,"262,252,000","260,905,000","260,227,000",,"261,609,000","264,553,000","263,636,000",,"261,222,000","261,226,000","260,360,000",,"259,618,000","260,136,000","261,258,000",,"262,334,000","265,980,000","266,660,000",,"268,292,683","271,250,000","269,230,769",,"265,625,000","269,285,714","266,086,957",,"261,290,323","263,200,000","262,000,000",,"253,571,429","250,909,091","261,333,333",,"260,000,000","271,578,947","262,857,143",,"252,380,952","255,294,118","243,076,923",,"245,263,158","253,333,333","247,142,857",,"252,500,000","238,333,333","248,888,889",,"237,777,778","201,538,462","185,294,118",,"195,454,545","180,000,000","168,000,000",,"216,470,588","216,363,636","220,000,000",,"215,800,000","214,584,000","214,232,000",,"213,976,000",,"217,040,000","217,040,000","217,824,000",,"215,872,000","211,680,000","218,560,000"
TotalOperatingIncomeAsReported,"1,598,600,000","387,700,000","465,800,000","447,800,000","297,300,000","416,100,000","411,400,000","192,000,000","397,200,000","560,400,000","587,600,000","498,600,000","367,200,000","581,900,000","516,200,000","494,600,000","354,300,000","627,700,000","579,800,000","439,000,000","373,300,000","556,900,000","574,100,000","412,500,000","371,500,000","322,800,000","413,000,000","437,800,000","387,700,000","520,500,000","571,400,000","512,200,000","350,900,000","470,600,000","476,000,000","352,300,000","261,700,000","395,800,000","401,200,000","326,500,000","165,800,000","164,200,000","239,600,000","198,300,000","151,700,000","203,600,000","245,100,000","204,300,000","153,800,000","195,800,000","223,000,000","165,000,000","97,500,000","139,800,000","201,700,000","210,500,000","160,500,000","174,300,000","171,600,000","173,000,000","148,400,000","145,694,000","181,364,000","153,127,000","131,457,000","98,096,000","171,576,000","146,379,000","126,369,000","123,172,000","158,942,000","135,869,000","116,139,000","114,303,000","145,456,000","121,365,000","101,534,000","93,423,000","130,896,000","98,624,000","72,923,000","66,438,000","94,116,000","80,244,000","77,381,000","73,354,000","97,728,000","78,640,000","72,681,000","68,200,000","87,900,000","71,800,000","62,300,000","65,200,000","79,100,000","63,800,000","53,800,000","55,600,000","66,800,000","52,800,000","43,300,000","50,000,000","56,400,000","45,300,000","33,800,000","42,000,000","49,300,000","40,400,000","31,100,000","40,700,000","43,500,000","33,800,000","27,100,000","32,700,000","36,700,000","31,700,000","20,700,000","31,800,000","35,300,000","28,200,000","22,200,000","25,400,000","35,900,000","30,300,000","18,800,000","37,600,000","46,900,000","34,200,000","2,600,000","29,400,000","40,500,000","28,500,000","-5,700,000",,,,,,,,,,,,,,
TotalExpenses,"11,031,900,000","2,911,000,000","2,848,700,000","2,697,300,000","2,574,900,000","2,589,900,000","2,572,200,000","2,424,300,000","3,131,800,000","3,202,200,000","3,169,900,000","3,210,900,000","3,097,900,000","3,165,600,000","3,155,400,000","3,182,900,000","3,090,600,000","3,074,600,000","2,978,600,000","2,986,900,000","2,782,100,000","2,791,400,000","2,808,800,000","2,878,500,000","2,719,600,000","2,890,500,000","2,890,700,000","2,885,700,000","2,902,100,000","3,122,000,000","3,116,500,000","3,062,100,000","2,956,100,000","3,068,700,000","2,980,200,000","2,911,900,000","2,560,700,000","2,615,300,000","2,594,100,000","2,590,600,000","2,603,700,000","1,618,100,000","1,473,200,000","1,470,400,000","1,352,000,000","1,363,400,000","1,321,900,000","1,315,300,000","1,274,800,000","1,358,500,000","1,318,000,000","1,251,500,000","1,224,200,000","1,343,500,000","1,424,600,000","1,359,500,000","1,297,400,000","1,265,500,000","1,241,600,000","1,189,400,000","1,105,800,000","1,125,306,000","1,097,491,000","1,072,757,000","988,618,000","1,043,419,000","993,197,000","1,012,285,000","943,511,000","949,363,000","931,374,000","906,842,000","863,232,000","842,163,000","837,310,000","825,370,000","774,318,000","789,957,000","763,970,000","740,606,000","713,186,000","495,660,000","522,168,000","515,756,000","503,526,000","493,322,000","502,938,000","492,071,000","453,579,000","447,600,000","466,600,000","448,600,000","427,000,000","418,100,000","420,900,000","404,700,000","382,600,000","366,400,000","366,100,000","359,000,000","330,400,000","341,000,000","335,700,000","327,900,000","299,900,000","307,400,000","299,200,000","293,000,000","278,500,000","321,600,000","259,300,000","248,600,000","233,000,000","234,700,000","238,800,000","226,100,000","220,100,000","231,100,000","225,400,000","219,000,000","211,800,000","220,100,000","208,100,000","191,100,000","188,400,000","322,000,000","341,600,000","338,800,000","266,300,000","311,300,000","329,300,000","331,300,000","241,100,000",,,,,,,,,,,,,,
NetIncomeFromContinuingAndDiscontinuedOperation,"1,129,900,000","301,000,000","324,500,000","310,800,000","193,600,000","300,300,000","246,200,000","-2,035,000,000","283,400,000","429,600,000","464,200,000","368,600,000","296,500,000","395,100,000","435,400,000","351,300,000","247,300,000","565,900,000","392,400,000","296,600,000","253,500,000","366,300,000","374,100,000","258,400,000","230,800,000","208,900,000","257,800,000","302,000,000","233,400,000","335,500,000","364,900,000","311,400,000","191,000,000","287,100,000","308,000,000","213,100,000","159,600,000","231,400,000","238,000,000","184,500,000","49,700,000","88,700,000","154,300,000","125,900,000","93,600,000","131,300,000","174,200,000","129,300,000","95,500,000","115,800,000","145,000,000","99,100,000","57,400,000","80,000,000","126,200,000","139,000,000","102,900,000","113,400,000","114,000,000","110,300,000","89,500,000","87,191,000","110,359,000","93,179,000","77,886,000","54,514,000","103,742,000","86,577,000","74,648,000","71,242,000","94,947,000","78,293,000","66,006,000","67,436,000","87,439,000","67,155,000","55,318,000","51,106,000","72,082,000","51,661,000","38,923,000","38,302,000","57,261,000","48,193,000","44,414,000","57,196,000","60,338,000","48,409,000","42,612,000","42,400,000","55,000,000","43,400,000","35,000,000","39,200,000","47,000,000","37,700,000","30,600,000","34,400,000","40,500,000","32,900,000","26,200,000","30,400,000","35,500,000","27,600,000","19,600,000","25,100,000","29,900,000","25,800,000","18,400,000","20,600,000","26,500,000","21,700,000","15,800,000","20,800,000","23,300,000","19,200,000","12,600,000","18,600,000","20,200,000","14,300,000","11,200,000","-250,600,000","21,600,000","15,000,000","-5,000,000","17,200,000","23,400,000","15,400,000","-2,300,000","-19,400,000","18,400,000","11,900,000","-7,700,000",,,,,,,,,,,,,,
NormalizedIncome,"1,212,903,400","358,565,865.522","329,647,100","324,616,000","203,174,400","348,132,195.767","276,125,000","191,707,000","325,162,800","479,812,850.644","514,610,314.779","408,120,800","332,205,800","404,595,528.381","504,196,000","360,641,200","267,632,000","534,940,000","396,094,600","325,524,800","258,621,200","369,193,164.142","376,484,000","278,285,800","235,588,000","378,920,076.775","358,260,800","355,792,000","239,047,200","364,176,968.375","369,989,000","307,093,400","211,157,600","301,615,930.521","328,877,800","268,594,400","199,558,800","255,813,891.389","257,880,000","213,536,800","76,610,000","131,800,154.083","170,200,397.527","146,410,907.127","103,509,406.657","137,206,019.007","170,338,444.831","129,710,459.588","97,913,184.438","122,364,803.542","148,771,428.571","115,705,473.965","76,115,422.277","100,273,531.778","134,219,170.705","125,256,659.836","104,241,866.85","107,701,861.042","133,957,178.841","110,300,000","89,500,000","87,191,000","110,359,000","93,179,000","77,886,000","54,514,000","103,742,000","86,577,000","74,648,000","70,968,590.406","95,813,516.36","78,133,464.477","68,398,706.495","67,129,035.22","88,180,778.85","67,064,939.651","55,198,022.834","57,762,226.552","73,349,813.14","58,751,800","44,418,600","38,943,400","57,229,200","48,077,800","44,414,000","40,619,370.489","56,982,764.834","45,260,296.748","40,857,513.181","38,788,839.941","51,523,702.032","40,436,699.858","33,740,000","36,156,521.739","44,180,000","35,396,784.566","29,036,935.167","32,008,556.15","38,266,766.021","30,739,587.242","24,792,056.075","28,409,523.81","32,367,647.059","25,588,154.897","18,675,471.698","24,348,877.805","28,651,565.762","23,786,341.463","17,538,461.538","23,392,168.675","24,955,710.956","19,645,562.13","14,599,200","19,572,459.016","21,569,142.857","17,571,731.449","11,624,516.129","17,873,437.5","18,289,189.189","13,125,603.865","8,988,535.032","11,569,696.97","18,282,593.857","15,100,000","7,600,000","17,200,000","23,400,000","15,400,000","-2,300,000","-19,400,000","18,400,000","11,900,000","-7,700,000",,,,,,,,,,,,,,
InterestIncome,"12,300,000","2,200,000","1,900,000","6,100,000","2,100,000","3,000,000","4,200,000","3,100,000","4,600,000","5,000,000","6,900,000","5,400,000","6,700,000","3,800,000","2,600,000","3,900,000","4,600,000","5,800,000","5,600,000","4,100,000","4,100,000","7,700,000","4,100,000","6,200,000","2,800,000","1,100,000","4,000,000","2,300,000","2,700,000","4,000,000","2,800,000","2,400,000","2,200,000","2,200,000","2,200,000","2,600,000","3,500,000","1,500,000","2,600,000","2,200,000","2,600,000","2,000,000","2,700,000","1,700,000","1,500,000","2,700,000","1,400,000","1,100,000","1,300,000","1,300,000","1,300,000","1,700,000","2,000,000",,,,,,,,,,,,,,,,,,,,,,,,,,,,,,,,,,,,,,,,,,,,,,,,,,,,,,,,,,,,,,,,,,,,,,,,,,,,,,,,,,,,,,,,,,,,,,
InterestExpense,"230,600,000","46,800,000","78,300,000","51,700,000","53,800,000","51,400,000","139,000,000","61,800,000","52,700,000","51,200,000","53,000,000","54,900,000","56,100,000","57,700,000","58,300,000","60,200,000","61,000,000","83,600,000","60,700,000","63,700,000","66,600,000","76,000,000","69,000,000","71,500,000","68,900,000","63,400,000","61,600,000","63,500,000","65,200,000","66,000,000","66,100,000","68,600,000","67,300,000","69,800,000","69,200,000","68,800,000","65,000,000","64,000,000","66,800,000","66,100,000","88,700,000","36,400,000","15,900,000","14,800,000","15,000,000","16,900,000","16,300,000","16,100,000","16,300,000","16,400,000","16,400,000","16,900,000","17,800,000",,,,,,,,,,,,,,,,,,,,,,,,,,,,,,,,,,,,,,,,,,,,,,,,,,,,,,,,,,,,,,,,,,,,,,,,,,,,,,,,,,,,,,,,,,,,,,
NetInterestIncome,"-218,300,000","-44,600,000","-76,400,000","-45,600,000","-51,700,000","-48,400,000","-134,800,000","-58,700,000","-48,100,000","-46,200,000","-46,100,000","-49,500,000","-49,400,000","-53,900,000","-55,700,000","-56,300,000","-56,400,000","-77,800,000","-55,100,000","-59,600,000","-62,500,000","-68,300,000","-64,900,000","-65,300,000","-66,100,000","-62,300,000","-57,600,000","-61,200,000","-62,500,000","-62,000,000","-63,300,000","-66,200,000","-65,100,000","-67,600,000","-67,000,000","-66,200,000","-61,500,000","-62,500,000","-64,200,000","-63,900,000","-86,100,000","-34,400,000","-13,200,000","-13,100,000","-13,500,000","-14,200,000","-14,900,000","-15,000,000","-15,000,000","-15,100,000","-15,100,000","-15,200,000","-15,800,000",,,,,,,,,,,,,,,,,,,,,,,,,,,,,,,,,,,,,,,,,,,,,,,,,,,,,,,,,,,,,,,,,,,,,,,,,,,,,,,,,,,,,,,,,,,,,,
EBIT,"1,644,800,000","396,300,000","480,700,000","451,400,000","316,400,000","429,400,000","430,700,000","210,200,000","417,000,000","578,800,000","615,300,000","524,900,000","395,100,000","605,600,000","539,800,000","518,100,000","378,300,000","633,500,000","585,400,000","443,100,000","377,400,000","564,600,000","578,200,000","418,700,000","374,300,000","323,900,000","417,000,000","440,100,000","390,400,000","524,500,000","574,200,000","514,600,000","353,100,000","472,800,000","478,200,000","354,900,000","265,200,000","397,300,000","403,800,000","328,700,000","168,400,000","166,200,000","242,300,000","200,000,000","153,200,000","206,300,000","246,500,000","205,400,000","155,100,000","197,100,000","224,300,000","166,700,000","99,500,000","139,800,000","201,700,000","210,500,000","160,500,000","174,300,000","171,600,000","173,000,000","148,400,000","145,694,000","181,364,000","153,127,000","131,457,000","98,096,000","171,576,000","146,379,000","126,369,000","123,172,000","158,942,000","135,869,000","116,139,000","114,303,000","145,456,000","121,365,000","101,534,000","93,423,000","130,896,000","98,624,000","72,923,000","66,117,000","94,063,000","80,052,000","77,381,000","73,354,000","97,728,000","78,640,000","72,681,000","68,200,000","87,900,000","71,800,000","62,300,000","65,200,000","79,100,000","63,800,000","53,800,000","55,600,000","66,800,000","52,800,000","43,300,000","50,000,000","56,400,000","45,300,000","33,800,000","42,000,000","49,300,000","40,400,000","31,100,000","40,700,000","43,500,000","33,800,000","27,100,000","32,700,000","36,700,000","31,700,000","20,700,000","31,800,000","35,300,000","28,200,000","22,200,000","25,400,000","35,900,000","30,300,000","18,800,000","37,600,000","46,900,000","34,200,000","2,600,000","29,400,000","40,500,000","28,500,000","-5,700,000","-791,100,000","337,700,000","335,000,000","227,300,000","-597,600,000","294,500,000","-536,400,000","215,900,000","222,700,000","199,000,000","-516,200,000","201,500,000","202,700,000","187,100,000"
EBITDA,"2,487,900,000"
ReconciledCostOfRevenue,"7,615,800,000","2,043,100,000","2,016,700,000","1,844,000,000","1,712,000,000","1,780,300,000","1,769,600,000","1,635,700,000","2,116,800,000","2,218,200,000","2,207,400,000","2,208,200,000","2,096,700,000","2,187,500,000","2,200,200,000","2,156,100,000","2,082,100,000","1,950,700,000","1,891,300,000","1,871,600,000","1,691,500,000","1,745,100,000","1,737,200,000","1,785,200,000","1,631,400,000","1,831,700,000","1,820,000,000","1,806,500,000","1,765,300,000","1,979,900,000","1,970,600,000","1,909,400,000","1,819,200,000","1,963,800,000","1,882,800,000","1,828,600,000","1,564,900,000","1,644,200,000","1,616,400,000","1,608,900,000","1,614,000,000","966,500,000","877,900,000","860,800,000","770,400,000","783,700,000","763,400,000","750,000,000","716,700,000","781,100,000","763,900,000","725,100,000","707,900,000","770,200,000","834,300,000","798,800,000","738,300,000","716,400,000","690,100,000","669,500,000","615,700,000","630,010,000","625,554,000","608,003,000","552,491,000","579,210,000","572,406,000","570,659,000","526,556,000","532,908,000","519,669,000","504,609,000","474,094,000","469,823,000","478,163,000","466,734,000","430,482,000","444,032,000","434,195,000","413,425,000","395,945,000","268,837,000","280,748,000","274,816,000","265,230,000","224,563,000","229,513,000","223,309,000","200,085,000","201,200,000","212,300,000","201,800,000","187,700,000","188,200,000","193,500,000","180,400,000","167,100,000","159,000,000","163,200,000","157,900,000","141,100,000","152,900,000","152,600,000","148,900,000","131,000,000","138,800,000","139,300,000","129,100,000","119,900,000","153,800,000","113,100,000","104,100,000","95,100,000","100,700,000","103,200,000","97,600,000","92,100,000","102,500,000","101,800,000","97,100,000","91,500,000","99,300,000","95,500,000","88,000,000","84,700,000","147,300,000","166,400,000","163,500,000","109,400,000","143,200,000","166,400,000","166,600,000","98,500,000",,,,,,,,,,,,,,
ReconciledDepreciation,"843,100,000","215,600,000","206,900,000","205,400,000","215,200,000","207,500,000","209,000,000","146,600,000","249,600,000","244,800,000","244,700,000","245,000,000","238,800,000","237,900,000","234,600,000","234,700,000","231,100,000","227,800,000","228,300,000","221,200,000","216,000,000","212,600,000","216,800,000","209,100,000","212,200,000","212,400,000","211,400,000","218,500,000","217,200,000","218,000,000","218,600,000","218,600,000","216,800,000","214,400,000","211,900,000","204,600,000","185,300,000","366,000,000","116,700,000","116,300,000","115,500,000","110,700,000","97,100,000","96,700,000","91,200,000","88,400,000","81,500,000","91,800,000","86,200,000","85,700,000","83,600,000","84,600,000","80,400,000","79,500,000","85,200,000","85,100,000","84,900,000","76,200,000","73,200,000","72,300,000","70,200,000","66,689,000","68,553,000","67,970,000","65,357,000","62,024,000","64,588,000","65,282,000","65,041,000","62,183,000","62,510,000","61,403,000","61,286,000","56,149,000","59,738,000","51,265,000","62,504,000","62,845,000","54,281,000","51,931,000","54,371,000","40,858,000","41,073,000","40,955,000","40,104,000","38,526,000","37,438,000","36,073,000","36,399,000","33,600,000","35,300,000","32,900,000","32,700,000","32,600,000","30,900,000","29,700,000","28,800,000","25,800,000","25,000,000","25,400,000","24,700,000","23,300,000","22,600,000","22,000,000","21,600,000","19,900,000","17,300,000","20,200,000","18,700,000","18,100,000","16,300,000","16,200,000","16,300,000","13,300,000","16,300,000","14,600,000","15,300,000","14,100,000","14,700,000","15,400,000","15,200,000","13,200,000","14,300,000","13,900,000","13,600,000","23,200,000","19,900,000","20,400,000","19,400,000","20,900,000","17,600,000","18,200,000","18,600,000",,,,,,,,,,,,,,
NetIncomeFromContinuingOperationNetMinorityInterest,"1,129,900,000","301,000,000","324,500,000","310,800,000","193,600,000","300,300,000","246,200,000","128,900,000","283,400,000","429,600,000","464,200,000","368,600,000","296,500,000","395,100,000","435,400,000","351,300,000","247,300,000","565,900,000","392,400,000","296,600,000","253,500,000","366,300,000","374,100,000","258,400,000","230,800,000","208,900,000","257,800,000","302,000,000","233,400,000","335,500,000","364,900,000","311,400,000","191,000,000","287,100,000","308,000,000","213,100,000","159,600,000","231,400,000","238,000,000","184,500,000","49,700,000","88,700,000","154,300,000","125,900,000","93,600,000","131,300,000","174,200,000","129,300,000","95,500,000","115,800,000","145,000,000","99,100,000","57,400,000","80,000,000","126,200,000","139,000,000","102,900,000","113,400,000","114,000,000","110,300,000","89,500,000","87,191,000","110,359,000","93,179,000","77,886,000","54,514,000","103,742,000","86,577,000","74,648,000","71,242,000","94,947,000","78,293,000","66,006,000","67,436,000","87,439,000","67,155,000","55,318,000","51,106,000","72,082,000","51,661,000","37,041,000","38,302,000","57,261,000","48,193,000","44,414,000","57,196,000","60,338,000","48,409,000","42,612,000","42,400,000","55,000,000","43,400,000","35,000,000","39,200,000","47,000,000","37,700,000","30,600,000","34,400,000","40,500,000","32,900,000","26,200,000","30,400,000","35,500,000","27,600,000","19,600,000","25,100,000","29,900,000","25,800,000","18,400,000","20,600,000","26,500,000","21,700,000","15,800,000","20,800,000","23,300,000","19,200,000","12,600,000","18,600,000","20,200,000","14,300,000","11,200,000","13,800,000","19,200,000","15,100,000","7,600,000","17,200,000","23,400,000","15,400,000","-2,300,000","-19,400,000","18,400,000","11,900,000","-7,700,000",,,,,,,,,,,,,,
TotalUnusualItemsExcludingGoodwill,"-102,600,000","-65,900,000","-6,300,000","-17,600,000","-12,800,000","-59,300,000","-35,000,000","-69,400,000","-52,400,000","-61,000,000","-60,400,000","-49,900,000","-40,300,000","-13,000,000","-75,600,000","-12,100,000","-26,000,000","51,600,000","-4,900,000","-36,800,000","-6,200,000","-3,800,000","-3,200,000","-26,200,000","-6,300,000","-198,700,000","-142,700,000","-65,600,000","-7,800,000","-38,300,000","-7,000,000","6,100,000","-29,600,000","-20,200,000","-27,800,000","-73,600,000","-49,700,000","-34,700,000","-28,000,000","-41,600,000","-41,400,000","-63,000,000","-23,300,000","-30,100,000","-14,600,000","-8,500,000","5,100,000","-600,000","-3,500,000","-10,200,000","-5,400,000","-25,000,000","-26,500,000","-31,500,000","-11,800,000","19,300,000","-1,900,000","8,100,000","-27,800,000",,,,,,,,,,,"429,000","-1,345,000","254,000","-3,805,000","472,000","-1,224,000","147,000","197,000","-10,808,000","-2,109,000","-11,818,000","-12,296,000","-1,069,000","53,000","192,000",,"26,885,000","5,370,000","5,106,000","2,891,000","5,800,000","5,600,000","4,800,000","2,100,000","5,000,000","4,700,000","3,800,000","2,600,000","3,900,000","3,700,000","3,500,000","2,300,000","3,300,000","5,100,000","3,200,000","1,500,000","1,200,000","2,000,000","3,200,000","1,400,000","-4,500,000","2,500,000","3,200,000","1,900,000","1,800,000","2,600,000","2,400,000","1,200,000","1,000,000","2,800,000","1,700,000","3,100,000","3,200,000","1,400,000",,,,,,,,,,,,,,,,,,,,,,,,
TotalUnusualItems,"-102,600,000","-65,900,000","-6,300,000","-17,600,000","-12,800,000","-59,300,000","-35,000,000","-69,400,000","-52,400,000","-61,000,000","-60,400,000","-49,900,000","-40,300,000","-13,000,000","-75,600,000","-12,100,000","-26,000,000","51,600,000","-4,900,000","-36,800,000","-6,200,000","-3,800,000","-3,200,000","-26,200,000","-6,300,000","-198,700,000","-142,700,000","-65,600,000","-7,800,000","-38,300,000","-7,000,000","6,100,000","-29,600,000","-20,200,000","-27,800,000","-73,600,000","-49,700,000","-34,700,000","-28,000,000","-41,600,000","-41,400,000","-63,000,000","-23,300,000","-30,100,000","-14,600,000","-8,500,000","5,100,000","-600,000","-3,500,000","-10,200,000","-5,400,000","-25,000,000","-26,500,000","-31,500,000","-11,800,000","19,300,000","-1,900,000","8,100,000","-27,800,000",,,,,,,,,,,"429,000","-1,345,000","254,000","-3,805,000","472,000","-1,224,000","147,000","197,000","-10,808,000","-2,109,000","-11,818,000","-12,296,000","-1,069,000","53,000","192,000",,"26,885,000","5,370,000","5,106,000","2,891,000","5,800,000","5,600,000","4,800,000","2,100,000","5,000,000","4,700,000","3,800,000","2,600,000","3,900,000","3,700,000","3,500,000","2,300,000","3,300,000","5,100,000","3,200,000","1,500,000","1,200,000","2,000,000","3,200,000","1,400,000","-4,500,000","2,500,000","3,200,000","1,900,000","1,800,000","2,600,000","2,400,000","1,200,000","1,000,000","2,800,000","1,700,000","3,100,000","3,200,000","1,400,000",,,,,,,,,,,,,,,,,,,,,,,,
NormalizedEBITDA,"2,590,500,000","677,800,000","693,900,000","674,400,000","544,400,000","696,200,000","674,700,000","426,200,000","719,000,000","884,600,000","920,400,000","819,800,000","674,200,000","856,500,000","850,000,000","764,900,000","635,400,000","809,700,000","818,600,000","701,100,000","599,600,000","781,000,000","798,200,000","654,000,000","592,800,000","735,000,000","771,100,000","724,200,000","615,400,000","780,800,000","799,800,000","727,100,000","599,500,000","707,400,000","717,900,000","633,100,000","500,200,000","798,000,000","548,500,000","486,600,000","325,300,000","339,900,000","362,700,000","326,800,000","259,000,000","303,200,000","322,900,000","297,800,000","244,800,000","293,000,000","313,300,000","276,300,000","206,400,000","250,800,000","298,700,000","276,300,000","247,300,000","242,400,000","272,600,000","245,300,000","218,600,000","212,383,000","249,917,000","221,097,000","196,814,000","160,120,000","236,164,000","211,661,000","191,410,000","184,926,000","222,797,000","197,018,000","181,230,000","169,980,000","206,418,000","172,483,000","163,841,000","167,076,000","187,286,000","162,373,000","139,590,000","108,044,000","135,083,000","120,815,000","117,485,000","84,995,000","129,796,000","109,607,000","106,189,000","96,000,000","117,600,000","99,900,000","92,900,000","92,800,000","105,300,000","89,700,000","80,000,000","77,500,000","88,100,000","74,700,000","65,700,000","70,000,000","73,900,000","64,100,000","53,900,000","60,700,000","64,600,000","57,400,000","48,400,000","63,300,000","57,300,000","46,900,000","41,500,000","44,200,000","50,400,000","43,900,000","34,800,000","44,900,000","47,200,000","41,900,000","34,300,000","35,400,000","48,800,000","44,200,000","32,400,000","60,800,000","66,800,000","54,700,000","22,000,000","50,300,000","58,100,000","46,700,000","12,900,000","-791,100,000","337,700,000","335,000,000","227,300,000","-597,600,000","294,500,000","-536,400,000","215,900,000","222,700,000","199,000,000","-516,200,000","201,500,000","202,700,000","187,100,000"
TaxRateForCalcs,"0.191","0.126","0.183","0.215","0.252","0.193","0.145","0.095","0.203","0.177","0.165","0.208","0.114","0.27","0.09","0.228","0.218","0.4","0.246","0.214","0.174","0.239","0.255","0.241","0.24","0.144","0.296","0.18","0.276","0.251","0.273","0.294","0.319","0.281","0.249","0.246","0.196","0.296","0.29","0.302","0.35","0.316","0.318","0.319","0.321","0.305","0.243","0.316","0.311","0.356","0.302","0.336","0.294","0.356","0.32","0.288","0.294","0.297","0.282","0.309","0.345","0.349","0.351","0.344","0.357","0.386","0.352","0.355","0.352","0.363","0.356","0.372","0.371","0.35","0.394","0.387","0.391","0.384","0.399","0.4","0.4","0.4","0.4","0.4","0.4","0.383","0.375","0.383","0.393","0.377","0.379","0.383","0.4","0.391","0.4","0.394","0.399","0.387","0.396","0.383","0.388","0.397","0.386","0.371","0.384","0.374","0.376","0.371","0.385","0.38","0.382","0.358","0.368","0.318","0.334","0.322","0.187","0.273","0.318","0.309","0.287","0.303","0.345","0.36","0.361","0.4","0.4","0.4","0.4","0.236","0.4","0.4","0.4",,,,,,,,,,,,,,
TaxEffectOfUnusualItems,"-19,596,600","-8,334,134.478","-1,152,900","-3,784,000","-3,225,600","-11,467,804.233","-5,075,000","-6,593,000","-10,637,200","-10,787,149.356","-9,989,685.221","-10,379,200","-4,594,200","-3,504,471.619","-6,804,000","-2,758,800","-5,668,000","20,640,000","-1,205,400","-7,875,200","-1,078,800","-906,835.858","-816,000","-6,314,200","-1,512,000","-28,679,923.225","-42,239,200","-11,808,000","-2,152,800","-9,623,031.625","-1,911,000","1,793,400","-9,442,400","-5,684,069.479","-6,922,200","-18,105,600","-9,741,200","-10,286,108.611","-8,120,000","-12,563,200","-14,490,000","-19,899,845.917","-7,399,602.473","-9,589,092.873","-4,690,593.343","-2,593,980.993","1,238,444.831","-189,540.412","-1,086,815.562","-3,635,196.458","-1,628,571.429","-8,394,526.035","-7,784,577.723","-11,226,468.222","-3,780,829.295","5,556,659.836","-558,133.15","2,401,861.042","-7,842,821.159","0","0","0","0","0","0","0","0","0","0","155,590.406","-478,483.64","94,464.477","-1,412,293.505","165,035.22","-482,221.15","56,939.651","77,022.834","-4,151,773.448","-841,186.86","-4,727,200","-4,918,400","-427,600","21,200","76,800","0","10,308,370.489","2,014,764.834","1,957,296.748","1,136,513.181","2,188,839.941","2,123,702.032","1,836,699.858","840,000","1,956,521.739","1,880,000","1,496,784.566","1,036,935.167","1,508,556.15","1,466,766.021","1,339,587.242","892,056.075","1,309,523.81","1,967,647.059","1,188,154.897","575,471.698","448,877.805","751,565.762","1,186,341.463","538,461.538","-1,707,831.325","955,710.956","1,145,562.13","699,200","572,459.016","869,142.857","771,731.449","224,516.129","273,437.5","889,189.189","525,603.865","888,535.032","969,696.97","482,593.857","0","0","0","0","0","0","0","0","0","0",,,,,,,,,,,,,,