name,ttm,12/31/2021,09/30/2021,06/30/2021,03/31/2021,12/31/2020,09/30/2020,06/30/2020,03/31/2020,12/31/2019,09/30/2019,06/30/2019,03/31/2019,12/31/2018,09/30/2018,06/30/2018,03/31/2018,12/31/2017,09/30/2017,06/30/2017,03/31/2017,12/31/2016,09/30/2016,06/30/2016,03/31/2016,12/31/2015,09/30/2015,06/30/2015,03/31/2015,12/31/2014,09/30/2014,06/30/2014,03/31/2014,12/31/2013,09/30/2013,06/30/2013,03/31/2013,12/31/2012,09/30/2012,06/30/2012,03/31/2012,12/31/2011,09/30/2011,06/30/2011,03/31/2011,12/31/2010,09/30/2010,06/30/2010,03/31/2010,12/31/2009,09/30/2009,06/30/2009,03/31/2009,12/31/2008,09/30/2008,06/30/2008,03/31/2008,12/31/2007,09/30/2007,06/30/2007,03/31/2007,12/31/2006,09/30/2006,06/30/2006,03/31/2006,12/31/2005,09/30/2005,06/30/2005,03/31/2005,12/31/2004,09/30/2004,06/30/2004,03/31/2004,12/31/2003,09/30/2003,06/30/2003,03/31/2003,12/31/2002,09/30/2002,06/30/2002,03/31/2002,12/31/2001,09/30/2001,06/30/2001,03/31/2001,12/31/2000,09/30/2000,06/30/2000,03/31/2000,12/31/1999,09/30/1999,06/30/1999,03/31/1999,12/31/1998,09/30/1998,06/30/1998,03/31/1998,12/31/1997,09/30/1997,06/30/1997,03/31/1997,12/31/1996,09/30/1996,06/30/1996,03/31/1996,12/31/1995,09/30/1995,06/30/1995,03/31/1995,12/31/1994,09/30/1994,06/30/1994,03/31/1994,12/31/1993,09/30/1993,06/30/1993,03/31/1993,12/31/1992,09/30/1992,06/30/1992,03/31/1992,12/31/1991,09/30/1991,06/30/1991,03/31/1991,12/31/1990,09/30/1990,06/30/1990,03/31/1990,12/31/1989,09/30/1989,06/30/1989,03/31/1989,12/31/1988,09/30/1988,06/30/1988,03/31/1988,12/31/1987,09/30/1987,06/30/1987,03/31/1987,12/31/1986,09/30/1986,06/30/1986,03/31/1986,12/31/1985,09/30/1985
TotalRevenue,"14,905,000,000","3,331,000,000","5,299,000,000","3,315,000,000","2,960,000,000","3,157,000,000","4,644,000,000","2,987,000,000","2,790,000,000","2,970,000,000","3,741,000,000","2,812,000,000","2,824,000,000","3,009,000,000","4,269,000,000","2,815,000,000","2,564,000,000","3,220,000,000","3,672,000,000","2,965,000,000","2,463,000,000","2,884,000,000","3,767,000,000","2,777,000,000","2,440,000,000","2,341,000,000","3,763,000,000","2,908,000,000","2,512,000,000","3,115,000,000","4,356,000,000","3,016,000,000","2,926,000,000","2,943,000,000","3,960,000,000","3,046,000,000","2,632,000,000","2,062,000,000","4,070,000,000","3,057,000,000","2,856,000,000","3,014,000,000","3,981,000,000","2,983,000,000","2,782,000,000","3,069,000,000","3,788,000,000","2,741,000,000","2,810,000,000","3,023,000,000","3,664,000,000","2,834,000,000","2,812,000,000","3,536,000,000","4,111,000,000","3,382,000,000","3,083,000,000","3,211,000,000","3,942,000,000","3,047,000,000","2,912,000,000","3,067,000,000","3,802,000,000","3,001,000,000","2,751,000,000","2,974,000,000","3,783,000,000","2,649,000,000","2,446,000,000","2,359,000,000","3,188,000,000","2,919,000,000","2,510,000,000","2,656,000,000","3,833,000,000","3,133,000,000","2,532,000,000","1,978,000,000","3,997,000,000","2,926,000,000","2,587,000,000","2,304,000,000","4,043,000,000","2,627,000,000","2,462,000,000","2,591,313,000","3,653,203,000","2,749,164,000","2,723,320,000","2,509,300,000","2,957,000,000","2,116,000,000","2,087,700,000","2,614,900,000","3,440,800,000","2,242,700,000","1,909,600,000","2,329,300,000","2,737,800,000","2,167,200,000","2,000,700,000","2,195,400,000","2,568,200,000","1,813,700,000","1,967,700,000","2,052,100,000","2,670,000,000","1,860,800,000","1,822,000,000","2,042,100,000","2,678,100,000","1,858,500,000","1,728,700,000","1,844,400,000","2,423,900,000","1,767,700,000","1,785,000,000","1,954,100,000","2,550,000,000","1,765,500,000","1,714,400,000","1,886,600,000","2,250,800,000","1,695,100,000","1,670,000,000","1,755,300,000","2,257,600,000","1,594,800,000","1,590,800,000","1,239,700,000","2,182,200,000","1,572,200,000","1,530,000,000","1,538,700,000","2,029,000,000","1,353,000,000","1,332,000,000","1,346,000,000","1,487,500,000","1,331,600,000","1,283,700,000","1,274,800,000","1,550,000,000","1,210,700,000","1,240,000,000","1,272,300,000","1,451,700,000"
	OperatingRevenue,"14,905,000,000","3,331,000,000","5,299,000,000","3,315,000,000","2,960,000,000","3,157,000,000","4,644,000,000","2,987,000,000","2,790,000,000","2,970,000,000","3,741,000,000","2,812,000,000","2,824,000,000","3,009,000,000","4,269,000,000","2,815,000,000","2,564,000,000","3,220,000,000","3,672,000,000","2,965,000,000","2,463,000,000","2,884,000,000","3,767,000,000","2,777,000,000","2,440,000,000","2,341,000,000","3,763,000,000","2,908,000,000","2,512,000,000","3,115,000,000","4,356,000,000","3,016,000,000","2,926,000,000","2,943,000,000","3,960,000,000","3,046,000,000","2,632,000,000","2,048,000,000","4,070,000,000","3,057,000,000","2,856,000,000","3,014,000,000","3,981,000,000","2,983,000,000","2,782,000,000","3,069,000,000","3,788,000,000","2,741,000,000","2,810,000,000","3,023,000,000","3,664,000,000","2,834,000,000","2,812,000,000","3,536,000,000","4,111,000,000","3,382,000,000","3,083,000,000","3,211,000,000","3,942,000,000","3,047,000,000","2,912,000,000","3,067,000,000","3,802,000,000","3,001,000,000","2,751,000,000","2,974,000,000","3,783,000,000","2,649,000,000","2,446,000,000","2,359,000,000","3,188,000,000","2,919,000,000","2,510,000,000","2,656,000,000","3,833,000,000","3,133,000,000","2,532,000,000","1,978,000,000","3,997,000,000","2,926,000,000","2,587,000,000","2,304,000,000","4,043,000,000","2,627,000,000","2,462,000,000","2,591,313,000","3,653,203,000","2,749,164,000","2,723,320,000","2,509,300,000","2,957,000,000","2,116,000,000","2,087,700,000","2,614,900,000","3,440,800,000","2,242,700,000","1,909,600,000","2,329,300,000","2,737,800,000","2,167,200,000","2,000,700,000","2,195,400,000","2,568,200,000","1,813,700,000","1,967,700,000","2,052,100,000","2,670,000,000","1,860,800,000","1,822,000,000","2,042,100,000","2,678,100,000","1,858,500,000","1,728,700,000","1,844,400,000","2,423,900,000","1,767,700,000","1,785,000,000","1,954,100,000","2,550,000,000","1,765,500,000","1,714,400,000","1,886,600,000","2,250,800,000","1,695,100,000","1,670,000,000","1,755,300,000","2,257,600,000","1,594,800,000","1,590,800,000","1,239,700,000","2,182,200,000","1,572,200,000","1,530,000,000","1,538,700,000","2,029,000,000","1,353,000,000","1,332,000,000","1,346,000,000","1,487,500,000","1,331,600,000","1,283,700,000","1,274,800,000","1,550,000,000","1,210,700,000","1,240,000,000","1,272,300,000","1,451,700,000"
CostOfRevenue,"9,185,000,000","1,984,000,000","3,310,000,000","2,037,000,000","1,857,000,000","1,843,000,000","3,065,000,000","1,830,000,000","1,809,000,000","1,691,000,000","2,549,000,000","1,730,000,000","1,887,000,000","1,791,000,000","2,980,000,000","1,831,000,000","1,601,000,000","1,922,000,000","2,496,000,000","1,882,000,000","1,380,000,000","1,729,000,000","2,459,000,000","1,785,000,000","1,423,000,000","1,449,000,000","2,565,000,000","1,821,000,000","1,422,000,000","1,699,000,000","3,061,000,000","2,027,000,000","1,954,000,000","2,046,000,000","2,779,000,000","2,124,000,000","1,726,000,000","4,316,000,000","1,882,000,000","1,098,000,000","898,000,000","867,000,000","1,616,000,000","905,000,000","766,000,000","888,000,000","1,446,000,000","866,000,000","903,000,000","993,000,000","1,438,000,000","911,000,000","927,000,000","1,156,000,000","2,597,000,000","1,210,000,000","1,028,000,000","1,143,000,000","1,786,000,000","1,267,000,000","803,000,000","1,021,000,000","1,522,000,000","1,149,000,000","1,476,000,000","1,490,000,000","991,000,000","1,142,000,000","807,000,000","729,000,000","1,330,000,000","992,000,000","922,000,000","924,000,000","1,399,000,000","1,015,000,000","786,000,000","675,000,000","1,142,000,000","866,000,000","520,000,000","548,000,000","1,162,000,000","1,136,000,000","2,053,000,000","1,930,494,000","2,251,202,000","945,578,000","835,725,000","1,059,000,000","1,315,200,000","638,600,000","841,300,000","1,307,000,000","2,090,800,000","969,500,000","743,800,000","953,300,000","1,363,900,000","782,000,000","828,900,000","892,100,000","1,188,000,000","723,200,000","670,600,000","804,600,000","1,131,100,000","688,700,000","651,600,000","837,000,000","1,197,200,000","736,000,000","681,900,000",,,,,,,,,,,,,,,,,,,,,,,,,,,,,,,,,,
GrossProfit,"5,720,000,000","1,347,000,000","1,989,000,000","1,278,000,000","1,103,000,000","1,314,000,000","1,579,000,000","1,157,000,000","981,000,000","1,279,000,000","1,192,000,000","1,082,000,000","937,000,000","1,218,000,000","1,289,000,000","984,000,000","963,000,000","1,298,000,000","1,176,000,000","1,083,000,000","1,083,000,000","1,155,000,000","1,308,000,000","992,000,000","1,017,000,000","892,000,000","1,198,000,000","1,087,000,000","1,090,000,000","1,416,000,000","1,295,000,000","989,000,000","972,000,000","897,000,000","1,181,000,000","922,000,000","906,000,000","-2,254,000,000","2,188,000,000","1,959,000,000","1,958,000,000","2,147,000,000","2,365,000,000","2,078,000,000","2,016,000,000","2,181,000,000","2,342,000,000","1,875,000,000","1,907,000,000","2,030,000,000","2,226,000,000","1,923,000,000","1,885,000,000","2,380,000,000","1,514,000,000","2,172,000,000","2,055,000,000","2,068,000,000","2,156,000,000","1,780,000,000","2,109,000,000","2,046,000,000","2,280,000,000","1,852,000,000","1,275,000,000","1,484,000,000","2,792,000,000","1,507,000,000","1,639,000,000","1,630,000,000","1,858,000,000","1,927,000,000","1,588,000,000","1,732,000,000","2,434,000,000","2,118,000,000","1,746,000,000","1,303,000,000","2,855,000,000","2,060,000,000","2,067,000,000","1,756,000,000","2,881,000,000","1,491,000,000","409,000,000","660,819,000","1,402,001,000","1,803,586,000","1,887,595,000","1,450,300,000","1,641,800,000","1,477,400,000","1,246,400,000","1,307,900,000","1,350,000,000","1,273,200,000","1,165,800,000","1,376,000,000","1,373,900,000","1,385,200,000","1,171,800,000","1,303,300,000","1,380,200,000","1,090,500,000","1,297,100,000","1,247,500,000","1,538,900,000","1,172,100,000","1,170,400,000","1,205,100,000","1,480,900,000","1,122,500,000","1,046,800,000",,,,,,,,,,,,,,,,,,,,,,,,,,,,,,,,,,
OperatingExpense,"4,174,000,000","724,000,000","2,039,000,000","704,000,000","704,000,000","590,000,000","1,986,000,000","675,000,000","679,000,000","974,000,000","556,000,000","412,000,000","589,000,000","3,241,000,000","561,000,000","559,000,000","567,000,000","598,000,000","615,000,000","598,000,000","599,000,000","588,000,000","613,000,000","590,000,000","569,000,000","549,000,000","590,000,000","563,000,000","552,000,000","794,000,000","424,000,000","414,000,000","410,000,000","398,000,000","392,000,000","418,000,000","414,000,000","-3,271,000,000","1,617,000,000","1,676,000,000","1,640,000,000","1,694,000,000","1,555,000,000","1,698,000,000","1,566,000,000","1,720,000,000","1,480,000,000","1,524,000,000","1,409,000,000","728,000,000","1,458,000,000","2,287,000,000","1,332,000,000","1,885,000,000","550,000,000","1,722,000,000","1,444,000,000","1,583,000,000","1,257,000,000","1,520,000,000","1,482,000,000","1,576,000,000","1,317,000,000","1,405,000,000","815,000,000","882,000,000","2,004,000,000","1,098,000,000","1,191,000,000","1,183,000,000","1,065,000,000","2,207,000,000","1,232,000,000","1,406,000,000","1,509,000,000","1,890,000,000","1,430,000,000","-103,000,000","2,025,000,000","794,000,000","1,700,000,000","-1,293,000,000","3,050,000,000","1,270,000,000","1,089,000,000","2,154,953,000","440,342,000","1,246,855,000","1,364,854,000","1,328,200,000","1,201,000,000","1,180,700,000","1,126,200,000","1,103,200,000","1,262,400,000","390,100,000","941,300,000","1,026,500,000","902,900,000","946,700,000","806,900,000","935,600,000","750,000,000","832,300,000","738,200,000","800,000,000","741,500,000","740,100,000","712,300,000","856,600,000","733,800,000","755,700,000","696,600,000",,,,,,,,,,,,,,,,,,,,,,,,,,,,,,,,,,
	SellingGeneralAndAdministration,"1,491,000,000","54,000,000","1,327,000,000","54,000,000","53,000,000","109,000,000","1,382,000,000","83,000,000","84,000,000","347,000,000",,,,"2,669,000,000",,,,,"12,000,000",,,,,,,,,,,,,,,"6,000,000",,,,,,,,,,,"0",,"0","0",,,,"866,000,000",,,,,,,,,,,,,,,,,,,,,,,,,,,,,,,,,,,,,,,,,,,,,,,,,,,,,,,,,,,,,,,,,,,,,,,,,,,,,,,,,,,,,,,,,,,,,,,
		GeneralAndAdministrativeExpense,"1,491,000,000","54,000,000","1,327,000,000","54,000,000","53,000,000","109,000,000","1,382,000,000","83,000,000","84,000,000","347,000,000",,,,"2,669,000,000",,,,,"12,000,000",,,,,,,,,,,,,,,"6,000,000",,,,,,,,,,,,,,,,,,,,,,,,,,,,,,,,,,,,,,,,,,,,,,,,,,,,,,,,,,,,,,,,,,,,,,,,,,,,,,,,,,,,,,,,,,,,,,,,,,,,,,,,,,,,,,,,,
			InsuranceAndClaims,"1,491,000,000","54,000,000","1,327,000,000","54,000,000","53,000,000","109,000,000","1,382,000,000","83,000,000","84,000,000","347,000,000",,,,"2,669,000,000",,,,,"12,000,000",,,,,,,,,,,,,,,"6,000,000",,,,,,,,,,,,,,,,,,,,,,,,,,,,,,,,,,,,,,,,,,,,,,,,,,,,,,,,,,,,,,,,,,,,,,,,,,,,,,,,,,,,,,,,,,,,,,,,,,,,,,,,,,,,,,,,,
	DepreciationAmortizationDepletionIncomeStatement,"2,218,000,000","561,000,000","599,000,000","533,000,000","525,000,000","504,000,000","490,000,000","489,000,000","484,000,000","470,000,000","459,000,000","321,000,000","480,000,000","480,000,000","466,000,000","463,000,000","462,000,000","506,000,000","524,000,000","512,000,000","499,000,000","503,000,000","521,000,000","505,000,000","477,000,000","468,000,000","506,000,000","481,000,000","463,000,000","472,000,000","424,000,000","414,000,000","410,000,000","398,000,000","392,000,000","418,000,000","414,000,000","173,000,000","465,000,000","467,000,000","456,000,000","449,000,000","436,000,000","435,000,000","417,000,000","395,000,000","378,000,000","380,000,000","369,000,000","365,000,000","365,000,000","347,000,000","342,000,000","420,000,000","262,000,000","333,000,000","298,000,000","327,000,000","310,000,000","313,000,000","313,000,000","257,000,000","293,000,000","339,000,000","292,000,000","265,000,000","270,000,000","267,000,000","259,000,000","270,000,000","232,000,000","302,000,000","295,000,000","358,000,000","286,000,000","252,000,000","289,000,000","264,000,000","258,000,000","263,000,000","245,000,000","179,000,000","267,000,000","267,000,000","260,000,000","417,880,000","535,009,000","485,846,000","494,265,000","497,100,000","512,900,000","451,700,000","444,300,000","482,900,000","456,400,000","452,300,000","439,400,000","364,600,000","367,200,000","364,500,000","353,700,000","321,300,000","328,300,000","325,900,000","293,500,000","289,400,000","276,400,000","264,500,000","256,800,000","251,900,000","278,800,000","283,200,000","265,100,000",,,,,,,,,,,,,,,,,,,,,,,,,,,,,,,,,,
		DepreciationAndAmortizationInIncomeStatement,"2,218,000,000","561,000,000","599,000,000","533,000,000","525,000,000","504,000,000","490,000,000","489,000,000","484,000,000","470,000,000","459,000,000","321,000,000","480,000,000","480,000,000","466,000,000","463,000,000","462,000,000","506,000,000","524,000,000","512,000,000","499,000,000","503,000,000","521,000,000","505,000,000","477,000,000","468,000,000","506,000,000","481,000,000","463,000,000","472,000,000","424,000,000","414,000,000","410,000,000","398,000,000","392,000,000","418,000,000","414,000,000","173,000,000","465,000,000","467,000,000","456,000,000","449,000,000","436,000,000","435,000,000",,,,,,,,,,,,,,,,,,,,,,,,,,,,,,,,,,,,,,,,,,,,,,,,,,,,,,,,,,,,,,,,,,,,,,,,,,,,,,,,,,,,,,,,,,,,,,,,,,,,,,,
	OtherTaxes,"465,000,000","109,000,000","113,000,000","117,000,000","126,000,000","110,000,000","114,000,000","103,000,000","111,000,000","97,000,000","99,000,000","93,000,000","110,000,000","94,000,000","97,000,000","97,000,000","107,000,000","93,000,000","98,000,000","86,000,000","100,000,000","85,000,000","92,000,000","85,000,000","92,000,000","81,000,000","84,000,000","82,000,000","89,000,000","87,000,000",,,,,,,,,,,,,,,,,,,,,,,,,,,,,,,,,"56,000,000","54,000,000","56,000,000","50,000,000","51,000,000","50,000,000","52,000,000","38,000,000","50,000,000","57,000,000","51,000,000","54,000,000","54,000,000","51,000,000","51,000,000","35,000,000","35,000,000","36,000,000","39,000,000","26,000,000","28,000,000","29,000,000","30,000,000","28,552,000","30,338,000","30,035,000","40,076,000","25,400,000","29,900,000","29,600,000","39,100,000","26,600,000","32,500,000","33,200,000","40,800,000","28,700,000","32,300,000","32,700,000","40,300,000","44,500,000","46,900,000","45,900,000","59,700,000","51,000,000","50,600,000","53,600,000","54,800,000","49,600,000","54,100,000","52,800,000","54,600,000",,,,,,,,,,,,,,,,,,,,,,,,,,,,,,,,,,
	OtherOperatingExpenses,,,,,,,,"-30,000,000","-21,000,000","0","-2,000,000","-2,000,000","-1,000,000","-2,000,000","-2,000,000","-1,000,000","-2,000,000","-1,000,000","-7,000,000","-23,000,000","-19,000,000","-16,000,000","-16,000,000","-19,000,000","-22,000,000","-24,000,000","-21,000,000","-21,000,000","-21,000,000","-15,000,000","-19,000,000","-16,000,000","-13,000,000","-18,000,000","-14,000,000","-18,000,000","-21,000,000",,,,,,,,,,"1,102,000,000","1,144,000,000","1,040,000,000",,"1,093,000,000","1,074,000,000","990,000,000","1,465,000,000","288,000,000","1,389,000,000","1,146,000,000","1,256,000,000","947,000,000","1,207,000,000","1,169,000,000","1,460,000,000","968,000,000","1,012,000,000","467,000,000","132,000,000","1,683,000,000","781,000,000","880,000,000","1,076,000,000","783,000,000","1,848,000,000","886,000,000","994,000,000","1,169,000,000","1,587,000,000","1,090,000,000","-402,000,000","1,732,000,000","495,000,000","1,416,000,000","-1,498,000,000","2,755,000,000","974,000,000","799,000,000","1,708,521,000","-125,005,000","730,974,000","830,513,000","805,700,000","658,200,000","699,400,000","642,800,000","593,700,000","773,500,000","-95,400,000","461,100,000","633,200,000","503,400,000","549,500,000","412,900,000","569,800,000","374,800,000","460,500,000","385,000,000","459,600,000","414,500,000","422,000,000","400,700,000","555,100,000","400,900,000","419,700,000","376,900,000",,,,,,,,,,,,,,,,,,,,,,,,,,,,,,,,,,
OperatingIncome,"1,546,000,000","623,000,000","-50,000,000","574,000,000","399,000,000","724,000,000","-407,000,000","482,000,000","302,000,000","305,000,000","636,000,000","670,000,000","348,000,000","-2,023,000,000","728,000,000","425,000,000","396,000,000","700,000,000","561,000,000","485,000,000","484,000,000","567,000,000","695,000,000","402,000,000","448,000,000","343,000,000","608,000,000","524,000,000","538,000,000","622,000,000","871,000,000","575,000,000","562,000,000","499,000,000","789,000,000","504,000,000","492,000,000","1,017,000,000","571,000,000","283,000,000","318,000,000","453,000,000","810,000,000","380,000,000","450,000,000","461,000,000","862,000,000","351,000,000","498,000,000","1,302,000,000","768,000,000","-364,000,000","553,000,000","495,000,000","964,000,000","450,000,000","611,000,000","485,000,000","899,000,000","260,000,000","627,000,000","470,000,000","963,000,000","447,000,000","460,000,000","602,000,000","788,000,000","409,000,000","448,000,000","447,000,000","793,000,000","-280,000,000","356,000,000","326,000,000","925,000,000","228,000,000","316,000,000","1,406,000,000","830,000,000","1,266,000,000","367,000,000","3,049,000,000","-169,000,000","221,000,000","-680,000,000","-1,494,134,000","961,659,000","556,731,000","522,741,000","122,100,000","440,800,000","296,700,000","120,200,000","204,700,000","87,600,000","883,100,000","224,500,000","349,500,000","471,000,000","438,500,000","364,900,000","367,700,000","630,200,000","258,200,000","558,900,000","447,500,000","797,400,000","432,000,000","458,100,000","348,500,000","747,100,000","366,800,000","350,200,000","1,844,400,000","2,423,900,000","1,767,700,000","1,785,000,000","1,954,100,000","2,550,000,000","1,765,500,000","1,714,400,000","1,886,600,000","2,250,800,000","1,695,100,000","1,670,000,000","1,755,300,000","2,257,600,000","1,594,800,000","1,590,800,000","1,239,700,000","2,182,200,000","1,572,200,000","1,530,000,000","1,538,700,000","2,029,000,000","1,353,000,000","1,332,000,000","1,346,000,000","1,487,500,000","1,331,600,000","1,283,700,000","1,274,800,000","1,550,000,000","1,210,700,000","1,240,000,000","1,272,300,000","1,451,700,000"
NetNonOperatingInterestIncomeExpense,"-922,000,000","-230,000,000","-244,000,000","-231,000,000","-217,000,000","-224,000,000","-220,000,000","-222,000,000","-216,000,000","-214,000,000","-201,000,000","-204,000,000","-185,000,000","-187,000,000","-182,000,000","-175,000,000","-166,000,000","-164,000,000","-159,000,000","-158,000,000","-151,000,000","-151,000,000","-146,000,000","-142,000,000","-140,000,000","-135,000,000","-137,000,000","-136,000,000","-142,000,000","-139,000,000","-140,000,000","-136,000,000","-139,000,000","-140,000,000","-135,000,000","-129,000,000","-129,000,000","113,000,000","-211,000,000","-205,000,000","-209,000,000","-208,000,000","-199,000,000","-173,000,000","-192,000,000","-181,000,000","-171,000,000","-171,000,000","-149,000,000","-145,000,000","-185,000,000","-165,000,000","-177,000,000",,,,,,,,,,,,,,,,,,,,,,,,,,,,,,,,,,,,,,,,,,,,,,,,,,,,,,,,,,,,,,,,,,,,,,,,,,,,,,,,,,,,,,,,,,,,,,
	InterestIncomeNonOperating,"3,000,000","1,000,000","1,000,000","1,000,000",,"2,000,000","2,000,000","7,000,000","9,000,000","8,000,000","13,000,000","7,000,000","9,000,000","9,000,000","6,000,000","5,000,000","4,000,000","2,000,000","3,000,000","1,000,000","1,000,000","-1,000,000","1,000,000","2,000,000","0","0","1,000,000","2,000,000","1,000,000","-1,000,000","1,000,000","3,000,000","2,000,000","2,000,000","2,000,000","4,000,000","2,000,000","-9,000,000","3,000,000","13,000,000","3,000,000","-1,000,000","4,000,000","30,000,000","4,000,000","4,000,000","4,000,000","4,000,000","19,000,000","31,000,000","2,000,000","17,000,000","10,000,000",,,,,,,,,,,,,,,,,,,,,,,,,,,,,,,,,,,,,,,,,,,,,,,,,,,,,,,,,,,,,,,,,,,,,,,,,,,,,,,,,,,,,,,,,,,,,,
	InterestExpenseNonOperating,"925,000,000","231,000,000","245,000,000","232,000,000","217,000,000","226,000,000","222,000,000","229,000,000","225,000,000","222,000,000","214,000,000","211,000,000","194,000,000","196,000,000","188,000,000","180,000,000","170,000,000","166,000,000","162,000,000","159,000,000","152,000,000","150,000,000","147,000,000","144,000,000","140,000,000","135,000,000","138,000,000","138,000,000","143,000,000","138,000,000","141,000,000","139,000,000","141,000,000","142,000,000","137,000,000","133,000,000","131,000,000","-122,000,000","214,000,000","218,000,000","212,000,000","207,000,000","203,000,000","203,000,000","196,000,000","185,000,000","175,000,000","175,000,000","168,000,000","176,000,000","187,000,000","182,000,000","187,000,000",,,,,,,,,,,,,,,,,,,,,,,,,,,,,,,,,,,,,,,,,,,,,,,,,,,,,,,,,,,,,,,,,,,,,,,,,,,,,,,,,,,,,,,,,,,,,,
OtherIncomeExpense,"165,000,000","41,000,000","-34,000,000","86,000,000","72,000,000","102,000,000","110,000,000","92,000,000","43,000,000","16,000,000","45,000,000","-122,000,000","33,000,000","-6,000,000","81,000,000","39,000,000","-19,000,000","-706,000,000","30,000,000","8,000,000","19,000,000","12,000,000","22,000,000","-1,000,000","25,000,000","36,000,000","16,000,000","24,000,000","28,000,000","82,000,000","13,000,000","27,000,000","-218,000,000","-1,000,000","11,000,000","-559,000,000","21,000,000","-50,000,000","117,000,000","26,000,000","6,000,000","-1,726,000,000","72,000,000","47,000,000","23,000,000","-9,000,000","83,000,000","40,000,000","44,000,000","-858,000,000","93,000,000","19,000,000","12,000,000","-15,000,000","-29,000,000","74,000,000","19,000,000","10,000,000","63,000,000","33,000,000","23,000,000","81,000,000","29,000,000","21,000,000","22,000,000","67,000,000","26,000,000","31,000,000","69,000,000","17,000,000","23,000,000","43,000,000","113,000,000","26,000,000","157,000,000","29,000,000","35,000,000","476,000,000","-45,000,000","-60,000,000","6,000,000","197,000,000","-4,000,000","-33,000,000","-19,000,000","54,106,000","-17,203,000","904,000","6,196,000","-544,400,000","197,000,000","89,000,000","270,400,000","152,000,000","459,700,000","-494,600,000","228,800,000","89,700,000","151,800,000","-14,400,000","74,000,000","30,900,000","32,300,000","184,200,000","-118,400,000","-57,200,000","-169,400,000","-30,600,000","-54,100,000","28,100,000","-135,400,000","24,800,000","8,100,000",,,,,,,,,,,,,,,,,,,,,,,,,,,,,,,,,,
	GainOnSaleOfSecurity,"4,000,000","0","-8,000,000",,,,,,,,,,,,,,,,,,,,,,,,,,,,,,,,,,,,,,,,,,,,,,,,,,,,,,,,,,,,,,,,,,,,,,,,,,,,,,,,,,,,,,,,,,,,,,,,,,,,,,,,,,,,,,,,,,,,,,,,,,,,,,,,,,,,,,,,,,,,,,,,
	EarningsFromEquityInterest,,,,,,,,,,,,,,,,,,,,,,,,,,,,,,,,,,,,,,"-41,000,000","25,000,000","18,000,000","-1,000,000","18,000,000","56,000,000","18,000,000","-5,000,000","5,000,000","62,000,000","20,000,000","18,000,000","8,000,000","35,000,000","6,000,000","-8,000,000",,,,,,,,,,,,,,,,,,,,,,,,,,,,,,,,,,,,,,,,,,,,,,,,,,,,,,,,,,,,,,,,,,,,,,,,,,,,,,,,,,,,,,,,,,,,,,
	SpecialIncomeCharges,"89,000,000","31,000,000","-38,000,000","51,000,000","45,000,000","110,000,000","91,000,000","71,000,000","31,000,000","20,000,000","35,000,000","-129,000,000","30,000,000","16,000,000","59,000,000","23,000,000","-36,000,000","-686,000,000","36,000,000","17,000,000","26,000,000","26,000,000","28,000,000","9,000,000","29,000,000","24,000,000","25,000,000","28,000,000","31,000,000","93,000,000","17,000,000","28,000,000","-211,000,000","8,000,000","24,000,000","-550,000,000","28,000,000","22,000,000","92,000,000","8,000,000","7,000,000","-1,744,000,000","16,000,000","29,000,000","28,000,000","-14,000,000","21,000,000","20,000,000","26,000,000","-866,000,000","58,000,000","13,000,000","20,000,000","-15,000,000","-29,000,000","74,000,000","19,000,000","10,000,000","63,000,000","33,000,000","23,000,000","81,000,000","29,000,000","21,000,000","22,000,000","67,000,000","26,000,000","31,000,000","69,000,000","17,000,000","23,000,000","43,000,000","113,000,000","26,000,000","157,000,000","29,000,000","35,000,000","476,000,000","-45,000,000","-60,000,000","6,000,000","197,000,000","-4,000,000","-33,000,000","-19,000,000","54,106,000","-17,203,000","904,000","6,196,000","-544,400,000","197,000,000","89,000,000","270,400,000","152,000,000","459,700,000","-494,600,000","228,800,000","89,700,000","151,800,000","-14,400,000","74,000,000","30,900,000","32,300,000","184,200,000","-118,400,000","-57,200,000","-169,400,000","-30,600,000","-54,100,000","28,100,000","-135,400,000","24,800,000","8,100,000",,,,,,,,,,,,,,,,,,,,,,,,,,,,,,,,,,
		ImpairmentOfCapitalAssets,"71,000,000","4,000,000","78,000,000","-11,000,000",,"-70,000,000","-28,000,000","-18,000,000",,"18,000,000","0",,,,,,,,"0",,,,,,,,,,,,,,,,,,,,,"11,000,000","14,000,000",,,,,,,,,,,,,,,,,,,,,,,,,,,,,,,,,,,,,,,,,,,,,,,,,,,,,,,,,,,,,,,,,,,,,,,,,,,,,,,,,,,,,,,,,,,,,,,,,,,,,,,,,,
		WriteOff,,,,,,,,,,,,"170,000,000","-4,000,000","18,000,000","-11,000,000","5,000,000","66,000,000","716,000,000","0","16,000,000","5,000,000","0","0","21,000,000",,"5,000,000","0","0","0","-71,000,000","-3,000,000","0","231,000,000","-4,000,000","0","575,000,000",,,,,,,,,,,,,,,,,,,,,,,,,,,,,,,,,,,,,,,,,,,,,,,,,,,,,,,,,,,,,,,,,,,,,,,,,,,,,,,,,,,,,,,,,,,,,,,,,,,,,,,,,,,,,,,
		OtherSpecialCharges,"-158,000,000","-33,000,000","-40,000,000","-40,000,000","-45,000,000","-40,000,000","-63,000,000","-53,000,000","-31,000,000","-38,000,000","-35,000,000","-41,000,000","-26,000,000","-34,000,000","-48,000,000","-28,000,000","-30,000,000","-30,000,000","-36,000,000","-33,000,000","-31,000,000","-26,000,000","-28,000,000","-30,000,000","-29,000,000","-29,000,000","-25,000,000","-28,000,000","-31,000,000","-22,000,000","-14,000,000","-28,000,000","-20,000,000","-4,000,000","-24,000,000","-25,000,000","-28,000,000","6,000,000","-92,000,000","-19,000,000","-21,000,000","-28,000,000","-16,000,000","-29,000,000","-28,000,000",,,,,,,,,,,,,,,,,,,,,,,,,,,,,,,,,,,,,,,,,,,,,,,,,,,,,,,,,,,,,,,,,,,,,,,,,,,,,,,,,,,,,,,,,,,,,,,,,,,,,,
		GainOnSaleOfPPE,"2,000,000","0",,,,"133,000,000",,,,,,,,,,,,,,,,,,,,,"0","0",,,,,,,,,,,,,,,,,,,,,,,,,,,,,,,,,,,,,,,,,,,,,,,,,,,,,,,,,,,,,,,,,,,,,,,,,,,,,,,,,,,,,,,,,,,,,,,,,,,,,,,,,,,,,,,,,,,,,,,
	OtherNonOperatingIncomeExpenses,"72,000,000","10,000,000","12,000,000","35,000,000","27,000,000","-8,000,000","19,000,000","21,000,000","12,000,000","-4,000,000","10,000,000","7,000,000","3,000,000","-22,000,000","22,000,000","16,000,000","17,000,000","-20,000,000","-6,000,000","-9,000,000","-7,000,000","-14,000,000","-6,000,000","-10,000,000","-4,000,000","12,000,000","-9,000,000","-4,000,000","-3,000,000","-11,000,000","-4,000,000","-1,000,000","-7,000,000","-9,000,000","-13,000,000","-9,000,000","-7,000,000",,,,,,,,,,,,,,,,,,,,,,,,,,,,,,,,,,,,,,,,,,,,,,,,,,,,,,,,,,,,,,,,,,,,,,,,,,,,,,,,,,,,,,,,,,,,,,,,,,,,,,,,,,,,,,
PretaxIncome,"789,000,000","432,000,000","-326,000,000","429,000,000","254,000,000","602,000,000","-517,000,000","352,000,000","129,000,000","107,000,000","480,000,000","344,000,000","196,000,000","-2,216,000,000","627,000,000","289,000,000","211,000,000","-170,000,000","432,000,000","335,000,000","352,000,000","428,000,000","571,000,000","259,000,000","333,000,000","244,000,000","487,000,000","412,000,000","424,000,000","565,000,000","744,000,000","466,000,000","205,000,000","358,000,000","665,000,000","-184,000,000","384,000,000","1,080,000,000","477,000,000","104,000,000","115,000,000","-1,481,000,000","683,000,000","254,000,000","281,000,000","271,000,000","774,000,000","220,000,000","393,000,000","299,000,000","676,000,000","-510,000,000","388,000,000","253,000,000","723,000,000","345,000,000","465,000,000","314,000,000","728,000,000",,"459,000,000","332,000,000","770,000,000","268,000,000","295,000,000","489,000,000","564,000,000","214,000,000","298,000,000","214,000,000","494,000,000","-611,000,000","165,000,000","103,000,000","787,000,000","15,000,000","98,000,000","-51,000,000","526,000,000","951,000,000","100,000,000","5,870,000,000","-600,000,000","-164,000,000","-1,057,000,000","-4,052,975,000","632,771,000","229,500,000","198,705,000","76,200,000","401,500,000","195,700,000","228,700,000","206,100,000","392,100,000","244,300,000","280,700,000","280,700,000","462,900,000","252,500,000","240,900,000","212,800,000","505,200,000","283,400,000","278,600,000","246,800,000","490,200,000","264,700,000","265,200,000","219,200,000","468,600,000","251,000,000","223,200,000",,,,,,,,,,,,,,,,,,,,,,,,,,,,,,,,,,
TaxProvision,"-136,000,000","-139,000,000","-29,000,000","68,000,000","-36,000,000","50,000,000","-275,000,000","4,000,000","-84,000,000","-66,000,000","-22,000,000","-78,000,000","-112,000,000","-782,000,000","83,000,000","-9,000,000","-31,000,000","364,000,000","-69,000,000","26,000,000","-40,000,000","64,000,000","122,000,000","-47,000,000","38,000,000","291,000,000","82,000,000","6,000,000","106,000,000","159,000,000","220,000,000","84,000,000","-19,000,000","69,000,000","177,000,000","-102,000,000","98,000,000","50,000,000","181,000,000","1,000,000","0","-657,000,000","242,000,000","62,000,000","65,000,000","93,000,000","247,000,000","-136,000,000","150,000,000","71,000,000","232,000,000","-524,000,000","122,000,000","75,000,000","277,000,000","83,000,000","161,000,000","100,000,000","263,000,000",,"129,000,000","66,000,000","310,000,000","95,000,000","111,000,000","190,000,000","129,000,000","34,000,000","104,000,000","-53,000,000","181,000,000","-237,000,000","67,000,000","-91,000,000","287,000,000","-11,000,000","32,000,000","-89,000,000","175,000,000","289,000,000","16,000,000","2,336,000,000","-187,000,000","-62,000,000","-440,000,000","-1,503,115,000","272,620,000","92,333,000","89,164,000","-19,900,000","146,200,000","67,300,000","85,500,000","43,500,000","175,800,000","99,000,000","136,700,000","141,300,000","186,100,000","113,500,000","96,100,000","95,400,000","228,400,000","127,700,000","111,500,000","108,800,000","202,600,000","104,800,000","111,700,000","85,300,000","195,700,000","109,200,000","90,800,000",,,,,,,,,,,,,,,,,,,,,,,,,,,,,,,,,,
NetIncomeCommonStockholders,"759,000,000","523,000,000","-341,000,000","318,000,000","259,000,000","526,000,000","-288,000,000","318,000,000","183,000,000","143,000,000","471,000,000","392,000,000","278,000,000","-1,430,000,000","513,000,000","276,000,000","218,000,000","-545,000,000","470,000,000","278,000,000","362,000,000","346,000,000","419,000,000","276,000,000","271,000,000","-79,000,000","421,000,000","379,000,000","299,000,000","420,000,000","480,000,000","536,000,000","176,000,000","301,000,000","438,000,000","-94,000,000","271,000,000","-540,000,000","190,000,000","74,000,000","93,000,000","-839,000,000","426,000,000","176,000,000","200,000,000","166,000,000","510,000,000","344,000,000","236,000,000","212,000,000","403,000,000","-16,000,000","250,000,000","165,000,000","439,000,000","261,000,000","299,000,000","211,000,000","461,000,000","91,000,000","333,000,000","288,000,000","458,000,000","177,000,000","258,000,000","273,000,000","462,000,000","201,000,000","201,000,000","379,000,000","813,000,000","-374,000,000","97,000,000","197,000,000","544,000,000","24,000,000","57,000,000","-24,000,000","352,000,000","665,000,000","84,000,000","2,167,000,000","-413,000,000","-102,000,000","-617,000,000","-2,549,860,000","360,151,000","137,167,000","109,541,000","96,100,000","255,300,000","128,400,000","143,200,000","162,600,000","216,300,000","145,300,000","144,000,000","139,400,000","276,800,000","139,000,000","144,800,000","117,400,000","276,800,000","155,700,000","167,100,000","138,000,000","287,600,000","159,900,000","153,500,000","133,900,000","272,900,000","141,800,000","132,400,000","137,700,000","211,300,000","141,100,000","148,900,000","152,000,000","272,300,000","158,100,000","156,600,000","114,900,000","248,300,000","167,500,000","171,800,000","182,400,000","286,000,000","146,400,000","171,600,000","118,800,000","400,900,000","141,000,000",,,,,,,,,,,,,,,
	NetIncome,"925,000,000","571,000,000","-297,000,000","361,000,000","290,000,000","552,000,000","-242,000,000","348,000,000","213,000,000","173,000,000","502,000,000","422,000,000","308,000,000","-1,400,000,000","544,000,000","306,000,000","248,000,000","-515,000,000","502,000,000","309,000,000","393,000,000","377,000,000","450,000,000","307,000,000","301,000,000","-50,000,000","449,000,000","407,000,000","327,000,000","448,000,000","508,000,000","566,000,000","202,000,000","326,000,000","463,000,000","-70,000,000","298,000,000","-449,000,000","190,000,000","74,000,000","93,000,000","-839,000,000","426,000,000","176,000,000","200,000,000","166,000,000","510,000,000","344,000,000","236,000,000","212,000,000","403,000,000","-16,000,000","250,000,000","178,000,000","452,000,000","261,000,000","299,000,000","211,000,000","461,000,000","91,000,000","333,000,000","288,000,000","458,000,000","177,000,000","258,000,000","273,000,000","462,000,000","201,000,000","201,000,000","379,000,000","813,000,000","-374,000,000","97,000,000","197,000,000","544,000,000","24,000,000","57,000,000","-24,000,000","352,000,000","665,000,000","84,000,000","2,167,000,000","-413,000,000","-102,000,000","-617,000,000","-2,549,860,000","360,151,000","137,167,000","109,541,000","96,100,000","255,300,000","128,400,000","143,200,000","162,600,000","216,300,000","145,300,000","144,000,000","139,400,000","276,800,000","139,000,000","144,800,000","117,400,000","276,800,000","155,700,000","167,100,000","138,000,000","287,600,000","159,900,000","153,500,000","133,900,000","272,900,000","141,800,000","132,400,000","137,700,000","211,300,000","141,100,000","148,900,000","152,000,000","272,300,000","158,100,000","156,600,000","114,900,000","248,300,000","167,500,000","171,800,000","182,400,000","286,000,000","146,400,000","171,600,000","118,800,000","400,900,000","141,000,000",,,,,,,,,,,,,,,
		NetIncomeIncludingNoncontrollingInterests,"925,000,000","571,000,000","-297,000,000","361,000,000","290,000,000","552,000,000","-242,000,000","348,000,000","213,000,000","173,000,000","502,000,000","422,000,000","308,000,000","-1,400,000,000","544,000,000","298,000,000","242,000,000","-534,000,000","501,000,000","309,000,000","392,000,000","377,000,000","449,000,000","304,000,000","296,000,000","-55,000,000","448,000,000","406,000,000","318,000,000","445,000,000","508,000,000","566,000,000","202,000,000","326,000,000","463,000,000","-70,000,000","298,000,000","-527,000,000","220,000,000","103,000,000","114,000,000","-824,000,000","441,000,000","191,000,000","214,000,000","178,000,000","523,000,000","357,000,000","249,000,000","226,000,000","443,000,000","7,000,000","269,000,000","183,000,000","499,000,000","284,000,000","307,000,000","233,000,000","530,000,000","137,000,000","352,000,000","304,000,000","522,000,000","211,000,000","283,000,000","284,000,000","545,000,000","248,000,000","225,000,000","398,000,000","890,000,000","-310,000,000","98,000,000","197,000,000","544,000,000","24,000,000","57,000,000","91,000,000","352,000,000","665,000,000","84,000,000","2,281,000,000","-413,000,000","-102,000,000","-617,000,000","-2,431,309,000","361,139,000","137,728,000","110,438,000","96,100,000","256,300,000","129,400,000","144,200,000","163,500,000","216,000,000","146,200,000","145,500,000","139,900,000","277,600,000","148,700,000","172,800,000","146,700,000","289,600,000","169,800,000","180,800,000","151,600,000","298,900,000","171,300,000","165,200,000","146,700,000","284,300,000","141,800,000","132,400,000","137,700,000","211,300,000","141,100,000","148,900,000","152,000,000","272,300,000","158,100,000","156,600,000","114,900,000","248,300,000","167,500,000","171,800,000","182,400,000","286,000,000","146,400,000","171,600,000","118,800,000","400,900,000","141,000,000","117,000,000","106,800,000","392,000,000","146,000,000","117,000,000","182,900,000","224,200,000","199,800,000","181,500,000","158,500,000","217,200,000","194,100,000","198,800,000","172,900,000","210,000,000"
			NetIncomeContinuousOperations,"925,000,000","571,000,000","-297,000,000","361,000,000","290,000,000","552,000,000","-242,000,000","348,000,000","213,000,000","173,000,000","502,000,000","422,000,000","308,000,000","-1,434,000,000","544,000,000","298,000,000","242,000,000","-534,000,000","501,000,000","309,000,000","392,000,000","364,000,000","449,000,000","306,000,000","295,000,000","-47,000,000","405,000,000","406,000,000","318,000,000","406,000,000","524,000,000","382,000,000","224,000,000","289,000,000","488,000,000","-82,000,000","286,000,000","1,030,000,000","296,000,000","103,000,000","115,000,000","-824,000,000","441,000,000","192,000,000","216,000,000","178,000,000","527,000,000","356,000,000","243,000,000","228,000,000","444,000,000","14,000,000","266,000,000","178,000,000","446,000,000","262,000,000","304,000,000","214,000,000","465,000,000","91,000,000","330,000,000","266,000,000","460,000,000","173,000,000","184,000,000","299,000,000","435,000,000","180,000,000","194,000,000","267,000,000","313,000,000","-374,000,000","98,000,000","194,000,000","500,000,000","26,000,000","66,000,000","38,000,000","351,000,000","662,000,000","84,000,000","3,534,000,000","-413,000,000","-102,000,000","-617,000,000","-2,549,860,000","360,151,000","137,167,000","109,541,000","96,100,000","255,300,000","128,400,000","143,200,000","162,600,000","216,300,000","145,300,000","144,000,000","139,400,000","276,800,000","139,000,000","144,800,000","117,400,000","276,800,000","155,700,000","167,100,000","138,000,000","287,600,000","159,900,000","153,500,000","133,900,000","272,900,000","141,800,000","132,400,000","137,700,000","211,300,000","141,100,000","148,900,000","152,000,000","272,300,000","158,100,000","156,600,000","114,900,000","248,300,000","167,500,000","171,800,000","182,400,000","286,000,000","146,400,000","171,600,000","118,800,000","400,900,000","141,000,000","117,000,000","106,800,000","392,000,000","146,000,000","117,000,000","182,900,000","224,200,000","199,800,000","181,500,000","158,500,000","217,200,000","194,100,000","198,800,000","172,900,000","210,000,000"
			NetIncomeDiscontinuousOperations,,,,,,,,,,"0",,,,"34,000,000",,,,"0","0","0","0","13,000,000","0","-2,000,000","1,000,000","-8,000,000","43,000,000","0","0","39,000,000","-16,000,000","184,000,000","-22,000,000","37,000,000","-25,000,000","12,000,000","12,000,000","-1,557,000,000","-76,000,000","0","-1,000,000","0","0","-1,000,000","-2,000,000","0","-4,000,000","1,000,000","6,000,000","-2,000,000","-1,000,000","-7,000,000","3,000,000",,"6,000,000","-1,000,000","-5,000,000","-3,000,000","-4,000,000",,"3,000,000","22,000,000","-2,000,000","4,000,000","73,000,000","-25,000,000","27,000,000","21,000,000","7,000,000","111,000,000","500,000,000",,,"3,000,000","44,000,000","-2,000,000",,"-62,000,000","1,000,000","3,000,000",,,,,,,,,,,,,,,,,,,,,,,,,,,,,,,,,,,,,,,,,,,,,,,,,,,,,,,,,,,,,,,,,,,
			NetIncomeExtraordinary,,,,,,,,,,,,,,,,,,,,,,,,,,,,,,,,,,,,,,,,,,,,,,,,,,,,,,,,,,,,,,"0",,,"1,000,000",,,,,,,,"-1,000,000","0",,,"-9,000,000",,,,,,,,,,,,,,,,,,,,,,,,,,,,,,,,,,,,,,,,,,,,,,,,,,,,,,,,,,,,,,,,,,,,,,
		MinorityInterests,,,,,,,,,,"0","0","0","0","0","0","8,000,000","6,000,000","19,000,000","1,000,000","0","1,000,000","0","1,000,000","3,000,000","5,000,000","5,000,000","1,000,000","1,000,000","9,000,000","3,000,000",,,,"-25,000,000",,"0",,,"-30,000,000","-29,000,000","-21,000,000","-15,000,000","-15,000,000","-15,000,000","-14,000,000","-12,000,000","-13,000,000","-13,000,000","-13,000,000","-14,000,000","-40,000,000","-23,000,000","-19,000,000","-5,000,000","-47,000,000","-23,000,000","-8,000,000","-22,000,000","-69,000,000","-46,000,000","-19,000,000","-16,000,000","-64,000,000","-34,000,000","-25,000,000","-11,000,000","-83,000,000","-47,000,000","-24,000,000","-19,000,000","-77,000,000","-64,000,000","-1,000,000",,,,,,,,,,,,,"-118,551,000","-988,000","-561,000","-897,000","0","-1,000,000","-1,000,000","-1,000,000","-900,000","300,000","-900,000","-1,500,000","-500,000","-800,000","-9,700,000","-28,000,000","-29,300,000","-12,800,000","-14,100,000","-13,700,000","-13,600,000","-11,300,000","-11,400,000","-11,700,000","-12,800,000","-11,400,000",,,,,,,,,,,,,,,,,,,,,,,,,,,,,,,,,,,,
	PreferredStockDividends,"166,000,000","48,000,000","44,000,000","43,000,000","31,000,000","26,000,000","46,000,000","30,000,000","30,000,000","30,000,000","31,000,000","30,000,000","30,000,000","30,000,000","31,000,000","30,000,000","30,000,000","30,000,000","32,000,000","31,000,000","31,000,000","31,000,000","31,000,000","31,000,000","30,000,000","29,000,000","28,000,000","28,000,000","28,000,000","28,000,000","28,000,000","30,000,000","26,000,000","25,000,000","25,000,000","24,000,000","27,000,000",,,,,,,,,,,,,,,,,"13,000,000","13,000,000",,,,,,,,,,,,,,,,,,,,,,,,,,,,,,,,,,,,,,,,,,,,,,,,,,,,,,,,,,,,,,,,,,,,,,,,,,,,,,,,,,,,,,,,,,,,
DilutedNIAvailtoComStockholders,"759,000,000","523,000,000","-341,000,000","318,000,000","259,000,000","526,000,000","-288,000,000","318,000,000","183,000,000","143,000,000","471,000,000","392,000,000","278,000,000","-1,430,000,000","513,000,000","276,000,000","218,000,000","-545,000,000","470,000,000","278,000,000","362,000,000","346,000,000","419,000,000","276,000,000","271,000,000","-79,000,000","421,000,000","379,000,000","299,000,000","420,000,000","480,000,000","536,000,000","176,000,000","301,000,000","438,000,000","-94,000,000","271,000,000","-540,000,000","190,000,000","74,000,000","93,000,000","-839,000,000","426,000,000","176,000,000","200,000,000","166,000,000","510,000,000","344,000,000","236,000,000","212,000,000","403,000,000","-16,000,000","250,000,000","165,000,000","439,000,000","261,000,000","299,000,000","211,000,000","461,000,000","91,000,000","333,000,000","288,000,000","458,000,000","177,000,000","258,000,000","273,000,000","462,000,000","201,000,000","201,000,000","379,000,000","813,000,000","-374,000,000","97,000,000","197,000,000","544,000,000","24,000,000","57,000,000","-24,000,000","352,000,000","665,000,000","84,000,000","2,167,000,000","-413,000,000","-102,000,000","-617,000,000","-2,549,860,000","360,151,000","137,167,000","109,541,000","96,100,000","255,300,000","128,400,000","143,200,000","162,600,000","216,300,000","145,300,000","144,000,000","139,400,000","276,800,000","139,000,000","144,800,000","117,400,000","276,800,000","155,700,000","167,100,000","138,000,000","287,600,000","159,900,000","153,500,000","133,900,000","272,900,000","141,800,000","132,400,000","137,700,000","211,300,000","141,100,000","148,900,000","152,000,000","272,300,000","158,100,000","156,600,000","114,900,000","248,300,000","167,500,000","171,800,000","182,400,000","286,000,000","146,400,000","171,600,000","118,800,000","400,900,000","141,000,000",,,,,,,,,,,,,,,
BasicEPS,,"1.38","-0.9","0.84","0.68","1.39","-0.76","0.85","0.5","0.4","1.36","1.2","0.85","-4.39","1.57","0.85","0.67","-1.67","1.44","0.85","1.11","1.06","1.29","0.85","0.83","-0.24","1.29","1.16","0.92","1.29","1.47","1.64","0.54",,"1.34","-0.29","0.83",,"0.58","0.23","0.28",,"1.31","0.54","0.61",,"1.56","1.05","0.72",,"1.23","-0.05","0.76",,"1.33","0.79","0.91",,"1.4","0.29","1.01",,"1.38","0.54","0.78",,"1.41","0.61","0.61",,"2.49","-1.15","0.3",,"1.67","0.07","0.17",,"1.08","2.04","0.26",,"-1.27","-0.31","-1.89",,"1.11","0.41","0.32",,"0.74","0.37","0.41",,"0.61","0.4","0.39",,"0.7","0.34","0.35",,"0.63","0.35","0.38",,"0.65","0.36","0.34",,"0.61","0.32","0.3",,"0.47","0.32","0.34",,"0.61","0.36","0.36",,"0.57","0.39","0.4",,"0.66","0.34","0.4",,"0.92","0.33","0.27",,"0.9","0.34","0.27",,"0.49","0.43","0.39",,"0.47","0.42","0.42",,"0.45"
DilutedEPS,,"1.37","-0.9","0.84","0.68","1.39","-0.76","0.85","0.5","0.4","1.35","1.2","0.85","-4.39","1.57","0.84","0.67","-1.67","1.43","0.85","1.1","1.05","1.27","0.84","0.82","-0.24","1.28","1.15","0.91","1.27","1.46","1.63","0.54",,"1.34","-0.29","0.82",,"0.58","0.22","0.28",,"1.3","0.54","0.61",,"1.56","1.05","0.72",,"1.22","-0.05","0.76",,"1.33","0.79","0.91",,"1.39","0.28","1.01",,"1.38","0.54","0.779",,"1.39","0.61","0.61",,"2.46","-1.15","0.3",,"1.65","0.07","0.17",,"1.07","2.02","0.26",,"-1.27","-0.31","-1.89",,"1.1","0.41","0.32",,"0.73","0.37","0.4",,"0.6","0.4","0.38",,"0.7","0.34","0.35",,"0.63","0.35","0.37",,"0.65","0.36","0.34",,"0.61","0.32","0.3",,"0.47","0.32","0.34",,"0.61","0.36","0.36",,"0.57","0.39","0.4",,"0.66","0.34","0.4",,"0.92","0.33","0.27",,"0.9","0.34","0.27",,"0.49","0.43","0.39",,"0.47","0.42","0.42",,"0.45"
BasicAverageShares,,"380,000,000","380,000,000","380,000,000","379,000,000","378,000,000","378,000,000","375,000,000","363,000,000","360,000,000","347,000,000","326,000,000","326,000,000","326,000,000","326,000,000","326,000,000","326,000,000","326,000,000","326,000,000","326,000,000","326,000,000","326,000,000","326,000,000","326,000,000","326,000,000","326,000,000","326,000,000","326,000,000","326,000,000","326,000,000","326,000,000","326,000,000","326,000,000",,"326,000,000","326,000,000","326,000,000",,"326,000,000","326,000,000","326,000,000",,"326,000,000","326,000,000","326,000,000",,"326,000,000","326,000,000","326,000,000",,"326,000,000","326,000,000","326,000,000",,"326,000,000","326,000,000","326,000,000",,"326,000,000","326,000,000","326,000,000",,"326,000,000","326,000,000","326,000,000",,"326,000,000","326,000,000","326,000,000",,"330,000,000","326,000,000","326,000,000",,"326,000,000","326,000,000","326,000,000",,"326,000,000","326,000,000","326,000,000",,"326,000,000","326,000,000","326,000,000",,"325,811,000","331,695,000","344,922,000",,"345,000,000","347,027,027","349,268,293",,"354,590,164","363,250,000","369,230,769",,"395,428,571","408,823,529","413,714,286",,"439,365,079","444,857,143","439,736,842",,"442,461,538","444,166,667","451,470,588",,"447,377,049","443,125,000","441,333,333",,"449,574,468","440,937,500","437,941,176",,"446,393,443","439,166,667","435,000,000",,"435,614,035","429,487,179","429,500,000",,"433,333,333","430,588,235","429,000,000",,"435,760,870","427,272,727","436,904,000",,"436,904,000","436,904,000","436,584,000",,"433,936,000","433,890,000","433,814,000",,"433,364,000","433,354,000","433,354,000",,"430,610,000"
DilutedAverageShares,,"381,000,000","380,000,000","380,000,000","380,000,000","379,000,000","378,000,000","376,000,000","364,000,000","361,000,000","349,000,000","327,000,000","327,000,000","326,000,000","327,000,000","327,000,000","327,000,000","328,000,000","328,000,000","329,000,000","329,000,000","330,000,000","329,000,000","329,000,000","328,000,000","328,000,000","328,000,000","328,000,000","329,000,000","329,000,000","329,000,000","329,000,000","329,000,000",,"328,000,000","326,000,000","329,000,000",,"329,000,000","334,000,000","329,000,000",,"329,000,000","329,000,000","328,000,000",,"328,000,000","327,000,000","328,000,000",,"329,000,000","327,000,000","327,000,000",,"328,000,000","329,000,000","329,000,000",,"330,000,000","330,000,000","330,000,000",,"330,000,000","331,000,000","331,000,000",,"332,000,000","331,000,000","331,000,000",,"330,000,000","326,000,000","330,000,000",,"330,000,000","329,000,000","328,000,000",,"329,000,000","329,000,000","329,000,000",,"326,000,000","326,000,000","326,000,000",,"327,410,000","331,695,000","344,922,000",,"349,726,027","347,027,027","358,000,000",,"360,500,000","363,250,000","378,947,368",,"395,428,571","408,823,529","413,714,286",,"439,365,079","444,857,143","451,621,622",,"442,461,538","444,166,667","451,470,588",,"447,377,049","443,125,000","441,333,333",,"449,574,468","440,937,500","437,941,176",,"446,393,443","439,166,667","435,000,000",,"435,614,035","429,487,179","429,500,000",,"433,333,333","430,588,235","429,000,000",,"435,760,870","427,272,727","436,904,000",,"436,904,000","436,904,000","436,584,000",,"433,936,000","433,890,000","433,814,000",,"433,364,000","433,354,000","433,354,000",,"430,610,000"
TotalOperatingIncomeAsReported,"1,477,000,000","621,000,000","-128,000,000","585,000,000","399,000,000","794,000,000","-379,000,000","500,000,000","302,000,000","287,000,000","636,000,000","500,000,000","352,000,000","-2,041,000,000","739,000,000","420,000,000","330,000,000","-16,000,000","561,000,000","469,000,000","479,000,000","567,000,000","695,000,000","381,000,000","448,000,000","338,000,000","608,000,000","524,000,000","538,000,000","693,000,000","874,000,000","575,000,000","331,000,000","503,000,000","789,000,000","-71,000,000","492,000,000","991,000,000","636,000,000","272,000,000","304,000,000","-1,319,000,000","810,000,000","380,000,000","450,000,000","414,000,000","862,000,000","351,000,000","498,000,000","440,000,000","768,000,000","-364,000,000","553,000,000","495,000,000","964,000,000","450,000,000","611,000,000","485,000,000","899,000,000","260,000,000","627,000,000","470,000,000","963,000,000","447,000,000","460,000,000","602,000,000","788,000,000","409,000,000","448,000,000","447,000,000","793,000,000","-280,000,000","356,000,000","326,000,000","925,000,000","228,000,000","316,000,000","1,406,000,000","830,000,000","1,266,000,000","367,000,000","3,049,000,000","-169,000,000","221,000,000","-680,000,000","-1,494,134,000","961,659,000","556,731,000","522,741,000","122,100,000","440,800,000","296,700,000","120,200,000","204,700,000","87,600,000","883,100,000","224,500,000","349,500,000","471,000,000","438,500,000","364,900,000","367,700,000","630,200,000","258,200,000","558,900,000","447,500,000","797,400,000","432,000,000","458,100,000","348,500,000","747,100,000","366,800,000","350,200,000",,,,,,,,,,,,,,,,,,,,,,,,,,,,,,,,,,
TotalExpenses,"13,359,000,000","2,708,000,000","5,349,000,000","2,741,000,000","2,561,000,000","2,433,000,000","5,051,000,000","2,505,000,000","2,488,000,000","2,665,000,000","3,105,000,000","2,142,000,000","2,476,000,000","5,032,000,000","3,541,000,000","2,390,000,000","2,168,000,000","2,520,000,000","3,111,000,000","2,480,000,000","1,979,000,000","2,317,000,000","3,072,000,000","2,375,000,000","1,992,000,000","1,998,000,000","3,155,000,000","2,384,000,000","1,974,000,000","2,493,000,000","3,485,000,000","2,441,000,000","2,364,000,000","2,444,000,000","3,171,000,000","2,542,000,000","2,140,000,000","1,045,000,000","3,499,000,000","2,774,000,000","2,538,000,000","2,561,000,000","3,171,000,000","2,603,000,000","2,332,000,000","2,608,000,000","2,926,000,000","2,390,000,000","2,312,000,000","1,721,000,000","2,896,000,000","3,198,000,000","2,259,000,000","3,041,000,000","3,147,000,000","2,932,000,000","2,472,000,000","2,726,000,000","3,043,000,000","2,787,000,000","2,285,000,000","2,597,000,000","2,839,000,000","2,554,000,000","2,291,000,000","2,372,000,000","2,995,000,000","2,240,000,000","1,998,000,000","1,912,000,000","2,395,000,000","3,199,000,000","2,154,000,000","2,330,000,000","2,908,000,000","2,905,000,000","2,216,000,000","572,000,000","3,167,000,000","1,660,000,000","2,220,000,000","-745,000,000","4,212,000,000","2,406,000,000","3,142,000,000","4,085,447,000","2,691,544,000","2,192,433,000","2,200,579,000","2,387,200,000","2,516,200,000","1,819,300,000","1,967,500,000","2,410,200,000","3,353,200,000","1,359,600,000","1,685,100,000","1,979,800,000","2,266,800,000","1,728,700,000","1,635,800,000","1,827,700,000","1,938,000,000","1,555,500,000","1,408,800,000","1,604,600,000","1,872,600,000","1,428,800,000","1,363,900,000","1,693,600,000","1,931,000,000","1,491,700,000","1,378,500,000",,,,,,,,,,,,,,,,,,,,,,,,,,,,,,,,,,
NetIncomeFromContinuingAndDiscontinuedOperation,"925,000,000","571,000,000","-297,000,000","361,000,000","290,000,000","552,000,000","-242,000,000","348,000,000","213,000,000","173,000,000","502,000,000","422,000,000","308,000,000","-1,400,000,000","544,000,000","306,000,000","248,000,000","-515,000,000","502,000,000","309,000,000","393,000,000","377,000,000","450,000,000","307,000,000","301,000,000","-50,000,000","449,000,000","407,000,000","327,000,000","448,000,000","508,000,000","566,000,000","202,000,000","326,000,000","463,000,000","-70,000,000","298,000,000","-449,000,000","190,000,000","74,000,000","93,000,000","-839,000,000","426,000,000","176,000,000","200,000,000","166,000,000","510,000,000","344,000,000","236,000,000","212,000,000","403,000,000","-16,000,000","250,000,000","178,000,000","452,000,000","261,000,000","299,000,000","211,000,000","461,000,000","91,000,000","333,000,000","288,000,000","458,000,000","177,000,000","257,000,000","274,000,000","462,000,000","201,000,000","201,000,000","378,000,000","813,000,000","-374,000,000","98,000,000","197,000,000","544,000,000","24,000,000","66,000,000","-24,000,000","352,000,000","665,000,000","84,000,000","2,167,000,000","-413,000,000","-102,000,000","-617,000,000","-2,549,860,000","360,151,000","137,167,000","109,541,000","96,100,000","255,300,000","128,400,000","143,200,000","162,600,000","216,300,000","145,300,000","144,000,000","139,400,000","276,800,000","139,000,000","144,800,000","117,400,000","276,800,000","155,700,000","167,100,000","138,000,000","287,600,000","159,900,000","153,500,000","133,900,000","272,900,000","141,800,000","132,400,000","137,700,000","211,300,000","141,100,000","148,900,000","152,000,000","272,300,000","158,100,000","156,600,000","114,900,000","248,300,000","167,500,000","171,800,000","182,400,000","286,000,000","146,400,000","171,600,000","118,800,000","400,900,000","141,000,000",,,,,,,,,,,,,,,
NormalizedIncome,"857,110,000","548,370,000","-255,092,024.54","318,109,000","257,150,000","451,136,212.625","-308,430,000","277,806,818.182","190,370,000","158,400,000","476,450,000","516,170,000","286,100,000","-1,444,353,790.614","492,788,000","289,210,000","274,280,000","-103,400,000","480,400,000","293,326,000","377,400,000","341,887,850.467","427,992,000","303,600,000","274,306,000","-56,400,000","385,200,000","379,420,000","303,750,000","342,171,681.416","512,032,000","359,040,000","361,150,000","282,541,899.441","470,384,000","275,500,000","265,140,000","1,087,018,518.519","208,909,853.249","66,076,923.077","87,000,000","294,600,000","415,669,106.881","155,078,740.157","180,476,868.327","175,195,571.956","499,701,550.388","330,000,000","213,923,664.122","874,361,204.013","365,905,325.444","-17,450,000","233,288,659.794","188,553,359.684","463,889,349.931","205,802,898.551","291,578,494.624","207,184,713.376","424,759,615.385","69,550,000","313,464,052.288","201,102,409.639","442,600,000","159,444,029.851","170,277,966.102","258,032,719.836","414,946,808.511","153,925,233.645","149,080,536.913","256,800,000","298,427,125.506","-400,320,785.597","30,200,000","178,400,000","400,254,129.606","8,600,000","42,428,571.429","-247,600,000","381,028,517.11","703,766,561.514","78,960,000","3,415,397,274.276","-410,246,666.667","-81,475,609.756","-605,600,000","-2,583,899,865.817","370,472,800","136,624,600","105,823,400","422,740,000","130,034,495.641","70,006,540.623","-26,110,362.921","42,681,513.828","-59,520,000","442,060,000","6,720,000","85,580,000","185,720,000","147,640,000","100,320,132.835","98,860,000","257,420,000","45,180,000","238,140,000","172,320,000","389,240,000","178,384,850.774","185,960,000","116,734,899.635","354,140,000","126,920,000","127,540,000","137,700,000","211,300,000","141,100,000","148,900,000","152,000,000","272,300,000","158,100,000","156,600,000","114,900,000","248,300,000","167,500,000","171,800,000","182,400,000","286,000,000","146,400,000","171,600,000","118,800,000","400,900,000","141,000,000",,,,,,,,,,,,,,,
InterestIncome,"3,000,000","1,000,000","1,000,000","1,000,000",,"2,000,000","2,000,000","7,000,000","9,000,000","8,000,000","13,000,000","7,000,000","9,000,000","9,000,000","6,000,000","5,000,000","4,000,000","2,000,000","3,000,000","1,000,000","1,000,000","-1,000,000","1,000,000","2,000,000","0","0","1,000,000","2,000,000","1,000,000","-1,000,000","1,000,000","3,000,000","2,000,000","2,000,000","2,000,000","4,000,000","2,000,000","-9,000,000","3,000,000","13,000,000","3,000,000","-1,000,000","4,000,000","30,000,000","4,000,000","4,000,000","4,000,000","4,000,000","19,000,000","31,000,000","2,000,000","17,000,000","10,000,000",,"9,000,000",,,,,"45,000,000",,"49,000,000",,,,"34,000,000",,"25,000,000",,,,,"13,000,000","13,000,000","21,000,000",,,,,"62,000,000",,,,,,"101,262,000",,,,,,,,,"28,200,000",,,,,,,,"14,200,000",,,,,,,,,,,,,,,,,,,,,,,,,,,,,,,,,,,,,,,,,,,,
InterestExpense,"925,000,000","231,000,000","245,000,000","232,000,000","217,000,000","226,000,000","222,000,000","229,000,000","225,000,000","222,000,000","214,000,000","211,000,000","194,000,000","196,000,000","188,000,000","180,000,000","170,000,000","166,000,000","162,000,000","159,000,000","152,000,000","150,000,000","147,000,000","144,000,000","140,000,000","135,000,000","138,000,000","138,000,000","143,000,000","138,000,000","141,000,000","139,000,000","141,000,000","142,000,000","137,000,000","133,000,000","131,000,000","-122,000,000","214,000,000","218,000,000","212,000,000","207,000,000","203,000,000","203,000,000","196,000,000","185,000,000","175,000,000","175,000,000","168,000,000","176,000,000","187,000,000","182,000,000","187,000,000",,"176,000,000",,,,,"201,000,000",,"250,000,000",,,,"203,000,000",,"204,000,000",,,,,"316,000,000","262,000,000","316,000,000",,,,,"317,000,000",,,,,,"294,658,000",,,,,,,,,"188,900,000",,,,,,,,"164,500,000",,,,,,,,,,,,,,,,,,,,,,,,,,,,,,,,,,,,,,,,,,,,
NetInterestIncome,"-922,000,000","-230,000,000","-244,000,000","-231,000,000","-217,000,000","-224,000,000","-220,000,000","-222,000,000","-216,000,000","-214,000,000","-201,000,000","-204,000,000","-185,000,000","-187,000,000","-182,000,000","-175,000,000","-166,000,000","-164,000,000","-159,000,000","-158,000,000","-151,000,000","-151,000,000","-146,000,000","-142,000,000","-140,000,000","-135,000,000","-137,000,000","-136,000,000","-142,000,000","-139,000,000","-140,000,000","-136,000,000","-139,000,000","-140,000,000","-135,000,000","-129,000,000","-129,000,000","113,000,000","-211,000,000","-205,000,000","-209,000,000","-208,000,000","-199,000,000","-173,000,000","-192,000,000","-181,000,000","-171,000,000","-171,000,000","-149,000,000","-145,000,000","-185,000,000","-165,000,000","-177,000,000",,,,,,,,,,,,,,,,,,,,,,,,,,,,,,,,,,,,,,,,,,,,,,,,,,,,,,,,,,,,,,,,,,,,,,,,,,,,,,,,,,,,,,,,,,,,,,
EBIT,"1,714,000,000","663,000,000","-81,000,000","661,000,000","471,000,000","828,000,000","-295,000,000","581,000,000","354,000,000","329,000,000","694,000,000","555,000,000","390,000,000","-2,020,000,000","815,000,000","469,000,000","381,000,000","-4,000,000","594,000,000","494,000,000","504,000,000","578,000,000","718,000,000","403,000,000","473,000,000","379,000,000","625,000,000","550,000,000","567,000,000","703,000,000","885,000,000","605,000,000","346,000,000","500,000,000","802,000,000","-51,000,000","515,000,000","958,000,000","691,000,000","322,000,000","327,000,000","-1,274,000,000","886,000,000","457,000,000","477,000,000","456,000,000","949,000,000","395,000,000","561,000,000","475,000,000","863,000,000","-328,000,000","575,000,000","495,000,000","964,000,000","450,000,000","611,000,000","485,000,000","899,000,000","260,000,000","627,000,000","470,000,000","963,000,000","447,000,000","460,000,000","602,000,000","788,000,000","409,000,000","448,000,000","447,000,000","793,000,000","-280,000,000","356,000,000","326,000,000","925,000,000","228,000,000","316,000,000","1,406,000,000","830,000,000","1,266,000,000","367,000,000","3,049,000,000","-169,000,000","221,000,000","-680,000,000","-1,494,134,000","961,659,000","556,731,000","522,741,000","122,100,000","440,800,000","296,700,000","120,200,000","204,700,000","87,600,000","883,100,000","224,500,000","349,500,000","471,000,000","438,500,000","364,900,000","367,700,000","630,200,000","258,200,000","558,900,000","447,500,000","797,400,000","432,000,000","458,100,000","348,500,000","747,100,000","366,800,000","350,200,000","1,844,400,000","2,423,900,000","1,767,700,000","1,785,000,000","1,954,100,000","2,550,000,000","1,765,500,000","1,714,400,000","1,886,600,000","2,250,800,000","1,695,100,000","1,670,000,000","1,755,300,000","2,257,600,000","1,594,800,000","1,590,800,000","1,239,700,000","2,182,200,000","1,572,200,000","1,530,000,000","1,538,700,000","2,029,000,000","1,353,000,000","1,332,000,000","1,346,000,000","1,487,500,000","1,331,600,000","1,283,700,000","1,274,800,000","1,550,000,000","1,210,700,000","1,240,000,000","1,272,300,000","1,451,700,000"
EBITDA,"3,994,000,000"
ReconciledCostOfRevenue,"9,123,000,000","1,974,000,000","3,290,000,000","2,022,000,000","1,840,000,000","1,830,000,000","3,048,000,000","1,815,000,000","1,792,000,000","1,674,000,000","2,529,000,000","1,712,000,000","1,869,000,000","1,963,000,000","2,883,000,000","1,704,000,000","1,584,000,000","1,904,000,000","2,477,000,000","1,866,000,000","1,359,000,000","1,709,000,000","2,430,000,000","1,764,000,000","1,401,000,000","1,427,000,000","2,543,000,000","1,800,000,000","1,400,000,000","1,604,000,000","3,061,000,000","2,027,000,000","1,954,000,000","2,100,000,000","2,758,000,000","2,108,000,000","1,709,000,000","4,317,000,000","1,858,000,000","1,074,000,000","872,000,000","827,000,000","1,579,000,000","867,000,000","729,000,000","770,000,000","1,446,000,000","866,000,000","903,000,000","968,000,000","1,343,000,000","912,000,000","927,000,000","1,130,000,000","2,568,000,000","1,186,000,000","1,001,000,000","1,126,000,000","1,756,000,000","1,233,000,000","772,000,000","993,000,000","1,494,000,000","1,127,000,000","1,455,000,000","1,464,000,000","958,000,000","1,116,000,000","785,000,000","709,000,000","1,379,000,000","965,000,000","899,000,000","897,000,000","1,373,000,000","988,000,000","759,000,000","645,000,000","1,112,000,000","839,000,000","494,000,000","523,000,000","1,135,000,000","1,116,000,000","2,033,000,000","1,895,320,000","2,208,927,000","898,065,000","792,687,000","1,059,000,000","1,315,200,000","638,600,000","841,300,000","1,307,000,000","2,090,800,000","969,500,000","743,800,000","953,300,000","1,363,900,000","782,000,000","828,900,000","892,100,000","1,188,000,000","723,200,000","670,600,000","804,600,000","1,131,100,000","688,700,000","651,600,000","837,000,000","1,197,200,000","736,000,000","681,900,000",,,,,,,,,,,,,,,,,,,,,,,,,,,,,,,,,,
ReconciledDepreciation,"2,280,000,000","571,000,000","619,000,000","548,000,000","542,000,000","517,000,000","507,000,000","504,000,000","501,000,000","487,000,000","479,000,000","339,000,000","498,000,000","308,000,000","563,000,000","590,000,000","479,000,000","524,000,000","543,000,000","528,000,000","520,000,000","523,000,000","550,000,000","526,000,000","499,000,000","490,000,000","528,000,000","502,000,000","485,000,000","567,000,000","424,000,000","414,000,000","410,000,000","344,000,000","413,000,000","434,000,000","431,000,000","172,000,000","489,000,000","491,000,000","482,000,000","489,000,000","473,000,000","473,000,000","454,000,000","513,000,000","378,000,000","380,000,000","369,000,000","390,000,000","460,000,000","346,000,000","342,000,000","446,000,000","291,000,000","357,000,000","325,000,000","344,000,000","340,000,000","347,000,000","344,000,000","285,000,000","321,000,000","361,000,000","313,000,000","291,000,000","303,000,000","293,000,000","281,000,000","290,000,000","183,000,000","329,000,000","318,000,000","385,000,000","312,000,000","279,000,000","316,000,000","294,000,000","288,000,000","290,000,000","271,000,000","204,000,000","294,000,000","287,000,000","280,000,000","453,054,000","577,284,000","533,359,000","537,303,000",,,,,,,,,,,,,,,,,,,,,,,,,,,,,,,,,,,,,,,,,,,,,,,,,,,,,,,,,,
NetIncomeFromContinuingOperationNetMinorityInterest,"925,000,000","571,000,000","-297,000,000","361,000,000","290,000,000","552,000,000","-242,000,000","348,000,000","213,000,000","173,000,000","502,000,000","422,000,000","308,000,000","-1,434,000,000","544,000,000","306,000,000","248,000,000","-515,000,000","502,000,000","309,000,000","393,000,000","364,000,000","450,000,000","309,000,000","300,000,000","-42,000,000","406,000,000","407,000,000","327,000,000","409,000,000","524,000,000","382,000,000","224,000,000","289,000,000","488,000,000","-82,000,000","286,000,000","1,108,000,000","266,000,000","74,000,000","94,000,000","-839,000,000","426,000,000","177,000,000","202,000,000","166,000,000","514,000,000","343,000,000","230,000,000","214,000,000","404,000,000","-9,000,000","247,000,000","178,000,000","446,000,000","262,000,000","304,000,000","214,000,000","465,000,000","91,000,000","330,000,000","266,000,000","460,000,000","173,000,000","184,000,000","299,000,000","435,000,000","180,000,000","194,000,000","267,000,000","313,000,000","-374,000,000","98,000,000","194,000,000","500,000,000","26,000,000","66,000,000","38,000,000","351,000,000","662,000,000","84,000,000","3,534,000,000","-413,000,000","-102,000,000","-617,000,000","-2,549,860,000","360,151,000","137,167,000","109,541,000","96,100,000","255,300,000","128,400,000","143,200,000","162,600,000","216,300,000","145,300,000","144,000,000","139,400,000","276,800,000","139,000,000","144,800,000","117,400,000","276,800,000","155,700,000","167,100,000","138,000,000","287,600,000","159,900,000","153,500,000","133,900,000","272,900,000","141,800,000","132,400,000","137,700,000","211,300,000","141,100,000","148,900,000","152,000,000","272,300,000","158,100,000","156,600,000","114,900,000","248,300,000","167,500,000","171,800,000","182,400,000","286,000,000","146,400,000","171,600,000","118,800,000","400,900,000","141,000,000",,,,,,,,,,,,,,,
TotalUnusualItemsExcludingGoodwill,"93,000,000","31,000,000","-46,000,000","51,000,000","45,000,000","110,000,000","91,000,000","71,000,000","31,000,000","20,000,000","35,000,000","-129,000,000","30,000,000","16,000,000","59,000,000","23,000,000","-36,000,000","-686,000,000","36,000,000","17,000,000","26,000,000","26,000,000","28,000,000","9,000,000","29,000,000","24,000,000","25,000,000","28,000,000","31,000,000","93,000,000","17,000,000","28,000,000","-211,000,000","8,000,000","24,000,000","-550,000,000","28,000,000","22,000,000","92,000,000","8,000,000","7,000,000","-1,744,000,000","16,000,000","29,000,000","28,000,000","-14,000,000","21,000,000","20,000,000","26,000,000","-866,000,000","58,000,000","13,000,000","20,000,000","-15,000,000","-29,000,000","74,000,000","19,000,000","10,000,000","63,000,000","33,000,000","23,000,000","81,000,000","29,000,000","21,000,000","22,000,000","67,000,000","26,000,000","31,000,000","69,000,000","17,000,000","23,000,000","43,000,000","113,000,000","26,000,000","157,000,000","29,000,000","35,000,000","476,000,000","-45,000,000","-60,000,000","6,000,000","197,000,000","-4,000,000","-33,000,000","-19,000,000","54,106,000","-17,203,000","904,000","6,196,000","-544,400,000","197,000,000","89,000,000","270,400,000","152,000,000","459,700,000","-494,600,000","228,800,000","89,700,000","151,800,000","-14,400,000","74,000,000","30,900,000","32,300,000","184,200,000","-118,400,000","-57,200,000","-169,400,000","-30,600,000","-54,100,000","28,100,000","-135,400,000","24,800,000","8,100,000",,,,,,,,,,,,,,,,,,,,,,,,,,,,,,,,,,
TotalUnusualItems,"93,000,000","31,000,000","-46,000,000","51,000,000","45,000,000","110,000,000","91,000,000","71,000,000","31,000,000","20,000,000","35,000,000","-129,000,000","30,000,000","16,000,000","59,000,000","23,000,000","-36,000,000","-686,000,000","36,000,000","17,000,000","26,000,000","26,000,000","28,000,000","9,000,000","29,000,000","24,000,000","25,000,000","28,000,000","31,000,000","93,000,000","17,000,000","28,000,000","-211,000,000","8,000,000","24,000,000","-550,000,000","28,000,000","22,000,000","92,000,000","8,000,000","7,000,000","-1,744,000,000","16,000,000","29,000,000","28,000,000","-14,000,000","21,000,000","20,000,000","26,000,000","-866,000,000","58,000,000","13,000,000","20,000,000","-15,000,000","-29,000,000","74,000,000","19,000,000","10,000,000","63,000,000","33,000,000","23,000,000","81,000,000","29,000,000","21,000,000","22,000,000","67,000,000","26,000,000","31,000,000","69,000,000","17,000,000","23,000,000","43,000,000","113,000,000","26,000,000","157,000,000","29,000,000","35,000,000","476,000,000","-45,000,000","-60,000,000","6,000,000","197,000,000","-4,000,000","-33,000,000","-19,000,000","54,106,000","-17,203,000","904,000","6,196,000","-544,400,000","197,000,000","89,000,000","270,400,000","152,000,000","459,700,000","-494,600,000","228,800,000","89,700,000","151,800,000","-14,400,000","74,000,000","30,900,000","32,300,000","184,200,000","-118,400,000","-57,200,000","-169,400,000","-30,600,000","-54,100,000","28,100,000","-135,400,000","24,800,000","8,100,000",,,,,,,,,,,,,,,,,,,,,,,,,,,,,,,,,,
NormalizedEBITDA,"3,901,000,000","1,203,000,000","584,000,000","1,158,000,000","968,000,000","1,235,000,000","121,000,000","1,014,000,000","824,000,000","796,000,000","1,138,000,000","1,023,000,000","858,000,000","-1,556,000,000","1,319,000,000","1,036,000,000","896,000,000","1,206,000,000","1,101,000,000","1,005,000,000","998,000,000","1,075,000,000","1,240,000,000","920,000,000","943,000,000","845,000,000","1,128,000,000","1,024,000,000","1,021,000,000","1,177,000,000","1,292,000,000","991,000,000","967,000,000","890,000,000","1,191,000,000","933,000,000","918,000,000","1,109,000,000","1,088,000,000","805,000,000","802,000,000","959,000,000","1,343,000,000","901,000,000","903,000,000","983,000,000","1,306,000,000","755,000,000","904,000,000","1,731,000,000","1,265,000,000","6,000,000","897,000,000","956,000,000","1,284,000,000","733,000,000","917,000,000","819,000,000","1,176,000,000","574,000,000","948,000,000","674,000,000","1,255,000,000","787,000,000","751,000,000","826,000,000","1,065,000,000","671,000,000","660,000,000","720,000,000","1,002,000,000","6,000,000","561,000,000","685,000,000","1,080,000,000","478,000,000","597,000,000","1,224,000,000","1,163,000,000","1,616,000,000","632,000,000","3,056,000,000","129,000,000","541,000,000","-381,000,000","-1,095,186,000","1,556,146,000","1,089,186,000","1,053,848,000","1,163,600,000","756,700,000","659,400,000","294,100,000","535,600,000","84,300,000","1,830,000,000","435,100,000","624,400,000","686,400,000","817,400,000","644,600,000","658,100,000","926,200,000","399,900,000","970,800,000","794,100,000","1,243,200,000","727,100,000","769,000,000","572,300,000","1,161,300,000","625,200,000","607,200,000","1,844,400,000","2,423,900,000","1,767,700,000","1,785,000,000","1,954,100,000","2,550,000,000","1,765,500,000","1,714,400,000","1,886,600,000","2,250,800,000","1,695,100,000","1,670,000,000","1,755,300,000","2,257,600,000","1,594,800,000","1,590,800,000","1,239,700,000","2,182,200,000","1,572,200,000","1,530,000,000","1,538,700,000","2,029,000,000","1,353,000,000","1,332,000,000","1,346,000,000","1,487,500,000","1,331,600,000","1,283,700,000","1,274,800,000","1,550,000,000","1,210,700,000","1,240,000,000","1,272,300,000","1,451,700,000"
TaxRateForCalcs,"0.27","0.27","0.089","0.159","0.27","0.083","0.27","0.011","0.27","0.27","0.27","0.27","0.27","0.353","0.132","0.27","0.27","0.4","0.4","0.078","0.4","0.15","0.214","0.4","0.114","0.4","0.168","0.015","0.25","0.281","0.296","0.18","0.35","0.193","0.266","0.35","0.255","0.046","0.379","0.01","0","0.35","0.354","0.244","0.231","0.343","0.319","0.35","0.382","0.237","0.343","0.35","0.314","0.296","0.383","0.241","0.346","0.318","0.361","0.35","0.281","0.199","0.4","0.354","0.376","0.389","0.229","0.159","0.349","0.4","0.366","0.388","0.4","0.4","0.365","0.4","0.327","0.4","0.333","0.304","0.16","0.398","0.312","0.378","0.4","0.371","0.4","0.4","0.4","0.4","0.364","0.344","0.374","0.211","0.4","0.4","0.4","0.4","0.4","0.4","0.399","0.4","0.4","0.4","0.4","0.4","0.4","0.396","0.4","0.389","0.4","0.4","0.4","0.4","0.4","0.4","0.4","0.4","0.4","0.4","0.4","0.4","0.4","0.4","0.4","0.4","0.4","0.4","0.4","0.4","0.4","0.4",,,,,,,,,,,,,,,
TaxEffectOfUnusualItems,"25,110,000","8,370,000","-4,092,024.54","8,109,000","12,150,000","9,136,212.625","24,570,000","806,818.182","8,370,000","5,400,000","9,450,000","-34,830,000","8,100,000","5,646,209.386","7,788,000","6,210,000","-9,720,000","-274,400,000","14,400,000","1,326,000","10,400,000","3,887,850.467","5,992,000","3,600,000","3,306,000","9,600,000","4,200,000","420,000","7,750,000","26,171,681.416","5,032,000","5,040,000","-73,850,000","1,541,899.441","6,384,000","-192,500,000","7,140,000","1,018,518.519","34,909,853.249","76,923.077","0","-610,400,000","5,669,106.881","7,078,740.157","6,476,868.327","-4,804,428.044","6,701,550.388","7,000,000","9,923,664.122","-205,638,795.987","19,905,325.444","4,550,000","6,288,659.794","-4,446,640.316","-11,110,650.069","17,802,898.551","6,578,494.624","3,184,713.376","22,759,615.385","11,550,000","6,464,052.288","16,102,409.639","11,600,000","7,444,029.851","8,277,966.102","26,032,719.836","5,946,808.511","4,925,233.645","24,080,536.913","6,800,000","8,427,125.506","16,679,214.403","45,200,000","10,400,000","57,254,129.606","11,600,000","11,428,571.429","190,400,000","-14,971,482.89","-18,233,438.486","960,000","78,397,274.276","-1,246,666.667","-12,475,609.756","-7,600,000","20,066,134.183","-6,881,200","361,600","2,478,400","-217,760,000","71,734,495.641","30,606,540.623","101,089,637.079","32,081,513.828","183,880,000","-197,840,000","91,520,000","35,880,000","60,720,000","-5,760,000","29,520,132.835","12,360,000","12,920,000","73,680,000","-47,360,000","-22,880,000","-67,760,000","-12,115,149.226","-21,640,000","10,934,899.635","-54,160,000","9,920,000","3,240,000","0","0","0","0","0","0","0","0","0","0","0","0","0","0","0","0","0","0","0",,,,,,,,,,,,,,,