name,ttm,12/31/2021,09/30/2021,06/30/2021,03/31/2021,12/31/2020,09/30/2020,06/30/2020,03/31/2020,12/31/2019,09/30/2019,06/30/2019,03/31/2019,12/31/2018,09/30/2018,06/30/2018,03/31/2018,12/31/2017,09/30/2017,06/30/2017,03/31/2017,12/31/2016,09/30/2016,06/30/2016,03/31/2016,12/31/2015,09/30/2015,06/30/2015,03/31/2015,12/31/2014,09/30/2014,06/30/2014,03/31/2014,12/31/2013,09/30/2013,06/30/2013,03/31/2013,12/31/2012,09/30/2012,06/30/2012,03/31/2012,12/31/2011,09/30/2011,06/30/2011,03/31/2011,12/31/2010,09/30/2010,06/30/2010,03/31/2010,12/31/2009,09/30/2009,06/30/2009,03/31/2009,12/31/2008,09/30/2008,06/30/2008,03/31/2008,12/31/2007,09/30/2007,06/30/2007,03/31/2007,12/31/2006,09/30/2006,06/30/2006,03/31/2006,12/31/2005,09/30/2005,06/30/2005,03/31/2005,12/31/2004,09/30/2004,06/30/2004,03/31/2004,12/31/2003,09/30/2003,06/30/2003,03/31/2003,12/31/2002,09/30/2002,06/30/2002,03/31/2002,12/31/2001,09/30/2001,06/30/2001,03/31/2001,12/31/2000,09/30/2000,06/30/2000,03/31/2000,12/31/1999,09/30/1999,06/30/1999,03/31/1999,12/31/1998,09/30/1998,06/30/1998,03/31/1998,12/31/1997,09/30/1997,06/30/1997,03/31/1997,12/31/1996,09/30/1996,06/30/1996,03/31/1996,12/31/1995,09/30/1995,06/30/1995,03/31/1995,12/31/1994,09/30/1994
TotalRevenue,"17,731,000,000","5,539,000,000","4,392,000,000","3,936,000,000","3,864,000,000","4,853,000,000","3,562,000,000","2,430,000,000","3,345,000,000","4,624,000,000","3,895,000,000","3,590,000,000","3,744,000,000","4,005,000,000","3,524,000,000","3,295,000,000","3,370,000,000","3,744,000,000","3,274,000,000","2,894,000,000","2,857,000,000","3,208,000,000","2,865,000,000","2,646,300,000","2,656,500,000","3,124,800,000","2,834,700,000","2,524,400,000","2,580,500,000","3,044,500,000","2,631,000,000","2,725,300,000","2,549,800,000","3,018,700,000","2,675,000,000","2,407,400,000","2,291,800,000","2,933,000,000","2,549,500,000","2,251,200,000","2,248,200,000","2,737,500,000","2,476,700,000","2,060,600,000","2,165,700,000","2,492,000,000","2,091,700,000","1,840,100,000","1,860,000,000","2,262,300,000","1,833,400,000","1,682,800,000","1,696,500,000","2,041,000,000","1,903,500,000","2,012,100,000","1,879,800,000","2,308,800,000","1,710,100,000","1,762,400,000","1,690,500,000","1,991,100,000","1,593,500,000","1,604,600,000","1,578,200,000","1,783,900,000","1,497,100,000","1,543,700,000","1,538,200,000","1,750,300,000","1,504,100,000","1,403,100,000","1,421,600,000","1,619,100,000","1,351,700,000","1,223,000,000","1,239,400,000","1,412,700,000","1,242,500,000","1,129,000,000","1,121,700,000","1,257,400,000","1,187,700,000","1,037,100,000","1,101,700,000","1,291,600,000","1,177,700,000","998,900,000","1,039,100,000","1,235,100,000","1,093,700,000","908,500,000","964,800,000","1,091,000,000","997,000,000","845,000,000","871,500,000","1,000,900,000","900,600,000","775,900,000","791,400,000","941,500,000","872,800,000","736,700,000","763,900,000","860,800,000","833,100,000","698,200,000","702,800,000","759,100,000","739,000,000"
	OperatingRevenue,"17,731,000,000","5,539,000,000","4,392,000,000","3,936,000,000","3,864,000,000","4,853,000,000","3,562,000,000","2,430,000,000","3,345,000,000","4,624,000,000","3,895,000,000","3,590,000,000","3,744,000,000","4,005,000,000","3,524,000,000","3,295,000,000","3,370,000,000","3,744,000,000","3,274,000,000","2,894,000,000","2,857,000,000","3,208,000,000","2,865,000,000","2,646,300,000","2,656,500,000","3,124,800,000","2,834,700,000","2,524,400,000","2,580,500,000","3,044,500,000","2,631,000,000","2,725,300,000","2,549,800,000","3,018,700,000","2,675,000,000","2,407,400,000","2,291,800,000","2,933,000,000","2,549,500,000","2,251,200,000","2,248,200,000","2,737,500,000","2,476,700,000","2,060,600,000","2,165,700,000","2,492,000,000","2,091,700,000","1,840,100,000","1,860,000,000","2,262,300,000","1,833,400,000","1,682,800,000","1,696,500,000","2,041,000,000","1,903,500,000","2,012,100,000","1,879,800,000","2,308,800,000","1,710,100,000","1,762,400,000","1,690,500,000","1,991,100,000","1,593,500,000","1,604,600,000","1,578,200,000","1,783,900,000","1,497,100,000","1,543,700,000","1,538,200,000","1,750,300,000","1,504,100,000","1,403,100,000","1,421,600,000","1,619,100,000","1,351,700,000","1,223,000,000","1,239,400,000","1,412,700,000","1,242,500,000","1,129,000,000","1,121,700,000","1,257,400,000","1,187,700,000","1,037,100,000","1,101,700,000","1,291,600,000","1,177,700,000","998,900,000","1,039,100,000","1,235,100,000","1,093,700,000","908,500,000","964,800,000","1,091,000,000","997,000,000","845,000,000","871,500,000","1,000,900,000","900,600,000","775,900,000","791,400,000","941,500,000","872,800,000","736,700,000","763,900,000","860,800,000","833,100,000","698,200,000","702,800,000","759,100,000","739,000,000"
CostOfRevenue,"4,205,000,000","1,223,000,000","1,057,000,000","986,000,000","939,000,000","1,084,000,000","825,000,000","767,000,000","836,000,000","1,041,000,000","908,000,000","835,000,000","819,000,000","910,000,000","823,000,000","697,000,000","683,000,000","753,000,000","711,000,000","613,000,000","591,000,000","637,000,000","596,000,000","510,700,000","504,200,000","589,000,000","577,200,000","488,000,000","502,900,000","573,100,000","536,600,000","533,800,000","498,700,000","581,600,000","544,100,000","475,600,000","443,100,000","568,000,000","539,200,000","441,200,000","469,300,000","551,000,000","534,300,000","425,100,000","482,600,000","541,100,000","488,100,000","414,300,000","444,600,000","525,400,000","445,100,000","427,100,000","446,400,000","508,000,000","500,100,000","490,600,000","471,900,000","578,500,000","455,800,000","421,700,000","426,000,000","499,000,000","428,100,000","397,100,000","411,500,000","458,500,000","419,500,000","371,600,000","386,500,000","448,000,000","411,300,000","340,900,000","358,600,000","412,700,000","366,300,000","290,600,000","316,600,000","371,400,000","357,100,000","266,500,000","318,300,000","276,400,000","254,500,000","204,900,000","226,100,000","278,000,000","263,300,000","167,500,000","193,200,000","246,800,000","217,800,000","175,800,000","186,300,000","220,800,000","199,900,000","163,800,000","168,000,000","205,600,000","184,600,000","160,000,000","148,100,000","198,600,000","182,400,000","147,000,000","144,200,000","198,200,000","182,800,000",,,,
GrossProfit,"13,526,000,000","4,316,000,000","3,335,000,000","2,950,000,000","2,925,000,000","3,769,000,000","2,737,000,000","1,663,000,000","2,509,000,000","3,583,000,000","2,987,000,000","2,755,000,000","2,925,000,000","3,095,000,000","2,701,000,000","2,598,000,000","2,687,000,000","2,991,000,000","2,563,000,000","2,281,000,000","2,266,000,000","2,571,000,000","2,269,000,000","2,135,600,000","2,152,300,000","2,535,800,000","2,257,500,000","2,036,400,000","2,077,600,000","2,471,400,000","2,094,400,000","2,191,500,000","2,051,100,000","2,437,100,000","2,130,900,000","1,931,800,000","1,848,700,000","2,365,000,000","2,010,300,000","1,810,000,000","1,778,900,000","2,186,500,000","1,942,400,000","1,635,500,000","1,683,100,000","1,950,900,000","1,603,600,000","1,425,800,000","1,415,400,000","1,736,900,000","1,388,300,000","1,255,700,000","1,250,100,000","1,533,000,000","1,403,400,000","1,521,500,000","1,407,900,000","1,730,300,000","1,254,300,000","1,340,700,000","1,264,500,000","1,492,100,000","1,165,400,000","1,207,500,000","1,166,700,000","1,325,400,000","1,077,600,000","1,172,100,000","1,151,700,000","1,302,300,000","1,092,800,000","1,062,200,000","1,063,000,000","1,206,400,000","985,400,000","932,400,000","922,800,000","1,041,300,000","885,400,000","862,500,000","803,400,000","981,000,000","933,200,000","832,200,000","875,600,000","1,013,600,000","914,400,000","831,400,000","845,900,000","988,300,000","875,900,000","732,700,000","778,500,000","870,200,000","797,100,000","681,200,000","703,500,000","795,300,000","716,000,000","615,900,000","643,300,000","742,900,000","690,400,000","589,700,000","619,700,000","662,600,000","650,300,000",,,,
OperatingExpense,"10,034,000,000","2,885,000,000","2,394,000,000","2,610,000,000","2,145,000,000","2,590,000,000","2,026,000,000","1,884,000,000","2,030,000,000","2,538,000,000","2,185,000,000","2,422,000,000","2,170,000,000","2,257,000,000","2,008,000,000","2,288,000,000","2,093,000,000","2,214,000,000","1,961,000,000","1,947,000,000","1,780,000,000","1,917,000,000","1,825,000,000","1,892,500,000","1,753,100,000","1,887,900,000","1,804,300,000","1,808,100,000","1,680,400,000","1,838,600,000","1,746,400,000","1,812,000,000","1,709,500,000","1,784,200,000","1,680,200,000","1,765,200,000","1,605,300,000","1,698,600,000","1,527,900,000","1,701,400,000","1,539,000,000","1,576,700,000","1,507,700,000","1,552,800,000","1,452,200,000","1,419,200,000","1,301,800,000","1,358,300,000","1,276,600,000","1,282,400,000","1,149,700,000","1,151,700,000","1,159,000,000","1,262,700,000","1,310,900,000","1,320,400,000","1,246,700,000","1,359,800,000","1,176,400,000","1,179,800,000","1,107,800,000","1,159,700,000","1,065,500,000","1,060,000,000","1,050,400,000","1,074,700,000","972,500,000","1,013,700,000","975,300,000","1,071,800,000","937,500,000","936,500,000","893,400,000","987,400,000","-302,000,000","827,500,000","795,000,000","871,300,000","771,000,000","788,200,000","722,300,000","837,500,000","780,300,000","761,100,000","770,300,000","810,100,000","761,100,000","737,600,000","746,500,000","802,200,000","739,400,000","649,700,000","688,200,000","708,400,000","675,500,000","603,800,000","622,700,000","650,400,000","610,000,000","552,900,000","574,400,000","617,000,000","589,100,000","539,600,000","561,400,000","553,600,000","557,400,000",,,,
	SellingGeneralAndAdministration,"10,034,000,000","2,885,000,000","2,394,000,000","2,610,000,000","2,145,000,000","2,590,000,000","2,026,000,000","1,884,000,000","2,030,000,000","2,538,000,000","2,185,000,000","2,422,000,000","2,170,000,000","2,257,000,000","2,008,000,000","2,288,000,000","2,093,000,000","2,214,000,000","1,961,000,000","1,947,000,000","1,780,000,000","1,917,000,000","1,825,000,000","1,892,500,000","1,753,100,000","1,887,900,000","1,804,300,000","1,808,100,000","1,680,400,000","1,838,600,000","1,746,400,000","1,812,000,000","1,709,500,000","1,784,200,000","1,680,200,000","1,765,200,000","1,605,300,000","1,698,600,000","1,527,900,000","1,701,400,000","1,539,000,000","1,576,700,000","1,507,700,000","1,559,800,000","1,415,900,000","1,419,200,000","1,301,800,000","1,358,300,000","1,276,600,000","1,282,400,000","1,149,700,000","1,151,700,000","1,159,000,000","1,262,400,000","1,310,800,000","1,319,500,000","1,247,400,000","1,359,900,000","1,176,100,000","1,179,100,000","1,107,900,000","1,159,700,000","1,065,000,000","1,021,100,000","998,800,000","1,074,700,000","972,500,000","1,013,700,000","975,300,000","1,071,800,000","937,500,000","917,700,000","893,400,000","987,400,000","852,700,000","807,200,000","795,000,000","871,300,000","771,000,000","788,200,000","722,300,000","837,500,000","780,300,000","744,800,000","770,300,000","810,100,000","761,100,000","698,600,000","709,000,000","765,900,000","705,400,000","621,100,000","658,400,000","679,400,000","645,800,000","576,900,000","595,600,000","626,700,000","590,200,000","532,500,000","555,200,000","598,000,000","571,700,000","522,700,000","542,200,000","541,400,000","546,900,000",,,,
	DepreciationAmortizationDepletionIncomeStatement,,,,,,,,,,,,,,,,,,,,,,,,,,,,,,,,,,,,,,,,,,,,,,,,,,,,,,,,,,,,,,,,,,,,,,,,,,,,,,,,,,,,,,,,"39,000,000","37,500,000","36,300,000","34,000,000","28,600,000","29,800,000","29,000,000","29,700,000","26,900,000","27,100,000","23,700,000","19,800,000","20,400,000","19,200,000","19,000,000","17,400,000","16,900,000","19,200,000","12,200,000","10,500,000",,,,
		DepreciationAndAmortizationInIncomeStatement,,,,,,,,,,,,,,,,,,,,,,,,,,,,,,,,,,,,,,,,,,,,,,,,,,,,,,,,,,,,,,,,,,,,,,,,,,,,,,,,,,,,,,,,"39,000,000","37,500,000","36,300,000","34,000,000","28,600,000","29,800,000","29,000,000","29,700,000","26,900,000","27,100,000","23,700,000","19,800,000","20,400,000","19,200,000","19,000,000","17,400,000","16,900,000","19,200,000","12,200,000","10,500,000",,,,
	OtherOperatingExpenses,,,,,,,,,,,,,,,,,,,,,,,,,,,,,,,,,,,,,,,,,,,,"-7,000,000","36,300,000",,,,,,,,,"300,000","100,000","900,000","-700,000","-100,000","300,000","700,000","-100,000",,"500,000","38,900,000","51,600,000",,,,,,,,,,"-1,154,700,000",,,,,,,,,,,,,,,,,,,,,,,,,,,,,,,,,,,,
OperatingIncome,"3,492,000,000","1,431,000,000","941,000,000","340,000,000","780,000,000","1,179,000,000","711,000,000","-221,000,000","479,000,000","1,045,000,000","802,000,000","333,000,000","755,000,000","838,000,000","693,000,000","310,000,000","594,000,000","777,000,000","602,000,000","334,000,000","486,000,000","654,000,000","444,000,000","243,100,000","399,200,000","647,900,000","453,200,000","228,300,000","397,200,000","632,800,000","348,000,000","379,500,000","341,600,000","652,900,000","450,700,000","166,600,000","243,400,000","666,400,000","482,400,000","108,600,000","239,900,000","609,800,000","434,700,000","82,700,000","230,900,000","531,700,000","301,800,000","67,500,000","138,800,000","454,500,000","238,600,000","104,000,000","91,100,000","270,300,000","92,500,000","201,100,000","161,200,000","370,500,000","77,900,000","160,900,000","156,700,000","332,400,000","99,900,000","147,500,000","116,300,000","250,700,000","105,100,000","158,400,000","176,400,000","230,500,000","155,300,000","125,700,000","169,600,000","219,000,000","1,287,400,000","104,900,000","127,800,000","170,000,000","114,400,000","74,300,000","81,100,000","143,500,000","152,900,000","71,100,000","105,300,000","203,500,000","153,300,000","93,800,000","99,400,000","186,100,000","136,500,000","83,000,000","90,300,000","161,800,000","121,600,000","77,400,000","80,800,000","144,900,000","106,000,000","63,000,000","68,900,000","125,900,000","101,300,000","50,100,000","58,300,000","109,000,000","92,900,000","-1,970,000,000","702,800,000","759,100,000","739,000,000"
NetNonOperatingInterestIncomeExpense,"-135,000,000","-32,000,000","-38,000,000","-31,000,000","-34,000,000","-26,000,000","-31,000,000","-42,000,000","-28,000,000","-25,000,000","-18,000,000","-16,000,000","-17,000,000","-23,000,000","-19,000,000","-16,000,000","-17,000,000","-20,000,000","-19,000,000","-23,000,000","-20,000,000","-17,000,000","-15,000,000","-13,400,000","-13,800,000","-13,800,000","-14,100,000","-9,200,000","-12,100,000","-11,200,000","-13,200,000","-12,600,000","-12,300,000","-12,400,000","-13,500,000","-13,000,000","-12,600,000","-13,400,000","-34,900,000","-14,000,000","-14,500,000","-16,600,000","16,000,000","-111,900,000","15,800,000","-16,100,000","16,100,000","-16,600,000","-18,200,000","-19,900,000","-19,600,000","-20,200,000","-20,600,000",,,,,,,,,,,,,,,,,,,,,,,,,,,,,,,,,,,,,,,,,,,,,,,,,,,,,,,,,,
	InterestIncomeNonOperating,"34,000,000","10,000,000","4,000,000","11,000,000","9,000,000","17,000,000","14,000,000","7,000,000","14,000,000","13,000,000","14,000,000","16,000,000","15,000,000","12,000,000","15,000,000","16,000,000","16,000,000","12,000,000","12,000,000","9,000,000","8,000,000","5,000,000","6,000,000","5,200,000","4,200,000","3,200,000","3,000,000","5,800,000","3,100,000","3,800,000",,,,,,,,,,,,,,,,,,,,,,,,,,,,,,,,,,,,,,,,,,,,,,,,,,,,,,,,,,,,,,,,,,,,,,,,,,,,,,,,,
	InterestExpenseNonOperating,"169,000,000","42,000,000","42,000,000","42,000,000","43,000,000","43,000,000","45,000,000","49,000,000","42,000,000","38,000,000","32,000,000","32,000,000","32,000,000","35,000,000","34,000,000","32,000,000","33,000,000","32,000,000","31,000,000","32,000,000","28,000,000","22,000,000","21,000,000","18,600,000","18,000,000","17,000,000","17,100,000","15,000,000","15,200,000","15,000,000","13,200,000","12,600,000","12,300,000","12,400,000","13,500,000","13,000,000","12,600,000","13,400,000","34,900,000","14,000,000","14,500,000",,"16,000,000",,,"16,100,000","16,100,000",,,,"19,600,000","20,200,000","20,600,000",,,,,,,,,,,,,,,,,,,,,,,,,,,,,,,,,,,,,,,,,,,,,,,,,,,,,,,,,,
	TotalOtherFinanceCost,,,,,,,,,,,,,,,,,,,,,,,,,,,,,,,,,,,,,,,,,"14,500,000","16,600,000","-16,000,000",,"-15,800,000","16,100,000","-16,100,000","16,600,000","18,200,000","19,900,000",,,,,,,,,,,,,,,,,,,,,,,,,,,,,,,,,,,,,,,,,,,,,,,,,,,,,,,,,,,,,
OtherIncomeExpense,"558,000,000","-11,000,000","-6,000,000","741,000,000","-166,000,000","-123,000,000","-9,000,000","-342,000,000","-371,000,000","-209,000,000","-24,000,000","-118,000,000","-11,000,000","-67,000,000","-41,000,000","-33,000,000","-97,000,000","-67,000,000","-34,000,000","-104,000,000","-59,000,000","-37,000,000","-26,000,000","-99,400,000","-15,200,000","-18,500,000",,,,,,"700,000",,"3,400,000","-1,200,000","-20,800,000","1,700,000","8,000,000","1,400,000","-35,400,000","-28,400,000","-2,300,000","-4,700,000","-18,100,000","-21,800,000","-14,000,000","-3,800,000","-51,200,000","-12,500,000","-54,900,000","-18,200,000","-118,700,000","-20,800,000","-300,000","-100,000","-900,000","700,000","100,000","-300,000","-700,000","100,000",,"-500,000","-38,900,000","-51,600,000",,,,,,,,,,"-4,300,000",,,,,,,,,,,,,,,,,,,,,,,,"1,000,000","2,600,000","2,300,000",,,"0","400,000","1,100,000","1,600,000",,,,
	SpecialIncomeCharges,"-289,000,000","-13,000,000","-6,000,000","-106,000,000","-164,000,000","-116,000,000","-6,000,000","-322,000,000","-370,000,000","-784,000,000","-23,000,000","-117,000,000","-81,000,000","-67,000,000","-41,000,000","-33,000,000","-97,000,000","-67,000,000","-34,000,000","-104,000,000","-59,000,000","-37,000,000","-26,000,000","-99,400,000","-15,200,000","-18,500,000",,"0","0","0","0","700,000","0","3,400,000","-1,200,000","-20,800,000","1,700,000","-13,300,000","1,400,000","-35,400,000","-28,400,000","-2,300,000","-4,700,000","-18,100,000","-21,800,000","-14,000,000","-3,800,000","-51,200,000","-12,500,000","-54,900,000","-18,200,000","-118,700,000","-20,800,000","-300,000","-100,000","-900,000","700,000","100,000","-300,000","-700,000","100,000",,"-500,000","-38,900,000","-51,600,000",,,,,,,,,,"-4,300,000",,,,,,,,,,,,,,,,,,,,,,,,"1,000,000","2,600,000","2,300,000",,,"0","400,000","1,100,000","1,600,000",,,,
		RestructuringAndMergernAcquisition,"182,000,000","13,000,000","6,000,000","32,000,000","131,000,000","35,000,000","6,000,000","19,000,000","24,000,000","7,000,000","23,000,000","117,000,000","29,000,000","29,000,000","41,000,000","33,000,000","97,000,000","67,000,000","34,000,000","73,000,000","59,000,000","37,000,000","26,000,000","99,400,000","15,200,000","18,500,000",,"0","0","0","0","-700,000","0","-3,400,000","1,200,000","3,100,000","-1,700,000","13,300,000","400,000","20,400,000","28,400,000","6,100,000","4,700,000","9,400,000","21,800,000","14,000,000","3,800,000","21,100,000","12,500,000","9,300,000","18,200,000","70,200,000","6,200,000",,,,,,,,,,,,,,,,,,,,,,,,,,,,,,,,,,,,,,,,,,,,,,,,,,,,,,,,,,
		ImpairmentOfCapitalAssets,"107,000,000","0",,"74,000,000","33,000,000","81,000,000",,"303,000,000","346,000,000","777,000,000",,"0","52,000,000","38,000,000",,"0",,,,"31,000,000",,,,,,,,,,,,"0",,,,"17,700,000","0","0",,"15,000,000","0","6,700,000",,,"36,300,000","0",,"2,800,000","0","45,600,000",,"48,500,000","14,600,000",,,,,,,,,,,,,,,,,,,,,,,,,,,,,,,,,,,,,,,,,,,,,,,,,,,,,,,,,,
		OtherSpecialCharges,,,,,,,,,,,,,,,,,,,,,,,,,,,,,,,,,,,,"0",,,"-1,800,000","0",,"-10,500,000",,,,,,,,,,,,,,,,,,,,,,,,,,,,,,,,,,,,,,,,,,,,,,,,,,,,,,,,,,,,,,,,,,,,,
	OtherNonOperatingIncomeExpenses,"847,000,000","2,000,000",,"847,000,000","-2,000,000","-7,000,000","-3,000,000","-20,000,000","-1,000,000","575,000,000","-1,000,000","-1,000,000","70,000,000",,,,,,,,,,,,,,,,,,,,,,,"0",,"21,300,000",,,,,,,,,,,,,,,,,,,,,,,,,,,,,,,,,,,,,,,,,,,,,,,,,,,,,,,,,,,,,,,,,,,,,,,,,
PretaxIncome,"3,915,000,000","1,388,000,000","897,000,000","1,050,000,000","580,000,000","1,030,000,000","671,000,000","-605,000,000","80,000,000","811,000,000","760,000,000","199,000,000","727,000,000","748,000,000","633,000,000","261,000,000","480,000,000","690,000,000","549,000,000","207,000,000","407,000,000","600,000,000","403,000,000","130,300,000","370,200,000","615,600,000","439,100,000","219,100,000","385,100,000","621,600,000","334,800,000","367,600,000","329,300,000","643,900,000","436,000,000","132,800,000","232,500,000","661,000,000","448,900,000","59,200,000","197,000,000","590,900,000","414,000,000","48,700,000","193,300,000","501,600,000","281,900,000","-300,000","108,100,000","379,700,000","200,800,000","-34,900,000","49,700,000","250,700,000","77,200,000","187,100,000","145,100,000","352,200,000","59,500,000","145,200,000","147,900,000","324,700,000","93,200,000","142,800,000","109,700,000","243,800,000","99,500,000","155,200,000","173,100,000","227,200,000","151,200,000","127,100,000","161,000,000","211,800,000","120,700,000","85,700,000","124,800,000","167,800,000","111,500,000","-38,400,000","77,800,000","139,000,000","148,500,000","32,100,000","102,300,000","199,000,000","148,000,000","90,600,000","96,100,000","180,900,000","131,100,000","80,800,000","86,900,000","157,000,000","115,500,000","73,300,000","76,800,000","143,200,000","104,600,000","64,200,000","68,200,000","120,400,000","97,200,000","47,800,000","54,600,000","105,800,000","90,500,000",,,,
TaxProvision,"657,000,000","298,000,000","202,000,000","35,000,000","122,000,000","153,000,000","146,000,000","-146,000,000","84,000,000","250,000,000","162,000,000","41,000,000","170,000,000","171,000,000","131,000,000","73,000,000","106,000,000","565,000,000","119,000,000","-23,000,000","107,000,000","170,000,000","107,000,000","35,300,000","103,600,000","167,200,000","128,300,000","65,300,000","112,400,000","183,900,000","105,600,000","109,200,000","115,600,000","208,700,000","134,200,000","36,900,000","53,600,000","211,600,000","149,300,000","7,000,000","65,700,000","192,500,000","135,400,000","5,500,000","68,200,000","155,700,000","92,300,000","-25,300,000","50,200,000","118,000,000","63,000,000","-22,500,000","21,400,000","89,400,000","27,600,000","62,200,000","53,700,000","122,900,000","21,100,000","56,100,000","52,400,000","113,300,000","33,400,000","90,300,000","43,400,000","90,200,000","35,800,000","85,100,000","64,700,000","85,500,000","56,000,000","46,900,000","60,900,000","80,700,000","43,500,000","26,000,000","41,000,000","56,100,000","37,400,000","-13,000,000","27,100,000","48,900,000","51,400,000","11,700,000","37,200,000","71,700,000","53,400,000","33,400,000","35,700,000","67,000,000","48,500,000","30,400,000","33,300,000","59,700,000","43,900,000","29,300,000","31,100,000","57,900,000","42,800,000","27,500,000","29,900,000","50,500,000","44,500,000","20,500,000","26,400,000","47,300,000","44,100,000",,,,
NetIncomeCommonStockholders,"3,254,000,000","1,088,000,000","692,000,000","1,018,000,000","456,000,000","873,000,000","523,000,000","-462,000,000","-6,000,000","557,000,000","595,000,000","157,000,000","555,000,000","573,000,000","500,000,000","186,000,000","372,000,000","123,000,000","427,000,000","229,000,000","298,000,000","428,000,000","294,000,000","93,500,000","265,600,000","446,200,000","309,300,000","153,000,000","272,100,000","435,700,000","228,100,000","257,700,000","213,200,000","432,500,000","300,700,000","94,000,000","178,800,000","447,500,000","299,500,000","51,200,000","130,400,000","396,700,000","278,600,000","41,100,000","124,700,000","343,900,000","191,100,000","23,900,000","57,500,000","256,200,000","140,700,000","-17,900,000","27,200,000","158,000,000","51,100,000","120,200,000","90,100,000","224,400,000","39,100,000","88,600,000","93,900,000","208,400,000","58,300,000","44,500,000","59,500,000","81,700,000","58,500,000","66,600,000","106,200,000","138,300,000","95,000,000","71,100,000","98,300,000","95,700,000","77,000,000","47,200,000","77,900,000","103,800,000","67,500,000","-31,200,000","44,800,000","84,300,000","91,200,000","14,600,000","59,200,000","121,500,000","86,500,000","51,400,000","54,500,000","108,100,000","76,700,000","44,600,000","47,700,000","91,500,000","65,700,000","38,200,000","39,800,000","79,500,000","55,900,000","30,900,000","32,400,000","64,100,000","46,800,000","21,500,000","22,300,000","28,300,000","30,800,000","-9,500,000","20,500,000","51,300,000","33,600,000"
	NetIncome,"3,254,000,000","1,088,000,000","692,000,000","1,018,000,000","456,000,000","873,000,000","523,000,000","-462,000,000","-6,000,000","557,000,000","595,000,000","157,000,000","555,000,000","573,000,000","500,000,000","186,000,000","372,000,000","123,000,000","427,000,000","229,000,000","298,000,000","428,000,000","294,000,000","93,500,000","265,600,000","446,200,000","309,300,000","153,000,000","272,100,000","435,700,000","228,100,000","257,700,000","213,200,000","432,500,000","300,700,000","94,000,000","178,800,000","447,500,000","299,500,000","51,200,000","130,400,000","396,700,000","278,600,000","41,100,000","124,700,000","343,900,000","191,100,000","23,900,000","57,500,000","256,200,000","140,700,000","-17,900,000","27,200,000","158,000,000","51,100,000","120,200,000","90,100,000","224,400,000","39,100,000","88,600,000","93,900,000","208,400,000","58,300,000","44,500,000","59,500,000","81,700,000","58,500,000","66,600,000","106,200,000","138,300,000","95,000,000","71,100,000","98,300,000","95,700,000","77,000,000","53,000,000","83,800,000","109,600,000","73,400,000","-25,400,000","50,700,000","90,100,000","97,100,000","20,400,000","65,100,000","127,300,000","92,400,000","57,200,000","60,400,000","113,900,000","82,600,000","50,400,000","53,600,000","97,300,000","71,600,000","44,000,000","45,700,000","85,300,000","61,800,000","36,700,000","38,300,000","69,900,000","52,700,000","27,300,000","28,200,000","58,500,000","46,400,000","15,800,000","20,500,000","51,300,000","33,600,000"
		NetIncomeIncludingNoncontrollingInterests,"3,258,000,000","1,090,000,000","695,000,000","1,015,000,000","458,000,000","877,000,000","525,000,000","-459,000,000","-4,000,000","561,000,000","598,000,000","158,000,000","557,000,000","577,000,000","502,000,000","188,000,000","374,000,000","125,000,000","430,000,000","230,000,000","300,000,000","430,000,000","296,000,000","95,000,000","266,600,000","448,400,000","310,800,000","153,800,000","272,700,000","437,700,000","229,200,000","258,400,000","213,700,000","435,200,000","301,800,000","95,900,000","178,900,000","449,400,000","299,600,000","52,200,000","131,300,000","398,400,000","278,600,000","43,200,000","125,100,000","345,900,000","189,600,000","25,000,000","57,900,000","261,700,000","137,800,000","-12,400,000","28,300,000","161,300,000","49,600,000","124,900,000","91,400,000","229,300,000","38,400,000","89,300,000","95,600,000","211,300,000","60,100,000","47,900,000","62,600,000","84,900,000","60,400,000","70,100,000","108,400,000","141,700,000","95,200,000","73,300,000","100,000,000","100,500,000","77,200,000","55,800,000","84,900,000","111,700,000","74,100,000","-24,600,000","51,400,000","92,700,000","97,700,000","20,900,000","66,100,000","127,500,000","92,600,000","57,200,000","60,400,000","113,900,000","82,600,000","50,400,000","53,600,000","97,300,000","71,600,000","44,000,000","46,600,000","86,900,000","64,200,000","38,100,000","41,300,000","75,500,000","55,600,000","30,600,000","32,300,000","62,800,000","49,000,000","19,600,000","20,500,000","51,300,000","33,600,000"
			NetIncomeContinuousOperations,"3,258,000,000","1,090,000,000","695,000,000","1,015,000,000","458,000,000","877,000,000","525,000,000","-459,000,000","-4,000,000","561,000,000","598,000,000","158,000,000","557,000,000","577,000,000","502,000,000","188,000,000","374,000,000","125,000,000","430,000,000","230,000,000","300,000,000","430,000,000","296,000,000","95,000,000","266,600,000","448,400,000","310,800,000","153,800,000","272,700,000","437,700,000","229,200,000","258,400,000","213,700,000","435,200,000","301,800,000","95,900,000","178,900,000","449,400,000","299,600,000","52,200,000","131,300,000","398,400,000","278,600,000","43,200,000","125,100,000","345,900,000","189,600,000","25,000,000","57,900,000","261,700,000","137,800,000","-12,400,000","28,300,000","158,000,000","51,100,000","120,200,000","90,100,000","224,400,000","39,100,000","88,400,000","93,800,000","208,500,000","58,000,000","49,100,000","63,200,000","150,400,000","61,800,000","66,600,000","106,200,000","138,300,000","95,000,000","71,300,000","100,100,000","126,300,000","77,000,000","53,000,000","83,800,000","109,600,000","73,400,000","-25,400,000","50,700,000","90,100,000","97,100,000","20,400,000","65,100,000","127,300,000","94,600,000","57,200,000","60,400,000","113,900,000","82,600,000","50,400,000","53,600,000","97,300,000","71,600,000","44,000,000","45,700,000","85,300,000","61,800,000","36,700,000","38,300,000","69,900,000","52,700,000","27,300,000","28,200,000","58,500,000","46,400,000","15,800,000","20,500,000","51,300,000","33,600,000"
			NetIncomeDiscontinuousOperations,,,,,,,,,,,,,,,,,,,,,,,,,,,,,,,,,,,,,,,,,,,,,,,,,,,,,,,,,,,,"200,000","100,000","-100,000","300,000","-4,600,000","-3,700,000","-68,700,000","-3,300,000",,,,,"-200,000","-1,800,000","-30,600,000",,,,,,,,,,,,,,,,,,,,,,,,,,,,,,,,,,,,,
			NetIncomeExtraordinary,,,,,,,,,,,,,,,,,,,,,,,,,,,,,,,,,,,,,,,,,,,,,,,,,,,,,,,,,,,,,,,,,,,,,,,,,,,,,,,,"0",,,,"0",,,"-2,200,000",,,,,,,,,,,,,,,,,,,,,,,,
		MinorityInterests,"-4,000,000","-2,000,000","-3,000,000","3,000,000","-2,000,000","-4,000,000","-2,000,000","-3,000,000","-2,000,000","-4,000,000","-3,000,000","-1,000,000","-2,000,000","-4,000,000","-2,000,000","-2,000,000","-2,000,000","-2,000,000","-3,000,000","-1,000,000","-2,000,000","-2,000,000","-2,000,000","-1,500,000","-1,000,000","-2,200,000","-1,500,000","-800,000","-600,000","-2,000,000","-1,100,000","-700,000","-500,000","-2,700,000","-1,100,000","-1,900,000","-100,000","-1,900,000","-100,000","-1,000,000","-900,000","-1,700,000","0","-2,100,000","-400,000","-2,000,000","1,500,000","-1,100,000","-400,000","-5,500,000","2,900,000","-5,500,000","-1,100,000","-3,300,000","1,500,000","-4,700,000","-1,300,000","-4,900,000","700,000","-700,000","-1,700,000","-2,900,000","-1,800,000","-3,400,000","-3,100,000","-3,200,000","-1,900,000","-3,500,000","-2,200,000","-3,400,000","-200,000","-2,200,000","-1,700,000","-4,800,000","-200,000","-2,800,000","-1,100,000","-2,100,000","-700,000","-800,000","-700,000","-2,600,000","-600,000","-500,000","-1,000,000","-200,000","-200,000",,,,,,,,,"0","-900,000","-1,600,000","-2,400,000","-1,400,000","-3,000,000","-5,600,000","-2,900,000","-3,300,000","-4,100,000","-4,300,000","-2,600,000",,,,
	PreferredStockDividends,,,,,,,,,,,,,,,,,,,,,,,,,,,,,,,,,,,,,,,,,,,,,,,,,,,,,,,,,,,,,,,,,,,,,,,,,,,,"5,800,000","5,900,000","5,800,000","5,900,000","5,800,000","5,900,000","5,800,000","5,900,000","5,800,000","5,900,000","5,800,000","5,900,000","5,800,000","5,900,000","5,800,000","5,900,000","5,800,000","5,900,000","5,800,000","5,900,000","5,800,000","5,900,000","5,800,000","5,900,000","5,800,000","5,900,000","5,800,000","5,900,000","5,800,000","5,900,000","30,200,000","15,600,000",,,,
DilutedNIAvailtoComStockholders,"3,254,000,000","1,088,000,000","692,000,000","1,018,000,000","456,000,000","873,000,000","523,000,000","-462,000,000","-6,000,000","557,000,000","595,000,000","157,000,000","555,000,000","573,000,000","500,000,000","186,000,000","372,000,000","123,000,000","427,000,000","229,000,000","298,000,000","428,000,000","294,000,000","93,500,000","265,600,000","446,200,000","309,300,000","153,000,000","272,100,000","435,700,000","228,100,000","257,700,000","213,200,000","432,500,000","300,700,000","94,000,000","178,800,000","447,500,000","299,500,000","51,200,000","130,400,000","396,700,000","278,600,000","41,100,000","124,700,000","343,900,000","191,100,000","23,900,000","57,500,000","256,200,000","140,700,000","-17,900,000","27,200,000","158,000,000","51,100,000","120,200,000","90,100,000","224,400,000","39,100,000","88,600,000","93,900,000","208,400,000","58,300,000","44,500,000","59,500,000","81,700,000","58,500,000","66,600,000","106,200,000","138,300,000","95,000,000","71,100,000","98,300,000","95,700,000","77,000,000","47,200,000","77,900,000","103,800,000","67,500,000","-31,200,000","44,800,000","84,300,000","91,200,000","14,600,000","59,200,000","121,500,000","86,500,000","51,400,000","54,500,000","108,100,000","76,700,000","44,600,000","47,700,000","91,500,000","65,700,000","38,200,000","39,800,000","79,500,000","55,900,000","30,900,000","32,400,000","64,100,000","46,800,000","21,500,000","22,300,000","28,300,000","30,800,000","-9,500,000","20,500,000","51,300,000","33,600,000"
BasicEPS,,"3.02","1.91","2.81","1.25","2.4","1.44","-1.28","-0.02","1.55","1.65","0.43","1.53","1.58","1.36","0.51","1.01","0.33","1.16","0.62","0.81","1.17","0.8","0.25","0.72","1.21","0.83","0.41","0.72","1.15","0.6","0.67","0.55","1.11","0.78","0.24","0.46","1.16","0.77",,"0.34","1.03","0.715",,"0.315","0.875","0.485",,"0.145","0.65","0.36",,"0.07","0.4","0.13",,"0.235","0.58","0.1",,"0.23","0.5","0.14",,"0.14","0.19","0.13",,"0.235","0.305","0.21",,"0.215","0.21","0.17",,"0.17","0.225","0.145",,"0.095","0.175","0.19",,"0.125","0.255","0.18",,"0.115","0.23","0.16",,"0.1","0.195","0.14",,"0.085","0.17","0.12",,"0.07","0.135","0.1",,"0.05","0.115","0.09",,"0.05","0.05","0.05"
DilutedEPS,,"2.97","1.88","2.76","1.24","2.37","1.42","-1.28","-0.02","1.52","1.61","0.43","1.51","1.55","1.34","0.49","0.99","0.33","1.14","0.61","0.8","1.15","0.79","0.25","0.71","1.19","0.82","0.4","0.71","1.13","0.59","0.66","0.54","1.09","0.76","0.24","0.45","1.13","0.76",,"0.33","1","0.7",,"0.31","0.855","0.475",,"0.14","0.64","0.355",,"0.07","0.4","0.13",,"0.23","0.57","0.1",,"0.225","0.495","0.135",,"0.14","0.19","0.13",,"0.23","0.3","0.205",,"0.21","0.205","0.165",,"0.165","0.22","0.14",,"0.095","0.175","0.19",,"0.12","0.25","0.18",,"0.11","0.225","0.16",,"0.1","0.19","0.14",,"0.085","0.165","0.12",,"0.07","0.135","0.1",,"0.05","0.115","0.09",,"0.05","0.05","0.05"
BasicAverageShares,,"360,600,000","362,200,000","362,900,000","363,600,000","363,000,000","362,100,000","360,600,000","360,200,000","360,200,000","361,400,000","361,800,000","361,900,000","363,300,000","366,800,000","367,200,000","367,900,000","368,700,000","368,400,000","368,100,000","367,000,000","366,900,000","366,400,000","368,800,000","369,100,000","369,600,000","372,500,000","377,000,000","378,500,000","380,000,000","381,800,000","383,000,000","385,800,000","388,300,000","387,800,000","388,200,000","387,200,000","387,400,000","387,800,000",,"388,200,000","386,800,000","390,600,000",,"395,400,000","393,400,000","393,400,000",,"396,000,000","394,600,000","393,400,000",,"393,400,000","393,200,000","390,600,000",,"387,800,000","386,600,000","388,000,000",,"407,600,000","416,600,000","422,200,000",,"424,800,000","429,400,000","441,200,000",,"451,000,000","451,200,000","454,200,000",,"456,600,000","457,200,000","456,200,000",,"464,200,000","466,200,000","470,400,000",,"475,800,000","476,200,000","477,800,000",,"476,800,000","476,400,000","476,200,000",,"476,000,000","475,000,000","479,375,000",,"477,000,000","469,230,769","469,285,714",,"468,235,294","467,647,059","465,833,333",,"462,857,143","474,814,815","468,000,000",,"446,000,000","342,222,222","342,222,222",,"410,000,000","469,196,000","469,196,000"
DilutedAverageShares,,"366,000,000","367,900,000","368,500,000","369,000,000","368,000,000","367,200,000","360,600,000","360,200,000","366,700,000","368,600,000","369,100,000","368,300,000","369,900,000","374,400,000","375,800,000","375,700,000","376,100,000","375,400,000","374,000,000","372,300,000","372,600,000","373,300,000","375,800,000","375,600,000","376,000,000","379,000,000","383,700,000","384,700,000","386,100,000","388,200,000","389,800,000","392,100,000","395,400,000","394,900,000","395,500,000","394,000,000","394,700,000","395,500,000",,"396,300,000","395,200,000","399,200,000",,"404,000,000","401,800,000","400,800,000",,"403,600,000","400,800,000","396,400,000",,"394,400,000","395,000,000","397,600,000",,"393,200,000","393,000,000","394,400,000",,"416,000,000","422,800,000","427,200,000",,"429,800,000","433,200,000","447,200,000",,"457,400,000","458,400,000","462,400,000",,"463,800,000","463,200,000","461,200,000",,"468,000,000","470,000,000","474,800,000",,"480,800,000","481,400,000","484,600,000",,"484,000,000","484,400,000","484,400,000",,"485,600,000","484,400,000","479,375,000",,"477,000,000","481,578,947","469,285,714",,"468,235,294","481,818,182","465,833,333",,"462,857,143","474,814,815","468,000,000",,"446,000,000","342,222,222","342,222,222",,"410,000,000","469,196,000","469,196,000"
TotalOperatingIncomeAsReported,"3,203,000,000","1,418,000,000","935,000,000","234,000,000","616,000,000","1,063,000,000","705,000,000","-543,000,000","109,000,000","261,000,000","779,000,000","216,000,000","674,000,000","771,000,000","652,000,000","277,000,000","497,000,000","710,000,000","568,000,000","230,000,000","427,000,000","617,000,000","418,000,000","143,700,000","384,000,000","629,400,000","453,200,000","228,300,000","397,200,000","632,800,000","348,000,000","380,200,000","341,600,000","656,300,000","449,500,000","145,800,000","245,100,000","653,100,000","482,000,000","73,200,000","211,500,000","597,000,000","430,000,000","64,600,000","209,100,000","517,700,000","298,000,000","43,600,000","126,300,000","399,600,000","220,400,000","-14,700,000","70,300,000","270,300,000","92,500,000","201,100,000","161,200,000","370,500,000","77,900,000","160,900,000","156,700,000","332,400,000","99,900,000","147,500,000","116,300,000","250,700,000","105,100,000","158,400,000","176,400,000","230,500,000","155,300,000","125,700,000","169,600,000","219,000,000","1,287,400,000","82,900,000","127,800,000","170,000,000","114,400,000","-36,100,000","81,100,000","143,500,000","152,900,000","33,500,000","105,300,000","203,500,000","153,300,000","93,800,000","99,400,000","186,100,000","136,500,000","83,000,000","90,300,000","161,800,000","121,600,000","77,400,000","80,800,000","144,900,000","106,000,000","63,000,000","68,900,000","125,900,000","101,300,000","50,100,000","58,300,000","109,000,000","92,900,000",,,,
TotalExpenses,"14,239,000,000","4,108,000,000","3,451,000,000","3,596,000,000","3,084,000,000","3,674,000,000","2,851,000,000","2,651,000,000","2,866,000,000","3,579,000,000","3,093,000,000","3,257,000,000","2,989,000,000","3,167,000,000","2,831,000,000","2,985,000,000","2,776,000,000","2,967,000,000","2,672,000,000","2,560,000,000","2,371,000,000","2,554,000,000","2,421,000,000","2,403,200,000","2,257,300,000","2,476,900,000","2,381,500,000","2,296,100,000","2,183,300,000","2,411,700,000","2,283,000,000","2,345,800,000","2,208,200,000","2,365,800,000","2,224,300,000","2,240,800,000","2,048,400,000","2,266,600,000","2,067,100,000","2,142,600,000","2,008,300,000","2,127,700,000","2,042,000,000","1,977,900,000","1,934,800,000","1,960,300,000","1,789,900,000","1,772,600,000","1,721,200,000","1,807,800,000","1,594,800,000","1,578,800,000","1,605,400,000","1,770,700,000","1,811,000,000","1,811,000,000","1,718,600,000","1,938,300,000","1,632,200,000","1,601,500,000","1,533,800,000","1,658,700,000","1,493,600,000","1,457,100,000","1,461,900,000","1,533,200,000","1,392,000,000","1,385,300,000","1,361,800,000","1,519,800,000","1,348,800,000","1,277,400,000","1,252,000,000","1,400,100,000","64,300,000","1,118,100,000","1,111,600,000","1,242,700,000","1,128,100,000","1,054,700,000","1,040,600,000","1,113,900,000","1,034,800,000","966,000,000","996,400,000","1,088,100,000","1,024,400,000","905,100,000","939,700,000","1,049,000,000","957,200,000","825,500,000","874,500,000","929,200,000","875,400,000","767,600,000","790,700,000","856,000,000","794,600,000","712,900,000","722,500,000","815,600,000","771,500,000","686,600,000","705,600,000","751,800,000","740,200,000",,,,
NetIncomeFromContinuingAndDiscontinuedOperation,"3,254,000,000","1,088,000,000","692,000,000","1,018,000,000","456,000,000","873,000,000","523,000,000","-462,000,000","-6,000,000","557,000,000","595,000,000","157,000,000","555,000,000","573,000,000","500,000,000","186,000,000","372,000,000","123,000,000","427,000,000","229,000,000","298,000,000","428,000,000","294,000,000","93,500,000","265,600,000","446,200,000","309,300,000","153,000,000","272,100,000","435,700,000","228,100,000","257,700,000","213,200,000","432,500,000","300,700,000","94,000,000","178,800,000","447,500,000","299,500,000","51,200,000","130,400,000","396,700,000","278,600,000","41,100,000","124,700,000","343,900,000","191,100,000","23,900,000","57,500,000","256,200,000","140,700,000","-17,900,000","27,200,000","158,000,000","51,100,000","120,200,000","90,100,000","224,400,000","39,100,000","88,600,000","93,900,000","208,400,000","58,300,000","44,500,000","59,500,000","81,700,000","58,500,000","66,600,000","106,200,000","138,300,000","95,000,000","71,100,000","98,300,000","95,700,000","77,000,000","53,000,000","83,800,000","109,600,000","73,400,000","-25,400,000","50,700,000","90,100,000","97,100,000","20,400,000","65,100,000","127,300,000","94,600,000","57,200,000","60,400,000","113,900,000","82,600,000","50,400,000","53,600,000","97,300,000","71,600,000","44,000,000","45,700,000","85,300,000","61,800,000","36,700,000","38,300,000","69,900,000","52,700,000","27,300,000","28,200,000","58,500,000","46,400,000","15,800,000","20,500,000","51,300,000","33,600,000"
NormalizedIncome,"3,494,501,149.425","1,098,205,000","696,650,000","1,120,466,666.667","585,560,000","971,716,000","527,692,000","-217,705,785.124","264,100,000","1,099,528,000","613,097,368.421","249,894,472.362","617,046,000","624,657,000","532,513,000","209,770,114.943","447,563,000","163,200,000","453,622,000","291,400,000","341,483,000","454,529,000","313,084,000","165,971,220.261","276,544,000","459,668,000","309,300,000","153,000,000","272,100,000","435,700,000","228,100,000","257,207,943.417","213,200,000","430,201,600","301,530,400","109,020,481.928","177,491,000","456,544,000","298,566,200","82,414,189.189","149,328,527.919","398,250,719.242","281,762,850.242","57,155,852.156","138,808,535.954","353,554,306.22","193,655,799.929","57,180,000","65,625,000","294,038,635.765","153,189,840.637","59,255,000","40,720,000","158,193,019.545","51,164,248.705","120,800,801.71","89,659,062.715","224,334,894.946","39,293,613.445","88,829,545.455","93,735,429.344","208,500,000","58,320,815.451","72,440,000","94,385,779.398","150,400,000","61,800,000","66,600,000","106,200,000","138,300,000","95,000,000","71,300,000","100,100,000","126,300,000","79,750,289.975","53,000,000","83,800,000","109,600,000","73,400,000","-25,400,000","50,700,000","90,100,000","97,100,000","20,400,000","65,100,000","127,300,000","94,600,000","57,200,000","60,400,000","113,900,000","82,600,000","50,400,000","53,600,000","97,300,000","71,600,000","44,000,000","45,700,000","85,300,000","61,200,000","35,140,000","36,920,000","69,900,000","52,700,000","27,300,000","27,960,000","57,840,000","45,440,000","15,800,000","20,500,000","51,300,000","33,600,000"
InterestIncome,"34,000,000","10,000,000","4,000,000","11,000,000","9,000,000","17,000,000","14,000,000","7,000,000","14,000,000","13,000,000","14,000,000","16,000,000","15,000,000","12,000,000","15,000,000","16,000,000","16,000,000","12,000,000","12,000,000","9,000,000","8,000,000","5,000,000","6,000,000","5,200,000","4,200,000","3,200,000","3,000,000","5,800,000","3,100,000","3,800,000",,,,,,,,,,,,,,,,,,,,,,,,,,,,,,,,,,,,,,,,,,,,,,,,,,,,,,,,,,,,,,,,,,,,,,,,,,,,,,,,,
InterestExpense,"169,000,000","42,000,000","42,000,000","42,000,000","43,000,000","43,000,000","45,000,000","49,000,000","42,000,000","38,000,000","32,000,000","32,000,000","32,000,000","35,000,000","34,000,000","32,000,000","33,000,000","32,000,000","31,000,000","32,000,000","28,000,000","22,000,000","21,000,000","18,600,000","18,000,000","17,000,000","17,100,000","15,000,000","15,200,000","15,000,000","13,200,000","12,600,000","12,300,000","12,400,000","13,500,000","13,000,000","12,600,000","13,400,000","34,900,000","14,000,000","14,500,000",,"16,000,000",,,"16,100,000","16,100,000",,,,"19,600,000","20,200,000","20,600,000",,,,,,,,,,,,,,,,,,,,,,,,,,,,,,,,,,,,,,,,,,,,,,,,,,,,,,,,,,
NetInterestIncome,"-135,000,000","-32,000,000","-38,000,000","-31,000,000","-34,000,000","-26,000,000","-31,000,000","-42,000,000","-28,000,000","-25,000,000","-18,000,000","-16,000,000","-17,000,000","-23,000,000","-19,000,000","-16,000,000","-17,000,000","-20,000,000","-19,000,000","-23,000,000","-20,000,000","-17,000,000","-15,000,000","-13,400,000","-13,800,000","-13,800,000","-14,100,000","-9,200,000","-12,100,000","-11,200,000","-13,200,000","-12,600,000","-12,300,000","-12,400,000","-13,500,000","-13,000,000","-12,600,000","-13,400,000","-34,900,000","-14,000,000","-14,500,000","-16,600,000","16,000,000","-111,900,000","15,800,000","-16,100,000","16,100,000","-16,600,000","-18,200,000","-19,900,000","-19,600,000","-20,200,000","-20,600,000",,,,,,,,,,,,,,,,,,,,,,,,,,,,,,,,,,,,,,,,,,,,,,,,,,,,,,,,,,
EBIT,"4,084,000,000","1,430,000,000","939,000,000","1,092,000,000","623,000,000","1,073,000,000","716,000,000","-556,000,000","122,000,000","849,000,000","792,000,000","231,000,000","759,000,000","783,000,000","667,000,000","293,000,000","513,000,000","722,000,000","580,000,000","239,000,000","435,000,000","622,000,000","424,000,000","148,900,000","388,200,000","632,600,000","456,200,000","234,100,000","400,300,000","636,600,000","348,000,000","380,200,000","341,600,000","656,300,000","449,500,000","145,800,000","245,100,000","674,400,000","483,800,000","73,200,000","211,500,000","609,800,000","434,700,000","25,000,000","230,900,000","531,700,000","301,800,000","67,500,000","138,800,000","454,500,000","220,400,000","-14,700,000","70,300,000","270,300,000","92,500,000","201,100,000","161,200,000","370,500,000","77,900,000","160,900,000","156,700,000","332,400,000","99,900,000","147,500,000","116,300,000","250,700,000","105,100,000","158,400,000","176,400,000","230,500,000","155,300,000","125,700,000","169,600,000","219,000,000","1,287,400,000","104,900,000","127,800,000","170,000,000","114,400,000","74,300,000","81,100,000","143,500,000","152,900,000","71,100,000","105,300,000","203,500,000","153,300,000","93,800,000","99,400,000","186,100,000","136,500,000","83,000,000","90,300,000","161,800,000","121,600,000","77,400,000","80,800,000","144,900,000","106,000,000","63,000,000","68,900,000","125,900,000","101,300,000","50,100,000","58,300,000","109,000,000","92,900,000","-1,970,000,000","702,800,000","759,100,000","739,000,000"
EBITDA,"4,783,000,000"
ReconciledCostOfRevenue,"4,205,000,000","1,223,000,000","1,057,000,000","986,000,000","939,000,000","1,084,000,000","825,000,000","767,000,000","836,000,000","1,041,000,000","908,000,000","835,000,000","819,000,000","910,000,000","823,000,000","697,000,000","683,000,000","753,000,000","711,000,000","613,000,000","591,000,000","637,000,000","596,000,000","510,700,000","504,200,000","589,000,000","577,200,000","488,000,000","502,900,000","573,100,000","536,600,000","533,800,000","498,700,000","581,600,000","544,100,000","475,600,000","443,100,000","568,000,000","539,200,000","441,200,000","469,300,000","551,000,000","534,300,000","425,100,000","482,600,000","541,100,000","488,100,000","414,300,000","444,600,000","525,400,000","445,100,000","427,100,000","446,400,000","508,000,000","500,100,000","490,600,000","471,900,000","578,500,000","455,800,000","421,700,000","426,000,000","499,000,000","428,100,000","397,100,000","411,500,000","458,500,000","419,500,000","371,600,000","386,500,000","448,000,000","411,300,000","340,900,000","358,600,000","412,700,000","366,300,000","290,600,000","316,600,000","371,400,000","357,100,000","266,500,000","318,300,000","276,400,000","254,500,000","204,900,000","226,100,000","278,000,000","263,300,000","167,500,000","193,200,000","246,800,000","217,800,000","175,800,000","186,100,000","220,800,000","199,900,000","163,800,000","168,000,000","205,600,000","184,600,000","160,000,000","148,100,000","198,600,000","182,400,000","147,000,000","145,800,000","196,600,000","182,800,000",,,,
ReconciledDepreciation,"699,000,000","181,000,000","183,000,000","176,000,000","159,000,000","160,000,000","156,000,000","164,000,000","160,000,000","144,000,000","143,000,000","153,000,000","135,000,000","137,000,000","132,000,000","142,000,000","133,000,000","129,000,000","127,000,000","127,000,000","119,000,000","112,000,000","106,000,000","109,800,000","103,300,000","103,500,000","98,100,000","110,700,000","100,000,000","98,000,000","100,600,000","104,600,000","95,600,000","95,500,000","88,900,000","89,700,000","90,400,000","79,300,000","77,500,000","80,400,000","74,400,000","71,400,000","69,600,000","81,800,000","77,300,000","66,500,000","68,800,000","66,900,000","69,100,000","62,400,000","65,300,000","62,200,000","65,900,000","63,300,000","62,600,000","66,200,000","62,600,000","62,900,000","59,000,000","54,400,000","49,000,000","52,900,000","50,900,000","51,400,000","49,900,000","49,900,000","47,200,000","52,700,000","49,500,000","47,600,000","46,900,000","52,500,000","47,400,000","46,700,000","45,100,000","47,000,000","42,700,000","43,400,000","41,700,000","44,400,000","40,200,000","39,700,000","37,700,000","43,300,000","38,800,000","40,700,000","40,100,000","39,000,000","37,500,000","36,300,000","34,000,000","28,600,000","30,000,000","29,000,000","29,700,000","26,900,000","27,100,000","23,700,000","19,800,000","20,400,000","19,200,000","19,000,000","17,400,000","16,900,000","17,600,000","13,800,000","10,500,000",,,,
NetIncomeFromContinuingOperationNetMinorityInterest,"3,254,000,000","1,088,000,000","692,000,000","1,018,000,000","456,000,000","873,000,000","523,000,000","-462,000,000","-6,000,000","557,000,000","595,000,000","157,000,000","555,000,000","573,000,000","500,000,000","186,000,000","372,000,000","123,000,000","427,000,000","229,000,000","298,000,000","428,000,000","294,000,000","93,500,000","265,600,000","446,200,000","309,300,000","153,000,000","272,100,000","435,700,000","228,100,000","257,700,000","213,200,000","432,500,000","300,700,000","94,000,000","178,800,000","447,500,000","299,500,000","51,200,000","130,400,000","396,700,000","278,600,000","41,100,000","124,700,000","343,900,000","191,100,000","23,900,000","57,500,000","256,200,000","140,700,000","-17,900,000","27,200,000","158,000,000","51,100,000","120,200,000","90,100,000","224,400,000","39,100,000","88,400,000","93,800,000","208,500,000","58,000,000","49,100,000","63,200,000","150,400,000","61,800,000","66,600,000","106,200,000","138,300,000","95,000,000","71,300,000","100,100,000","126,300,000","77,000,000","53,000,000","83,800,000","109,600,000","73,400,000","-25,400,000","50,700,000","90,100,000","97,100,000","20,400,000","65,100,000","127,300,000","94,600,000","57,200,000","60,400,000","113,900,000","82,600,000","50,400,000","53,600,000","97,300,000","71,600,000","44,000,000","45,700,000","85,300,000","61,800,000","36,700,000","38,300,000","69,900,000","52,700,000","27,300,000","28,200,000","58,500,000","46,400,000","15,800,000","20,500,000","51,300,000","33,600,000"
TotalUnusualItemsExcludingGoodwill,"-289,000,000","-13,000,000","-6,000,000","-106,000,000","-164,000,000","-116,000,000","-6,000,000","-322,000,000","-370,000,000","-784,000,000","-23,000,000","-117,000,000","-81,000,000","-67,000,000","-41,000,000","-33,000,000","-97,000,000","-67,000,000","-34,000,000","-104,000,000","-59,000,000","-37,000,000","-26,000,000","-99,400,000","-15,200,000","-18,500,000",,"0","0","0","0","700,000","0","3,400,000","-1,200,000","-20,800,000","1,700,000","-13,300,000","1,400,000","-35,400,000","-28,400,000","-2,300,000","-4,700,000","-18,100,000","-21,800,000","-14,000,000","-3,800,000","-51,200,000","-12,500,000","-54,900,000","-18,200,000","-118,700,000","-20,800,000","-300,000","-100,000","-900,000","700,000","100,000","-300,000","-700,000","100,000",,"-500,000","-38,900,000","-51,600,000",,,,,,,,,,"-4,300,000",,,,,,,,,,,,,,,,,,,,,,,,"1,000,000","2,600,000","2,300,000",,,"0","400,000","1,100,000","1,600,000",,,,
TotalUnusualItems,"-289,000,000","-13,000,000","-6,000,000","-106,000,000","-164,000,000","-116,000,000","-6,000,000","-322,000,000","-370,000,000","-784,000,000","-23,000,000","-117,000,000","-81,000,000","-67,000,000","-41,000,000","-33,000,000","-97,000,000","-67,000,000","-34,000,000","-104,000,000","-59,000,000","-37,000,000","-26,000,000","-99,400,000","-15,200,000","-18,500,000",,"0","0","0","0","700,000","0","3,400,000","-1,200,000","-20,800,000","1,700,000","-13,300,000","1,400,000","-35,400,000","-28,400,000","-2,300,000","-4,700,000","-18,100,000","-21,800,000","-14,000,000","-3,800,000","-51,200,000","-12,500,000","-54,900,000","-18,200,000","-118,700,000","-20,800,000","-300,000","-100,000","-900,000","700,000","100,000","-300,000","-700,000","100,000",,"-500,000","-38,900,000","-51,600,000",,,,,,,,,,"-4,300,000",,,,,,,,,,,,,,,,,,,,,,,,"1,000,000","2,600,000","2,300,000",,,"0","400,000","1,100,000","1,600,000",,,,
NormalizedEBITDA,"5,072,000,000","1,624,000,000","1,128,000,000","1,374,000,000","946,000,000","1,349,000,000","878,000,000","-70,000,000","652,000,000","1,777,000,000","958,000,000","501,000,000","975,000,000","987,000,000","840,000,000","468,000,000","743,000,000","918,000,000","741,000,000","470,000,000","613,000,000","771,000,000","556,000,000","358,100,000","506,700,000","754,600,000","554,300,000","344,800,000","500,300,000","734,600,000","448,600,000","484,100,000","437,200,000","748,400,000","539,600,000","256,300,000","333,800,000","767,000,000","559,900,000","189,000,000","314,300,000","683,500,000","509,000,000","124,900,000","330,000,000","612,200,000","374,400,000","185,600,000","220,400,000","571,800,000","303,900,000","166,200,000","157,000,000","333,900,000","155,200,000","268,200,000","223,100,000","433,300,000","137,200,000","216,000,000","205,600,000","385,300,000","151,300,000","237,800,000","217,800,000","300,600,000","152,300,000","211,100,000","225,900,000","278,100,000","202,200,000","178,200,000","217,000,000","265,700,000","1,336,800,000","151,900,000","170,500,000","213,400,000","156,100,000","118,700,000","121,300,000","183,200,000","190,600,000","114,400,000","144,100,000","244,200,000","193,400,000","132,800,000","136,900,000","222,400,000","170,500,000","111,600,000","120,300,000","190,800,000","151,300,000","104,300,000","107,900,000","168,600,000","124,800,000","80,800,000","85,800,000","144,900,000","118,700,000","67,000,000","77,100,000","121,700,000","101,800,000","-1,970,000,000","702,800,000","759,100,000","739,000,000"
TaxRateForCalcs,"0.168","0.215","0.225","0.033","0.21","0.149","0.218","0.241","0.27","0.308","0.213","0.206","0.234","0.229","0.207","0.28","0.221","0.4","0.217","0.4","0.263","0.283","0.266","0.271","0.28","0.272","0.292","0.298","0.292","0.296","0.315","0.297","0.351","0.324","0.308","0.278","0.23","0.32","0.333","0.118","0.334","0.326","0.327","0.113","0.353","0.31","0.327","0.35","0.35","0.311","0.314","0.35","0.35","0.357","0.358","0.332","0.37","0.349","0.355","0.386","0.354","0.349","0.358","0.4","0.396","0.37","0.36","0.4","0.374","0.376","0.37","0.369","0.378","0.381","0.36","0.303","0.329","0.334","0.335","0.339","0.348","0.352","0.346","0.364","0.364","0.36","0.361","0.369","0.371","0.37","0.37","0.376","0.383","0.38","0.38","0.4","0.4","0.4","0.4","0.4","0.4","0.4","0.4","0.4","0.4","0.4","0.4","0.4","0.4","0.4","0.4"
TaxEffectOfUnusualItems,"-48,498,850.575","-2,795,000","-1,350,000","-3,533,333.333","-34,440,000","-17,284,000","-1,308,000","-77,705,785.124","-99,900,000","-241,472,000","-4,902,631.579","-24,105,527.638","-18,954,000","-15,343,000","-8,487,000","-9,229,885.057","-21,437,000","-26,800,000","-7,378,000","-41,600,000","-15,517,000","-10,471,000","-6,916,000","-26,928,779.739","-4,256,000","-5,032,000","0","0","0","0","0","207,943.417","0","1,101,600","-369,600","-5,779,518.072","391,000","-4,256,000","466,200","-4,185,810.811","-9,471,472.081","-749,280.758","-1,537,149.758","-2,044,147.844","-7,691,464.046","-4,345,693.78","-1,244,200.071","-17,920,000","-4,375,000","-17,061,364.235","-5,710,159.363","-41,545,000","-7,280,000","-106,980.455","-35,751.295","-299,198.29","259,062.715","34,894.946","-106,386.555","-270,454.545","35,429.344","0","-179,184.549","-15,560,000","-20,414,220.602","0","0","0","0","0","0","0","0","0","-1,549,710.025","0","0","0","0","0","0","0","0","0","0","0","0","0","0","0","0","0","0","0","0","0","0","0","400,000","1,040,000","920,000","0","0","0","160,000","440,000","640,000","0","0","0","0"