name,ttm,12/31/2021,09/30/2021,06/30/2021,03/31/2021,12/31/2020,09/30/2020,06/30/2020,03/31/2020,12/31/2019,09/30/2019,06/30/2019,03/31/2019,12/31/2018,09/30/2018,06/30/2018,03/31/2018,12/31/2017,09/30/2017,06/30/2017,03/31/2017,12/31/2016,09/30/2016,06/30/2016,03/31/2016,12/31/2015,09/30/2015,06/30/2015,03/31/2015,12/31/2014,09/30/2014,06/30/2014,03/31/2014,12/31/2013,09/30/2013,06/30/2013,03/31/2013,12/31/2012,09/30/2012,06/30/2012,03/31/2012,12/31/2011,09/30/2011,06/30/2011,03/31/2011,12/31/2010,09/30/2010,06/30/2010,03/31/2010,12/31/2009,09/30/2009,06/30/2009,03/31/2009,12/31/2008,09/30/2008,06/30/2008,03/31/2008,12/31/2007,09/30/2007,06/30/2007,03/31/2007,12/31/2006,09/30/2006,06/30/2006,03/31/2006,12/31/2005,09/30/2005,06/30/2005,03/31/2005,12/31/2004,09/30/2004,06/30/2004,03/31/2004,12/31/2003,09/30/2003,06/30/2003,03/31/2003,12/31/2002,09/30/2002,06/30/2002,03/31/2002,12/31/2001,09/30/2001,06/30/2001,03/31/2001,12/31/2000,09/30/2000,06/30/2000,03/31/2000,12/31/1999,09/30/1999,06/30/1999,03/31/1999,12/31/1998,09/30/1998,06/30/1998,03/31/1998,12/31/1997,09/30/1997,06/30/1997,03/31/1997,12/31/1996,09/30/1996,06/30/1996,03/31/1996,12/31/1995,09/30/1995,06/30/1995,03/31/1995,12/31/1994,09/30/1994,06/30/1994,03/31/1994,12/31/1993,09/30/1993,06/30/1993,03/31/1993
TotalRevenue,"10,476,000,000","2,694,000,000","2,720,000,000","2,653,000,000","2,409,000,000","2,186,000,000","2,122,000,000","1,924,000,000","2,241,000,000","2,205,000,000","2,325,000,000","2,363,000,000","2,380,000,000","2,376,000,000","2,547,000,000","2,621,000,000","2,607,000,000","2,362,000,000","2,465,000,000","2,419,000,000","2,303,000,000","2,188,000,000","2,287,000,000","2,297,000,000","2,236,000,000","2,225,000,000","2,447,000,000","2,533,000,000","2,443,000,000","2,349,000,000","2,413,000,000","2,460,000,000","2,305,000,000","2,265,000,000","2,338,000,000","2,440,000,000","2,307,000,000","2,169,000,000","2,259,000,000","1,853,000,000","1,821,000,000","1,723,000,000","1,812,000,000","1,885,000,000","1,758,000,000","825,000,000","1,729,000,000","1,724,000,000","1,564,000,000","1,328,000,000","1,337,000,000","1,253,000,000","1,129,000,000","1,346,000,000","1,819,000,000","1,834,000,000","1,727,000,000","1,327,000,000","1,813,000,000","1,895,000,000","1,795,000,000","1,752,000,000","1,966,000,000","1,929,000,000","1,803,000,000","1,729,000,000","1,816,000,000","1,752,000,000","1,762,000,000","1,658,000,000","1,649,000,000","1,676,000,000","1,597,000,000","1,434,000,000","1,444,000,000","1,481,000,000","1,441,000,000","1,315,000,000","1,374,000,000","1,395,000,000","1,236,000,000","1,271,000,000","1,367,000,000","1,402,000,000","1,344,000,000","1,372,000,000","1,387,000,000","1,316,000,000","1,217,000,000","1,255,000,000","1,190,000,000","1,122,000,000","1,023,000,000","1,037,000,000","1,131,000,000","1,165,000,000","1,148,000,000","1,154,000,000","1,145,000,000","1,208,000,000","1,171,000,000","1,113,000,000","1,167,000,000","1,241,000,000","1,261,000,000","1,221,000,000","1,266,000,000","1,321,000,000","1,232,000,000","1,169,000,000","1,130,000,000","1,047,000,000","983,000,000","975,600,000","975,800,000","975,800,000","975,800,000"
	OperatingRevenue,"10,476,000,000","2,694,000,000","2,720,000,000","2,653,000,000","2,409,000,000","2,186,000,000","2,122,000,000","1,924,000,000","2,241,000,000","2,205,000,000","2,325,000,000","2,363,000,000","2,380,000,000","2,376,000,000","2,547,000,000","2,621,000,000","2,607,000,000","2,362,000,000","2,465,000,000","2,419,000,000","2,303,000,000","2,188,000,000","2,287,000,000","2,297,000,000","2,236,000,000","2,225,000,000","2,447,000,000","2,533,000,000","2,443,000,000","2,349,000,000","2,413,000,000","2,460,000,000","2,305,000,000","2,265,000,000","2,338,000,000","2,440,000,000","2,307,000,000","2,169,000,000","2,259,000,000","1,853,000,000","1,821,000,000","1,723,000,000","1,812,000,000","1,885,000,000","1,758,000,000","825,000,000","1,729,000,000","1,724,000,000","1,564,000,000","1,328,000,000","1,337,000,000","1,253,000,000","1,129,000,000","1,346,000,000","1,819,000,000","1,834,000,000","1,727,000,000","1,327,000,000","1,813,000,000","1,895,000,000","1,795,000,000","1,752,000,000","1,966,000,000","1,929,000,000","1,803,000,000","1,729,000,000","1,816,000,000","1,752,000,000","1,762,000,000","1,658,000,000","1,649,000,000","1,676,000,000","1,597,000,000","1,434,000,000","1,444,000,000","1,481,000,000","1,441,000,000","1,315,000,000","1,374,000,000","1,395,000,000","1,236,000,000","1,271,000,000","1,367,000,000","1,402,000,000","1,344,000,000","1,372,000,000","1,387,000,000","1,316,000,000","1,217,000,000","1,255,000,000","1,190,000,000","1,122,000,000","1,023,000,000","1,037,000,000","1,131,000,000","1,165,000,000","1,148,000,000","1,154,000,000","1,145,000,000","1,208,000,000","1,171,000,000","1,113,000,000","1,167,000,000","1,241,000,000","1,261,000,000","1,221,000,000","1,266,000,000","1,321,000,000","1,232,000,000","1,169,000,000","1,130,000,000","1,047,000,000","983,000,000","975,600,000","975,800,000","975,800,000","975,800,000"
CostOfRevenue,"7,976,000,000","2,135,000,000","2,058,000,000","1,972,000,000","1,811,000,000","1,660,000,000","1,621,000,000","1,553,000,000","1,664,000,000","1,708,000,000","1,751,000,000","1,774,000,000","1,806,000,000","1,910,000,000","1,819,000,000","1,917,000,000","2,026,000,000","1,875,000,000","1,774,000,000","1,768,000,000","1,678,000,000","1,698,000,000","1,666,000,000","1,692,000,000","1,602,000,000","1,716,000,000","1,752,000,000","1,813,000,000","1,787,000,000","2,016,000,000","1,777,000,000","1,803,000,000","1,710,000,000","1,471,000,000","1,649,000,000","1,763,000,000","1,691,000,000","1,844,000,000","1,734,000,000","1,372,000,000","1,390,000,000","1,399,000,000","1,392,000,000","1,422,000,000","1,325,000,000","521,000,000","1,284,000,000","1,320,000,000","1,243,000,000","1,042,000,000","1,009,000,000","993,000,000","950,000,000","1,200,000,000","1,497,000,000","1,513,000,000","1,390,000,000","1,058,000,000","1,503,000,000","1,575,000,000","1,502,000,000","1,472,000,000","1,650,000,000","1,579,000,000","1,472,000,000","1,450,000,000","1,464,000,000","1,378,000,000","1,363,000,000","1,442,000,000","1,392,000,000","1,406,000,000","1,362,000,000","1,249,000,000","1,244,000,000","1,240,000,000","1,257,000,000","1,172,000,000","1,172,000,000","1,166,000,000","1,031,000,000","1,102,000,000","1,134,000,000","1,149,000,000","1,112,000,000","1,137,000,000","1,096,000,000","1,026,000,000","967,000,000","1,067,000,000","976,000,000","897,000,000","829,000,000","914,000,000","870,000,000","868,000,000","894,000,000","889,000,000","857,000,000","925,000,000","911,000,000","554,000,000","873,000,000","922,000,000","864,000,000","791,000,000","780,000,000","851,000,000","806,000,000","768,000,000","756,000,000","689,000,000","675,000,000",,,,
GrossProfit,"2,500,000,000","559,000,000","662,000,000","681,000,000","598,000,000","526,000,000","501,000,000","371,000,000","577,000,000","497,000,000","574,000,000","589,000,000","574,000,000","466,000,000","728,000,000","704,000,000","581,000,000","487,000,000","691,000,000","651,000,000","625,000,000","490,000,000","621,000,000","605,000,000","634,000,000","509,000,000","695,000,000","720,000,000","656,000,000","333,000,000","636,000,000","657,000,000","595,000,000","794,000,000","689,000,000","677,000,000","616,000,000","325,000,000","525,000,000","481,000,000","431,000,000","324,000,000","420,000,000","463,000,000","433,000,000","304,000,000","445,000,000","404,000,000","321,000,000","286,000,000","328,000,000","260,000,000","179,000,000","146,000,000","322,000,000","321,000,000","337,000,000","269,000,000","310,000,000","320,000,000","293,000,000","280,000,000","316,000,000","350,000,000","331,000,000","279,000,000","352,000,000","374,000,000","399,000,000","216,000,000","257,000,000","270,000,000","235,000,000","185,000,000","200,000,000","241,000,000","184,000,000","143,000,000","202,000,000","229,000,000","205,000,000","169,000,000","233,000,000","253,000,000","232,000,000","235,000,000","291,000,000","290,000,000","250,000,000","188,000,000","214,000,000","225,000,000","194,000,000","123,000,000","261,000,000","297,000,000","254,000,000","265,000,000","288,000,000","283,000,000","260,000,000","559,000,000","294,000,000","319,000,000","397,000,000","430,000,000","486,000,000","470,000,000","426,000,000","401,000,000","374,000,000","358,000,000","308,000,000",,,,
OperatingExpense,"1,049,000,000","275,000,000","267,000,000","265,000,000","242,000,000","231,000,000","221,000,000","207,000,000","221,000,000","236,000,000","222,000,000","222,000,000","245,000,000","226,000,000","235,000,000","249,000,000","246,000,000","224,000,000","231,000,000","231,000,000","228,000,000","221,000,000","235,000,000","229,000,000","237,000,000","284,000,000","242,000,000","251,000,000","236,000,000","306,000,000","227,000,000","228,000,000","221,000,000","180,000,000","207,000,000","231,000,000","220,000,000","286,000,000","225,000,000","164,000,000","167,000,000","169,000,000","164,000,000","145,000,000","149,000,000","135,000,000","165,000,000","144,000,000","139,000,000","139,000,000","137,000,000","132,000,000","128,000,000","163,000,000","148,000,000","149,000,000","152,000,000","118,000,000","270,000,000","152,000,000","137,000,000","195,000,000","145,000,000","157,000,000","147,000,000","188,000,000","150,000,000","161,000,000","146,000,000","152,000,000","142,000,000","150,000,000","153,000,000","137,000,000","178,000,000","150,000,000","123,000,000","149,000,000","141,000,000","148,000,000","128,000,000","180,000,000","145,000,000","-135,000,000","136,000,000","132,000,000","128,000,000","117,000,000","118,000,000","203,000,000","139,000,000","129,000,000","123,000,000","127,000,000","120,000,000","133,000,000","121,000,000","198,000,000","140,000,000","126,000,000","126,000,000","446,000,000","125,000,000","129,000,000","206,000,000","219,000,000","226,000,000","205,000,000","198,000,000","215,000,000","195,000,000","204,000,000","191,000,000",,,,
	SellingGeneralAndAdministration,"795,000,000","208,000,000","201,000,000","202,000,000","184,000,000","174,000,000","165,000,000","155,000,000","160,000,000","176,000,000","163,000,000","165,000,000","187,000,000","167,000,000","175,000,000","189,000,000","190,000,000","174,000,000","175,000,000","176,000,000","174,000,000","165,000,000","181,000,000","174,000,000","183,000,000","210,000,000","178,000,000","194,000,000","180,000,000","244,000,000","171,000,000","172,000,000","168,000,000","135,000,000","159,000,000","180,000,000","171,000,000","224,000,000","173,000,000","121,000,000","126,000,000","119,000,000","116,000,000","121,000,000","113,000,000","98,000,000","122,000,000","108,000,000","103,000,000","103,000,000","104,000,000","98,000,000","94,000,000","95,000,000","107,000,000","107,000,000","110,000,000","99,000,000","107,000,000","113,000,000","101,000,000","121,000,000","105,000,000","113,000,000","98,000,000","115,000,000","108,000,000","122,000,000","109,000,000","121,000,000","107,000,000","112,000,000","110,000,000","106,000,000","100,000,000","108,000,000","100,000,000","107,000,000","100,000,000","110,000,000","90,000,000","102,000,000","101,000,000","114,000,000","98,000,000","95,000,000","90,000,000","81,000,000","80,000,000","103,000,000","93,000,000","83,000,000","76,000,000","81,000,000","75,000,000","85,000,000","75,000,000","90,000,000","85,000,000","84,000,000","78,000,000","85,000,000","78,000,000","85,000,000","84,000,000","93,000,000","102,000,000","89,000,000","80,000,000","89,000,000","72,000,000","81,000,000","68,000,000",,,,
	ResearchAndDevelopment,"254,000,000","67,000,000","66,000,000","63,000,000","58,000,000","57,000,000","56,000,000","52,000,000","61,000,000","60,000,000","59,000,000","57,000,000","58,000,000","59,000,000","60,000,000","60,000,000","56,000,000","50,000,000","56,000,000","55,000,000","54,000,000","56,000,000","54,000,000","55,000,000","54,000,000","74,000,000","64,000,000","57,000,000","56,000,000","62,000,000","56,000,000","56,000,000","53,000,000","45,000,000","48,000,000","51,000,000","49,000,000","62,000,000","52,000,000","43,000,000","41,000,000","42,000,000","41,000,000","39,000,000","36,000,000","37,000,000","43,000,000","36,000,000","36,000,000","36,000,000","33,000,000","34,000,000","34,000,000","38,000,000","39,000,000","39,000,000","42,000,000","40,000,000","43,000,000","37,000,000","36,000,000","41,000,000","40,000,000","44,000,000","42,000,000","42,000,000","42,000,000","39,000,000","39,000,000","38,000,000","35,000,000","38,000,000","43,000,000","44,000,000","44,000,000","42,000,000","43,000,000","41,000,000","42,000,000","38,000,000","38,000,000","42,000,000","39,000,000","41,000,000","38,000,000","37,000,000","38,000,000","36,000,000","38,000,000","47,000,000","46,000,000","46,000,000","47,000,000","46,000,000","45,000,000","48,000,000","46,000,000","46,000,000","55,000,000","42,000,000","48,000,000","47,000,000","47,000,000","44,000,000","46,000,000","48,000,000","46,000,000","40,000,000","42,000,000","44,000,000","41,000,000","40,000,000","42,000,000",,,,
	DepreciationAmortizationDepletionIncomeStatement,,,,,,,,,,,,,,,,,,,,,,,,,,,,,,,,,,,,,,,,,,,,,,,,,,,,,,,,,,,,,,,,,,,,,,,,,,,,,,,,,,,,,,,,,,,,,,,,,,,,,,,,,"76,000,000","78,000,000","78,000,000","76,000,000","76,000,000","82,000,000","82,000,000","83,000,000","81,000,000",,,,
		DepreciationAndAmortizationInIncomeStatement,,,,,,,,,,,,,,,,,,,,,,,,,,,,,,,,,,,,,,,,,,,,,,,,,,,,,,,,,,,,,,,,,,,,,,,,,,,,,,,,,,,,,,,,,,,,,,,,,,,,,,,,,"76,000,000","78,000,000","78,000,000","76,000,000","76,000,000","82,000,000","82,000,000","83,000,000","81,000,000",,,,
	OtherOperatingExpenses,,,,,,,,,,,,,,,,,,,,,,,,,,,,,,,,,,,,,,,"37,000,000",,,,"7,000,000","-15,000,000",,,,,,,,,,,"2,000,000","3,000,000",,"-21,000,000","120,000,000","2,000,000",,,,,"7,000,000",,,,"-2,000,000",,,,,"-13,000,000","34,000,000",,"-20,000,000",,"-1,000,000",,,"36,000,000","5,000,000","-290,000,000",,,,,,,,,,,,,,,,,,,,,,,,,,,,,,,,,
OperatingIncome,"1,451,000,000","284,000,000","395,000,000","416,000,000","356,000,000","295,000,000","280,000,000","164,000,000","356,000,000","261,000,000","352,000,000","367,000,000","329,000,000","240,000,000","493,000,000","455,000,000","335,000,000","263,000,000","460,000,000","420,000,000","397,000,000","269,000,000","386,000,000","376,000,000","397,000,000","225,000,000","453,000,000","469,000,000","420,000,000","27,000,000","409,000,000","429,000,000","374,000,000","614,000,000","482,000,000","446,000,000","396,000,000","39,000,000","300,000,000","317,000,000","264,000,000","155,000,000","256,000,000","318,000,000","284,000,000","169,000,000","280,000,000","260,000,000","182,000,000","147,000,000","191,000,000","128,000,000","51,000,000","-17,000,000","174,000,000","172,000,000","185,000,000","151,000,000","40,000,000","168,000,000","156,000,000","85,000,000","171,000,000","193,000,000","184,000,000","91,000,000","202,000,000","213,000,000","253,000,000","64,000,000","115,000,000","120,000,000","82,000,000","48,000,000","22,000,000","91,000,000","61,000,000","-6,000,000","61,000,000","81,000,000","77,000,000","-11,000,000","88,000,000","388,000,000","96,000,000","103,000,000","163,000,000","173,000,000","132,000,000","-15,000,000","75,000,000","96,000,000","71,000,000","-4,000,000","141,000,000","164,000,000","133,000,000","67,000,000","148,000,000","157,000,000","134,000,000","113,000,000","169,000,000","190,000,000","191,000,000","211,000,000","260,000,000","265,000,000","228,000,000","186,000,000","179,000,000","154,000,000","117,000,000","-2,476,400,000","975,800,000","975,800,000","975,800,000"
NetNonOperatingInterestIncomeExpense,"-198,000,000","-48,000,000","-49,000,000","-51,000,000","-50,000,000","-51,000,000","-52,000,000","-55,000,000","-52,000,000","-53,000,000","-54,000,000","-55,000,000","-56,000,000","-57,000,000","-58,000,000","-61,000,000","-59,000,000","-59,000,000","-61,000,000","-61,000,000","-60,000,000","-64,000,000","-64,000,000","-63,000,000","-64,000,000","-65,000,000","-66,000,000","-66,000,000","-66,000,000","-55,000,000","-45,000,000","-45,000,000","-42,000,000","-43,000,000","-44,000,000","-46,000,000","-47,000,000","-48,000,000","-48,000,000","-28,000,000","-19,000,000","-19,000,000","-20,000,000","-18,000,000","-19,000,000","-28,000,000","-24,000,000","-25,000,000","-25,000,000","-20,000,000","-19,000,000","-20,000,000","-19,000,000",,,,,,,,,,,,,,,,,,,,,,,,,,,,,,,,,,,,,,,,,,,,,,,,,,,,,,,,,,,,,,,,
	InterestIncomeNonOperating,"3,000,000","1,000,000","1,000,000","0","1,000,000","1,000,000","2,000,000","0","1,000,000","1,000,000","1,000,000","0","1,000,000","0","0","2,000,000","1,000,000","-19,000,000","8,000,000","8,000,000","6,000,000","5,000,000","7,000,000","8,000,000","6,000,000","4,000,000","4,000,000","4,000,000","4,000,000","5,000,000","5,000,000","3,000,000","3,000,000","2,000,000","2,000,000","1,000,000","1,000,000","0","2,000,000","1,000,000","2,000,000",,"1,000,000","2,000,000","2,000,000",,"1,000,000","2,000,000",,,,"2,000,000",,,,,,,,,,,,,,,,,,,,,,,,,,,,,,,,,,,,,,,,,,,,,,,,,,,,,,,,,,,,,,,,,
	InterestExpenseNonOperating,"201,000,000","49,000,000","50,000,000","51,000,000","51,000,000","52,000,000","54,000,000","55,000,000","53,000,000","54,000,000","55,000,000","55,000,000","57,000,000","57,000,000","58,000,000","63,000,000","60,000,000","40,000,000","69,000,000","69,000,000","66,000,000","69,000,000","71,000,000","71,000,000","70,000,000","69,000,000","70,000,000","70,000,000","70,000,000","60,000,000","50,000,000","48,000,000","45,000,000","45,000,000","46,000,000","47,000,000","48,000,000","48,000,000","50,000,000","29,000,000","21,000,000","14,000,000","21,000,000","20,000,000","21,000,000","24,000,000","25,000,000","27,000,000","25,000,000","20,000,000","19,000,000","22,000,000","19,000,000",,,,,,,,,,,,,,,,,,,,,,,,,,,,,,,,,,,,,,,,,,,,,,,,,,,,,,,,,,,,,,,,
	TotalOtherFinanceCost,,,,,,,,,,"53,000,000","54,000,000","55,000,000","56,000,000","57,000,000","58,000,000","61,000,000","59,000,000","59,000,000","61,000,000","61,000,000","60,000,000","64,000,000","64,000,000","63,000,000","64,000,000","65,000,000","66,000,000","66,000,000","66,000,000","55,000,000","45,000,000","45,000,000","42,000,000","43,000,000","44,000,000","46,000,000","47,000,000","48,000,000",,,,,,,,,,,,,,,,,,,,,,,,,,,,,,,,,,,,,,,,,,,,,,,,,,,,,,,,,,,,,,,,,,,,,,,,,,,,,,,
OtherIncomeExpense,"-171,000,000","293,000,000","-25,000,000","-472,000,000","33,000,000","-219,000,000","-38,000,000","-110,000,000","12,000,000","-199,000,000","15,000,000","4,000,000","-9,000,000","-112,000,000","24,000,000","36,000,000","74,000,000","-18,000,000","4,000,000",,"4,000,000","-92,000,000","-33,000,000","11,000,000","-10,000,000","-43,000,000","-34,000,000","-1,000,000","-98,000,000","-1,000,000","-66,000,000","15,000,000","-10,000,000","-53,000,000","-4,000,000","-18,000,000","-4,000,000","-72,000,000","-34,000,000","-21,000,000","-1,000,000","13,000,000","2,000,000","6,000,000","-6,000,000","-142,000,000","3,000,000","-11,000,000","-6,000,000","-179,000,000","-2,000,000","8,000,000","-30,000,000","-21,000,000","-9,000,000","-4,000,000","-16,000,000","44,000,000","-111,000,000","1,000,000","-18,000,000","4,000,000","-14,000,000","-1,000,000","-6,000,000","-16,000,000","-2,000,000","115,000,000","-4,000,000","-11,000,000","-38,000,000","-80,000,000","-66,000,000","9,000,000","-497,000,000","-11,000,000","19,000,000","-1,000,000","-2,000,000","10,000,000","-14,000,000","-135,000,000","-24,000,000","-304,000,000","-6,000,000","4,000,000","20,000,000","-11,000,000","3,000,000","-78,000,000","9,000,000","-4,000,000","-8,000,000","4,000,000","10,000,000","6,000,000","2,000,000","-66,000,000","26,000,000","6,000,000","-1,000,000","-1,000,000","3,000,000","7,000,000","2,000,000","2,000,000","-2,000,000","10,000,000","4,000,000","4,000,000","-6,000,000","3,000,000",,,,,
	GainOnSaleOfSecurity,"6,000,000","1,000,000","1,000,000","2,000,000",,"-12,000,000","-5,000,000",,"-5,000,000","-3,000,000","-4,000,000","-2,000,000",,"1,000,000","-6,000,000","-7,000,000",,"-2,000,000","-1,000,000","-3,000,000","1,000,000","-8,000,000","-5,000,000","-3,000,000","-11,000,000","3,000,000","-14,000,000","-3,000,000","8,000,000","1,000,000","6,000,000",,,"0","-3,000,000","1,000,000","-5,000,000",,,,,,,,,,,,,,,,,,,,,,,,,,,,,,,,,,,,,,,,,,,,,,,,,,,,,,,,,,,,,,,,,,,,,,,,,,,,,,,,
	EarningsFromEquityInterest,,,,,,,,,"3,000,000","2,000,000","2,000,000","3,000,000","3,000,000","2,000,000","3,000,000","7,000,000","5,000,000","4,000,000","3,000,000","4,000,000","3,000,000","5,000,000","4,000,000","4,000,000","2,000,000","5,000,000","2,000,000","4,000,000","4,000,000","6,000,000","2,000,000","2,000,000","3,000,000","0","2,000,000","1,000,000","2,000,000",,,,,,,,,,,,,,,,,,,,,,,,,,,,,"0",,"171,000,000",,,,,,,,,,,,,,,,,,,,,,,,,,,,,,,,,,,,,,,,,,,,,,,,,
	SpecialIncomeCharges,"-600,000,000","-16,000,000","-67,000,000","-510,000,000","-7,000,000","-12,000,000","-61,000,000","-141,000,000","-14,000,000","-74,000,000","-2,000,000","-18,000,000","-32,000,000","-46,000,000","0","6,000,000","40,000,000","-17,000,000","3,000,000","0","0","-93,000,000","-30,000,000","8,000,000","2,000,000","-53,000,000","-21,000,000","0","-109,000,000","-7,000,000","-74,000,000","7,000,000","-13,000,000","-52,000,000","-3,000,000","-18,000,000","-3,000,000","-87,000,000","-34,000,000","-21,000,000","-1,000,000","13,000,000","2,000,000","6,000,000","-6,000,000","-142,000,000","3,000,000","-11,000,000","-6,000,000","-179,000,000","-2,000,000","8,000,000","-30,000,000","-21,000,000","-9,000,000","-4,000,000","-16,000,000","44,000,000","-111,000,000","1,000,000","-18,000,000","4,000,000","-14,000,000","-1,000,000","-6,000,000","-16,000,000","-2,000,000","-56,000,000","-4,000,000","-11,000,000","-38,000,000","-80,000,000","-66,000,000","9,000,000","-497,000,000","-11,000,000","19,000,000","-1,000,000","-2,000,000","10,000,000","-14,000,000","-135,000,000","-24,000,000","-304,000,000","-6,000,000","4,000,000","20,000,000","-11,000,000","3,000,000","-78,000,000","9,000,000","-4,000,000","-8,000,000","4,000,000","10,000,000","6,000,000","2,000,000","-66,000,000","26,000,000","6,000,000","-1,000,000","-1,000,000","3,000,000","7,000,000","2,000,000","2,000,000","-2,000,000","10,000,000","4,000,000","4,000,000","-6,000,000","3,000,000",,,,,
		RestructuringAndMergernAcquisition,"32,000,000",,,"10,000,000",,"11,000,000","60,000,000","5,000,000","5,000,000","2,000,000","2,000,000","18,000,000","32,000,000",,,,,"7,000,000","0",,,"5,000,000","30,000,000",,,"77,000,000","0",,,"39,000,000","3,000,000",,,"48,000,000","0","0","0",,,"0",,,,,,,,,,,,,,,,,"17,000,000",,,,"21,000,000",,"13,000,000","3,000,000",,,"4,000,000","10,000,000","9,000,000","18,000,000","42,000,000","79,000,000","67,000,000","9,000,000","462,000,000","16,000,000","2,000,000",,,,,"75,000,000","27,000,000","290,000,000",,,,,,,,,,,,,,,,,,,,,,,,,,,,,,,,,
		ImpairmentOfCapitalAssets,"15,000,000",,,"5,000,000",,"-20,000,000",,"136,000,000","9,000,000","74,000,000","2,000,000","18,000,000","32,000,000","33,000,000","0","4,000,000","2,000,000","8,000,000","0","0","0","12,000,000","0","0","2,000,000","-23,000,000","21,000,000","0","109,000,000","-25,000,000","71,000,000","7,000,000","13,000,000","4,000,000","3,000,000","18,000,000","3,000,000","83,000,000",,,,,,,,"26,000,000","0","3,000,000","0","177,000,000","0","-3,000,000","26,000,000",,,,,,,,,,,,,,,,,,,,,,,,,,,,,,,,,,,,,,,,,,,,,,,,,,,,,,,,,,,,,,,,
		WriteOff,"47,000,000","18,000,000","7,000,000","15,000,000","7,000,000","12,000,000","60,000,000","141,000,000","14,000,000","74,000,000","2,000,000","18,000,000","32,000,000","39,000,000","0","4,000,000","2,000,000","8,000,000","0","0","0","17,000,000","30,000,000","0","-2,000,000","53,000,000","21,000,000","0","109,000,000","0","71,000,000","-7,000,000","13,000,000","52,000,000","3,000,000","18,000,000","3,000,000","83,000,000",,,,,,,,,,,,,,,,,,,,,,,,,,,,,,,,,,,,,,,,,,,,,,,,,,,,,,,,,,,,,,,,,,,,,,,,,,,,,,,
		OtherSpecialCharges,"1,000,000","1,000,000",,,,"0","1,000,000",,,,,,,"7,000,000",,"-10,000,000","-42,000,000",,,,,"76,000,000",,"9,000,000",,,,,,,,,,,,,,,,"21,000,000",,,,,,"1,000,000","-3,000,000","8,000,000","6,000,000","2,000,000","2,000,000","-5,000,000","4,000,000",,,,"-1,000,000",,,,"-3,000,000",,"1,000,000","-2,000,000",,,"-2,000,000","46,000,000","-5,000,000","-7,000,000","-4,000,000","1,000,000","-1,000,000","-18,000,000","35,000,000","-5,000,000","-21,000,000",,,,,"60,000,000","-3,000,000","14,000,000",,,,,,,,,,,,,,,,,,,,,,,,,,,,,,,,,
		GainOnSaleOfBusiness,"-552,000,000","3,000,000","-60,000,000","-495,000,000",,,,,,,,,,"0","0",,,"0","3,000,000","0",,"0","0","17,000,000",,,,,,,,,,,,,,,,,,,,,,,,,,,,,,,,,,,,,,,,,,,,,,,,,,,,,,,,,,,,,,,,,,,,,,,,,,,,,,,,,,,,,,,,,,,,,
		GainOnSaleOfPPE,,,,"0",,,,,,,,,,,,,,"0","0","0","0","0","0",,,,,,,,,,,,,,,,,,,,,,,,,,,,,,,,,,,,,,,,,,,,,,,,,,,,,,,,,,,,,,,,,,,,,,,,,,,,,,,,,,,,,,,,,,,,,,
	OtherNonOperatingIncomeExpenses,"423,000,000","308,000,000","41,000,000","36,000,000","40,000,000","-210,000,000","28,000,000","31,000,000","28,000,000","-124,000,000","19,000,000","21,000,000","20,000,000","-69,000,000","27,000,000","30,000,000","29,000,000","-3,000,000","-1,000,000","-1,000,000","4,000,000","4,000,000","-2,000,000","2,000,000","-3,000,000","2,000,000","-1,000,000","-2,000,000","-1,000,000","-1,000,000","5,000,000","6,000,000","3,000,000","-1,000,000","-1,000,000","-2,000,000","2,000,000","6,000,000",,,,,,,,,,,,,,,,,,,,,,,,,,,,,,,,,,,,,,,,,,,,,,,,,,,,,,,,,,,,,,,,,,,,,,,,,,,,,,,
PretaxIncome,"1,082,000,000","529,000,000","321,000,000","-107,000,000","339,000,000","25,000,000","190,000,000","-1,000,000","316,000,000","9,000,000","313,000,000","316,000,000","264,000,000","71,000,000","459,000,000","430,000,000","350,000,000","186,000,000","403,000,000","359,000,000","341,000,000","113,000,000","289,000,000","324,000,000","323,000,000","117,000,000","353,000,000","403,000,000","256,000,000","-29,000,000","298,000,000","399,000,000","322,000,000","518,000,000","434,000,000","382,000,000","345,000,000","-81,000,000","218,000,000","268,000,000","244,000,000","149,000,000","238,000,000","306,000,000","271,000,000","3,000,000","258,000,000","224,000,000","151,000,000","-52,000,000","170,000,000","106,000,000","2,000,000","-25,000,000","148,000,000","153,000,000","153,000,000","162,000,000","32,000,000","156,000,000","120,000,000","104,000,000","136,000,000","171,000,000","165,000,000","85,000,000","177,000,000","304,000,000","217,000,000","19,000,000","48,000,000","10,000,000","-13,000,000","12,000,000","-471,000,000","49,000,000","29,000,000","-37,000,000","28,000,000","60,000,000","33,000,000","-142,000,000","33,000,000","-243,000,000","55,000,000","77,000,000","145,000,000","128,000,000","102,000,000","-77,000,000","49,000,000","64,000,000","37,000,000","-26,000,000","123,000,000","149,000,000","114,000,000","43,000,000","148,000,000","141,000,000","114,000,000","96,000,000","156,000,000","177,000,000","178,000,000","192,000,000","239,000,000","255,000,000","213,000,000","170,000,000","152,000,000","136,000,000","92,000,000",,,,
TaxProvision,"215,000,000","149,000,000","-33,000,000","37,000,000","62,000,000","-9,000,000","25,000,000","-31,000,000","56,000,000","-18,000,000","46,000,000","57,000,000","55,000,000","36,000,000","46,000,000","84,000,000","60,000,000","-305,000,000","79,000,000","65,000,000","62,000,000","-5,000,000","56,000,000","67,000,000","72,000,000","-8,000,000","95,000,000","104,000,000","84,000,000","-46,000,000","86,000,000","107,000,000","88,000,000","169,000,000","125,000,000","116,000,000","97,000,000","-34,000,000","64,000,000","91,000,000","85,000,000","49,000,000","73,000,000","96,000,000","89,000,000","-3,000,000","88,000,000","76,000,000","50,000,000","-20,000,000","69,000,000","41,000,000","0","-23,000,000","48,000,000","38,000,000","38,000,000","43,000,000","12,000,000","51,000,000","43,000,000","9,000,000","41,000,000","57,000,000","60,000,000","19,000,000","54,000,000","98,000,000","55,000,000","-35,000,000","10,000,000","-74,000,000","-7,000,000","2,000,000","-135,000,000","14,000,000","11,000,000","-24,000,000","4,000,000","16,000,000","9,000,000","-50,000,000","10,000,000","-96,000,000","18,000,000","25,000,000","48,000,000","42,000,000","34,000,000","-25,000,000","16,000,000","21,000,000","12,000,000","-24,000,000","43,000,000","52,000,000","40,000,000","15,000,000","52,000,000","51,000,000","42,000,000","36,000,000","60,000,000","65,000,000","66,000,000","71,000,000","91,000,000","97,000,000","81,000,000","66,000,000","59,000,000","53,000,000","36,000,000",,,,
NetIncomeCommonStockholders,"857,000,000","378,000,000","351,000,000","-146,000,000","274,000,000","32,000,000","161,000,000","27,000,000","258,000,000","26,000,000","266,000,000","258,000,000","209,000,000","34,000,000","412,000,000","344,000,000","290,000,000","491,000,000","323,000,000","292,000,000","278,000,000","116,000,000","232,000,000","255,000,000","251,000,000","124,000,000","256,000,000","297,000,000","171,000,000","16,000,000","210,000,000","292,000,000","233,000,000","346,000,000","308,000,000","264,000,000","247,000,000","-54,000,000","154,000,000","179,000,000","158,000,000","100,000,000","165,000,000","211,000,000","220,000,000","19,000,000","170,000,000","148,000,000","101,000,000","-32,000,000","101,000,000","65,000,000","2,000,000","-2,000,000","100,000,000","115,000,000","133,000,000","98,000,000","20,000,000","105,000,000","77,000,000","95,000,000","95,000,000","114,000,000","105,000,000","66,000,000","123,000,000","206,000,000","162,000,000","54,000,000","38,000,000","84,000,000","-6,000,000","10,000,000","-336,000,000","35,000,000","21,000,000","-13,000,000","24,000,000","44,000,000","6,000,000","-92,000,000","23,000,000","-147,000,000","37,000,000","52,000,000","97,000,000","86,000,000","68,000,000","-52,000,000","33,000,000","43,000,000","25,000,000","-2,000,000","80,000,000","97,000,000","74,000,000","28,000,000","96,000,000","90,000,000","72,000,000","60,000,000","96,000,000","112,000,000","112,000,000","121,000,000","148,000,000","158,000,000","132,000,000","104,000,000","93,000,000","83,000,000","56,000,000","-52,400,000","-52,200,000","-52,200,000","-52,200,000"
	NetIncome,"857,000,000","378,000,000","351,000,000","-146,000,000","274,000,000","32,000,000","161,000,000","27,000,000","258,000,000","26,000,000","266,000,000","258,000,000","209,000,000","34,000,000","412,000,000","344,000,000","290,000,000","491,000,000","323,000,000","292,000,000","278,000,000","116,000,000","232,000,000","255,000,000","251,000,000","124,000,000","256,000,000","297,000,000","171,000,000","16,000,000","210,000,000","292,000,000","233,000,000","346,000,000","308,000,000","264,000,000","247,000,000","-54,000,000","154,000,000","179,000,000","158,000,000","100,000,000","165,000,000","211,000,000","220,000,000","19,000,000","170,000,000","148,000,000","101,000,000","-32,000,000","101,000,000","65,000,000","2,000,000","-2,000,000","100,000,000","115,000,000","133,000,000","98,000,000","20,000,000","105,000,000","77,000,000","95,000,000","95,000,000","114,000,000","105,000,000","66,000,000","123,000,000","206,000,000","162,000,000","54,000,000","38,000,000","84,000,000","-6,000,000","10,000,000","-336,000,000","35,000,000","21,000,000","-13,000,000","24,000,000","44,000,000","6,000,000","-92,000,000","23,000,000","-147,000,000","37,000,000","52,000,000","97,000,000","86,000,000","68,000,000","-52,000,000","33,000,000","43,000,000","25,000,000","-2,000,000","80,000,000","97,000,000","74,000,000","28,000,000","96,000,000","90,000,000","72,000,000","60,000,000","96,000,000","112,000,000","112,000,000","121,000,000","148,000,000","158,000,000","132,000,000","104,000,000","93,000,000","83,000,000","56,000,000","-52,400,000","-52,200,000","-52,200,000","-52,200,000"
		NetIncomeIncludingNoncontrollingInterests,"867,000,000","380,000,000","354,000,000","-144,000,000","277,000,000","34,000,000","165,000,000","30,000,000","260,000,000","27,000,000","267,000,000","259,000,000","209,000,000","35,000,000","413,000,000","346,000,000","290,000,000","491,000,000","324,000,000","294,000,000","279,000,000","118,000,000","233,000,000","257,000,000","251,000,000","125,000,000","258,000,000","299,000,000","172,000,000","17,000,000","212,000,000","294,000,000","234,000,000","349,000,000","309,000,000","266,000,000","248,000,000","-47,000,000","154,000,000","179,000,000","158,000,000","100,000,000","165,000,000","211,000,000","220,000,000","19,000,000","170,000,000","148,000,000","101,000,000","-32,000,000","101,000,000","65,000,000","2,000,000","-2,000,000","100,000,000","115,000,000","133,000,000","98,000,000","20,000,000","105,000,000","77,000,000","95,000,000","95,000,000","114,000,000","105,000,000","66,000,000","123,000,000","206,000,000","162,000,000","54,000,000","38,000,000","84,000,000","-6,000,000","10,000,000","-336,000,000","35,000,000","21,000,000","-13,000,000","24,000,000","44,000,000","6,000,000","-92,000,000","23,000,000","-147,000,000","37,000,000","52,000,000","97,000,000","86,000,000","68,000,000","-52,000,000","33,000,000","43,000,000","25,000,000","-2,000,000","80,000,000","97,000,000","74,000,000","28,000,000","96,000,000","90,000,000","72,000,000","60,000,000","96,000,000","112,000,000","112,000,000","121,000,000","148,000,000","158,000,000","132,000,000","104,000,000","93,000,000","83,000,000","56,000,000","-52,400,000","-52,200,000","-52,200,000","-52,200,000"
			NetIncomeContinuousOperations,"867,000,000","380,000,000","354,000,000","-144,000,000","277,000,000","34,000,000","165,000,000","30,000,000","260,000,000","27,000,000","267,000,000","259,000,000","209,000,000","35,000,000","413,000,000","346,000,000","290,000,000","491,000,000","324,000,000","294,000,000","279,000,000","118,000,000","233,000,000","257,000,000","251,000,000","125,000,000","258,000,000","299,000,000","172,000,000","17,000,000","212,000,000","292,000,000","234,000,000","349,000,000","309,000,000","266,000,000","248,000,000","-47,000,000","154,000,000","177,000,000","159,000,000","100,000,000","165,000,000","210,000,000","182,000,000","6,000,000","170,000,000","148,000,000","101,000,000","-32,000,000","101,000,000","65,000,000","2,000,000","-2,000,000","100,000,000","115,000,000","115,000,000","119,000,000","20,000,000","105,000,000","77,000,000","95,000,000","95,000,000","114,000,000","105,000,000","66,000,000","123,000,000","206,000,000","162,000,000","54,000,000","38,000,000","84,000,000","-6,000,000","10,000,000","-336,000,000","35,000,000","18,000,000","-13,000,000","24,000,000","44,000,000","24,000,000","-92,000,000","23,000,000","-147,000,000","37,000,000","52,000,000","97,000,000","86,000,000","68,000,000","-52,000,000","33,000,000","43,000,000","25,000,000","-2,000,000","80,000,000","97,000,000","74,000,000","28,000,000","96,000,000","90,000,000","72,000,000","60,000,000","96,000,000","112,000,000","112,000,000","121,000,000","148,000,000","158,000,000","132,000,000","104,000,000","93,000,000","83,000,000","56,000,000","66,600,000","66,800,000","66,800,000","66,800,000"
			NetIncomeDiscontinuousOperations,,,,,,,,,,,,,,,,,,,,,,,,,,"0","0","0",,"0","0","2,000,000",,"0","0","0","0","0","0","2,000,000","-1,000,000","0","0","1,000,000","38,000,000",,,,,"0","0","0","0","0",,,"18,000,000",,,,,,,,,,,,,,,,,,,,,,,,,,,,,,,,,,,,,,,,,,,,,,,,,,,,,,,,,"-5,000,000","-5,000,000","-5,000,000","-5,000,000"
			NetIncomeExtraordinary,,,,,,,,,,,,,,,,,,,,,,,,,,,,,,,,,,,,,,,,,,,,,,,,,,,,,,,,,,,,,,,,,,,,,,,,,,"0",,,"3,000,000","0",,,"-18,000,000",,,,,,,,,,,,,,,,,,,,,,,,,,,,,,,,,"-114,000,000","-114,000,000","-114,000,000","-114,000,000"
		MinorityInterests,"-10,000,000","-2,000,000","-3,000,000","-2,000,000","-3,000,000","-2,000,000","-4,000,000","-3,000,000","-2,000,000","-1,000,000","-1,000,000","-1,000,000","0","-1,000,000","-1,000,000","-2,000,000","0","0","-1,000,000","-2,000,000","-1,000,000","-2,000,000","-1,000,000","-2,000,000","0","-1,000,000","-2,000,000","-2,000,000","-1,000,000","-1,000,000","-2,000,000","-2,000,000","-1,000,000","-3,000,000","-1,000,000","-2,000,000","-1,000,000","-2,000,000",,,,,,,,,,,,,,,,,,,,,,,,,,,,,,,,,,,,,,,,,,,,,,,,,,,,,,,,,,,,,,,,,,,,,,,,,,,,,,,
DilutedNIAvailtoComStockholders,"857,000,000","378,000,000","351,000,000","-146,000,000","274,000,000","32,000,000","161,000,000","27,000,000","258,000,000","26,000,000","266,000,000","258,000,000","209,000,000","34,000,000","412,000,000","344,000,000","290,000,000","491,000,000","323,000,000","292,000,000","278,000,000","116,000,000","232,000,000","255,000,000","251,000,000","124,000,000","256,000,000","297,000,000","171,000,000","16,000,000","210,000,000","292,000,000","233,000,000","346,000,000","308,000,000","264,000,000","247,000,000","-54,000,000","154,000,000","179,000,000","158,000,000","100,000,000","165,000,000","211,000,000","220,000,000","19,000,000","170,000,000","148,000,000","101,000,000","-32,000,000","101,000,000","65,000,000","2,000,000","-2,000,000","100,000,000","115,000,000","133,000,000","98,000,000","20,000,000","105,000,000","77,000,000","95,000,000","95,000,000","114,000,000","105,000,000","66,000,000","123,000,000","206,000,000","162,000,000","54,000,000","38,000,000","84,000,000","-6,000,000","10,000,000","-336,000,000","35,000,000","21,000,000","-13,000,000","24,000,000","44,000,000","6,000,000","-92,000,000","23,000,000","-147,000,000","37,000,000","52,000,000","97,000,000","86,000,000","68,000,000","-52,000,000","33,000,000","43,000,000","25,000,000","-2,000,000","80,000,000","97,000,000","74,000,000","28,000,000","96,000,000","90,000,000","72,000,000","60,000,000","96,000,000","112,000,000","112,000,000","121,000,000","148,000,000","158,000,000","132,000,000","104,000,000","93,000,000","83,000,000","56,000,000","-52,400,000","-52,200,000","-52,200,000","-52,200,000"
BasicEPS,,"2.85","2.6","-1.07","2.01","0.23","1.19","0.2","1.9","0.19","1.95","1.87","1.5","0.25","2.93","2.42","2.03","4.05","2.24","2.01","1.9","0.88","1.57","1.73","1.7","0.83","1.73","2","1.15","0.11","1.41","1.96","1.54","2.26","2","1.71","1.6","-0.35","1.01","1.3","1.15",,"1.19","1.49","1.555",,"1.185","1.025","0.695",,"0.7","0.445","0.015",,"0.675","0.755","0.85",,"0.12","0.62","0.46",,"0.58","0.695","0.64",,"0.755","1.275","1.02",,"0.25","0.54","-0.035",,"-2.175","0.23","0.135",,"0.155","0.29","0.035",,"0.155","-0.96","0.24",,"0.635","0.56","0.44",,"0.21","0.275","0.16",,"0.505","0.61","0.475",,"0.615","0.575","0.465",,"0.615","0.71","0.705",,"0.905","0.95","0.79",,"0.56","0.5","0.34",,"0.31","0.31","0.31"
DilutedEPS,,"2.81","2.57","-1.07","1.99","0.23","1.18","0.2","1.89","0.19","1.93","1.85","1.49","0.24","2.89","2.39","2","4.01","2.22","2","1.89","0.87","1.56","1.71","1.69","0.83","1.71","1.98","1.14","0.11","1.39","1.93","1.52","2.22","1.97","1.69","1.57","-0.35","0.99","1.27","1.12",,"1.16","1.455","1.52",,"1.165","1.01","0.685",,"0.69","0.445","0.015",,"0.665","0.74","0.84",,"0.12","0.61","0.455",,"0.575","0.685","0.635",,"0.75","1.255","1",,"0.245","0.535","-0.035",,"-2.175","0.23","0.135",,"0.155","0.29","0.035",,"0.155","-0.96","0.24",,"0.635","0.56","0.44",,"0.21","0.27","0.155",,"0.5","0.605","0.47",,"0.61","0.57","0.46",,"0.61","0.705","0.695",,"0.905","0.95","0.79",,"0.56","0.5","0.34",,"0.31","0.31","0.31"
BasicAverageShares,,"132,500,000","135,300,000","135,900,000","136,100,000","135,600,000","135,300,000","135,300,000","136,000,000","135,900,000","136,800,000","137,800,000","139,000,000","139,800,000","140,600,000","141,900,000","142,800,000","143,300,000","144,300,000","145,300,000","146,200,000","146,500,000","147,200,000","147,800,000","147,800,000","148,400,000","148,600,000","148,600,000","148,700,000","148,500,000","148,700,000","149,500,000","151,400,000","153,200,000","154,000,000","154,400,000","154,400,000","153,600,000","152,900,000","138,100,000","137,300,000",,"139,100,000","141,400,000","141,400,000",,"143,800,000","144,600,000","144,400,000",,"145,200,000","145,000,000","133,333,333",,"148,148,148","152,317,881","156,470,588",,"166,666,667","169,354,839","167,391,304",,"163,793,103","164,028,777","164,062,500",,"162,913,907","161,568,627","158,823,529",,"152,000,000","155,555,556","171,428,571",,"154,482,759","152,173,913","155,555,556",,"154,838,710","151,724,138","171,428,571",,"148,387,097","153,125,000","154,166,667",,"152,755,906","153,571,429","154,545,455",,"156,000,000","156,000,000","157,400,000",,"158,200,000","158,000,000","156,800,000",,"156,400,000","156,400,000","155,200,000",,"155,800,000","157,400,000","159,400,000",,"162,000,000","165,000,000","166,200,000",,"165,400,000","165,400,000","165,200,000",,"165,292,000","165,292,000","165,292,000"
DilutedAverageShares,,"134,600,000","137,000,000","135,900,000","137,600,000","137,000,000","136,300,000","136,100,000","136,500,000","137,100,000","137,800,000","139,100,000","140,100,000","141,100,000","142,400,000","144,000,000","144,800,000","144,800,000","145,500,000","146,400,000","147,200,000","147,500,000","148,200,000","148,900,000","148,800,000","149,500,000","149,800,000","149,800,000","149,700,000","150,000,000","150,300,000","151,300,000","153,000,000","155,600,000","156,400,000","156,700,000","156,700,000","153,600,000","156,400,000","141,200,000","140,700,000",,"142,400,000","145,000,000","144,600,000",,"146,600,000","147,000,000","146,600,000",,"147,000,000","146,200,000","133,333,333",,"150,375,940","155,405,405","158,333,333",,"166,666,667","172,131,148","169,230,769",,"165,217,391","166,423,358","165,354,331",,"164,000,000","164,143,426","162,000,000",,"155,102,041","157,009,346","171,428,571",,"154,482,759","152,173,913","155,555,556",,"154,838,710","151,724,138","171,428,571",,"148,387,097","153,125,000","154,166,667",,"152,755,906","153,571,429","154,545,455",,"156,800,000","156,800,000","157,600,000",,"159,000,000","159,800,000","158,400,000",,"157,800,000","157,600,000","156,400,000",,"157,200,000","159,200,000","161,200,000",,"163,800,000","166,400,000","167,400,000",,"166,400,000","165,800,000","165,400,000",,"165,292,000","165,292,000","165,292,000"
TotalOperatingIncomeAsReported,,,,,,,,,,,,,,,,,,"255,000,000","460,000,000","420,000,000","397,000,000","252,000,000","356,000,000","376,000,000","399,000,000","172,000,000","432,000,000","469,000,000","311,000,000","27,000,000","338,000,000","436,000,000","361,000,000","562,000,000","479,000,000","428,000,000","393,000,000","-44,000,000","263,000,000","317,000,000","264,000,000","163,000,000","256,000,000","318,000,000","284,000,000","143,000,000","280,000,000","257,000,000","182,000,000","-30,000,000","191,000,000","131,000,000","25,000,000","5,000,000","174,000,000","172,000,000","168,000,000","161,000,000","40,000,000","168,000,000","135,000,000","108,000,000","158,000,000","190,000,000","184,000,000","112,000,000","198,000,000","203,000,000","244,000,000","46,000,000","73,000,000","41,000,000","15,000,000","39,000,000","-440,000,000","75,000,000","59,000,000","-11,000,000","61,000,000","81,000,000","77,000,000","-86,000,000","64,000,000","-200,000,000","96,000,000","103,000,000","154,000,000","173,000,000","132,000,000","-40,000,000","75,000,000","96,000,000","71,000,000","-4,000,000","141,000,000","164,000,000","133,000,000","67,000,000","148,000,000","157,000,000","134,000,000","113,000,000","169,000,000","190,000,000","191,000,000","211,000,000","260,000,000","265,000,000","228,000,000","186,000,000","179,000,000","154,000,000","117,000,000",,,,
TotalExpenses,"9,025,000,000","2,410,000,000","2,325,000,000","2,237,000,000","2,053,000,000","1,891,000,000","1,842,000,000","1,760,000,000","1,885,000,000","1,944,000,000","1,973,000,000","1,996,000,000","2,051,000,000","2,136,000,000","2,054,000,000","2,166,000,000","2,272,000,000","2,099,000,000","2,005,000,000","1,999,000,000","1,906,000,000","1,919,000,000","1,901,000,000","1,921,000,000","1,839,000,000","2,000,000,000","1,994,000,000","2,064,000,000","2,023,000,000","2,322,000,000","2,004,000,000","2,031,000,000","1,931,000,000","1,651,000,000","1,856,000,000","1,994,000,000","1,911,000,000","2,130,000,000","1,959,000,000","1,536,000,000","1,557,000,000","1,568,000,000","1,556,000,000","1,567,000,000","1,474,000,000","656,000,000","1,449,000,000","1,464,000,000","1,382,000,000","1,181,000,000","1,146,000,000","1,125,000,000","1,078,000,000","1,363,000,000","1,645,000,000","1,662,000,000","1,542,000,000","1,176,000,000","1,773,000,000","1,727,000,000","1,639,000,000","1,667,000,000","1,795,000,000","1,736,000,000","1,619,000,000","1,638,000,000","1,614,000,000","1,539,000,000","1,509,000,000","1,594,000,000","1,534,000,000","1,556,000,000","1,515,000,000","1,386,000,000","1,422,000,000","1,390,000,000","1,380,000,000","1,321,000,000","1,313,000,000","1,314,000,000","1,159,000,000","1,282,000,000","1,279,000,000","1,014,000,000","1,248,000,000","1,269,000,000","1,224,000,000","1,143,000,000","1,085,000,000","1,270,000,000","1,115,000,000","1,026,000,000","952,000,000","1,041,000,000","990,000,000","1,001,000,000","1,015,000,000","1,087,000,000","997,000,000","1,051,000,000","1,037,000,000","1,000,000,000","998,000,000","1,051,000,000","1,070,000,000","1,010,000,000","1,006,000,000","1,056,000,000","1,004,000,000","983,000,000","951,000,000","893,000,000","866,000,000",,,,
NetIncomeFromContinuingAndDiscontinuedOperation,"857,000,000","378,000,000","351,000,000","-146,000,000","274,000,000","32,000,000","161,000,000","27,000,000","258,000,000","26,000,000","266,000,000","258,000,000","209,000,000","34,000,000","412,000,000","344,000,000","290,000,000","491,000,000","323,000,000","292,000,000","278,000,000","116,000,000","232,000,000","255,000,000","251,000,000","124,000,000","256,000,000","297,000,000","171,000,000","16,000,000","210,000,000","292,000,000","233,000,000","346,000,000","308,000,000","264,000,000","247,000,000","-54,000,000","154,000,000","179,000,000","158,000,000","100,000,000","165,000,000","211,000,000","220,000,000","19,000,000","170,000,000","148,000,000","101,000,000","-32,000,000","101,000,000","65,000,000","2,000,000","-2,000,000","100,000,000","115,000,000","133,000,000","98,000,000","20,000,000","105,000,000","77,000,000","95,000,000","95,000,000","114,000,000","105,000,000","66,000,000","123,000,000","206,000,000","162,000,000","54,000,000","38,000,000","84,000,000","-6,000,000","10,000,000","-336,000,000","35,000,000","18,000,000","-13,000,000","24,000,000","44,000,000","24,000,000","-92,000,000","23,000,000","-147,000,000","37,000,000","52,000,000","97,000,000","86,000,000","68,000,000","-52,000,000","33,000,000","43,000,000","25,000,000","-2,000,000","80,000,000","97,000,000","74,000,000","28,000,000","96,000,000","90,000,000","72,000,000","60,000,000","96,000,000","112,000,000","112,000,000","121,000,000","148,000,000","158,000,000","132,000,000","104,000,000","93,000,000","83,000,000","56,000,000","61,600,000","61,800,000","61,800,000","61,800,000"
NormalizedIncome,"1,332,200,000","388,775,047.259","399,180,000","224,840,000","279,740,000","49,520,000","218,420,000","129,930,000","273,580,000","82,210,000","271,100,000","274,400,000","234,280,000","66,850,000","417,400,000","344,800,000","256,800,000","502,400,000","321,400,000","294,460,000","277,180,000","176,600,000","260,000,000","251,050,000","258,020,000","154,000,000","281,550,000","299,220,000","238,670,000","19,900,000","258,280,000","284,890,000","242,490,000","381,034,749.035","312,260,000","275,900,000","252,760,000","-50,000","178,140,000","190,860,000","159,650,000","91,275,167.785","163,613,445.378","205,882,352.941","186,029,520.295","98,300,000","168,023,255.814","155,267,857.143","105,013,245.033","78,153,846.154","102,300,000","60,094,339.623","32,000,000","11,650,000","106,081,081.081","118,006,535.948","127,026,143.791","86,679,012.346","89,375,000","104,326,923.077","88,550,000","91,346,153.846","104,779,411.765","114,666,666.667","108,818,181.818","78,423,529.412","124,389,830.508","243,947,368.421","164,986,175.115","60,600,000","68,083,333.333","132,000,000","33,600,000","2,500,000","18,547,770.701","42,857,142.857","6,206,896.552","-12,400,000","25,714,285.714","36,666,666.667","34,181,818.182","-4,535,211.268","39,727,272.727","36,901,234.568","41,036,363.636","49,298,701.299","83,620,689.655","93,390,625","66,000,000","675,324.675","26,938,775.51","45,687,500","30,405,405.405","-4,400,000","73,495,934.959","93,093,959.732","72,701,754.386","70,976,744.186","79,135,135.135","86,170,212.766","72,631,578.947","60,625,000","94,153,846.154","107,570,621.469","110,741,573.034","119,739,583.333","149,238,493.724","151,803,921.569","129,521,126.761","101,552,941.176","96,671,052.632","81,169,117.647","56,000,000","66,600,000","66,800,000","66,800,000","66,800,000"
InterestIncome,"3,000,000","1,000,000","1,000,000","0","1,000,000","1,000,000","2,000,000","0","1,000,000","1,000,000","1,000,000","0","1,000,000","0","0","2,000,000","1,000,000","-19,000,000","8,000,000","8,000,000","6,000,000","5,000,000","7,000,000","8,000,000","6,000,000","4,000,000","4,000,000","4,000,000","4,000,000","5,000,000","5,000,000","3,000,000","3,000,000","2,000,000","2,000,000","1,000,000","1,000,000","0","2,000,000","1,000,000","2,000,000",,"1,000,000","2,000,000","2,000,000",,"1,000,000","2,000,000",,,,"2,000,000",,,,,,,,,,,,,,,,,,,,,,,,,,,,,,,,,,,,,,,,,,,,,,,,,,,,,,,,,,,,,,,,,
InterestExpense,"201,000,000","49,000,000","50,000,000","51,000,000","51,000,000","52,000,000","54,000,000","55,000,000","53,000,000","54,000,000","55,000,000","55,000,000","57,000,000","57,000,000","58,000,000","63,000,000","60,000,000","40,000,000","69,000,000","69,000,000","66,000,000","69,000,000","71,000,000","71,000,000","70,000,000","69,000,000","70,000,000","70,000,000","70,000,000","60,000,000","50,000,000","48,000,000","45,000,000","45,000,000","46,000,000","47,000,000","48,000,000","48,000,000","50,000,000","29,000,000","21,000,000","14,000,000","21,000,000","20,000,000","21,000,000","24,000,000","25,000,000","27,000,000","25,000,000","20,000,000","19,000,000","22,000,000","19,000,000",,,,,,,,,,,,,,,,,,,,,,,,,,,,,,,,,,,,,,,,,,,,,,,,,,,,,,,,,,,,,,,,
NetInterestIncome,"-198,000,000","-48,000,000","-49,000,000","-51,000,000","-50,000,000","-51,000,000","-52,000,000","-55,000,000","-52,000,000","-53,000,000","-54,000,000","-55,000,000","-56,000,000","-57,000,000","-58,000,000","-61,000,000","-59,000,000","-59,000,000","-61,000,000","-61,000,000","-60,000,000","-64,000,000","-64,000,000","-63,000,000","-64,000,000","-65,000,000","-66,000,000","-66,000,000","-66,000,000","-55,000,000","-45,000,000","-45,000,000","-42,000,000","-43,000,000","-44,000,000","-46,000,000","-47,000,000","-48,000,000","-48,000,000","-28,000,000","-19,000,000","-19,000,000","-20,000,000","-18,000,000","-19,000,000","-28,000,000","-24,000,000","-25,000,000","-25,000,000","-20,000,000","-19,000,000","-20,000,000","-19,000,000",,,,,,,,,,,,,,,,,,,,,,,,,,,,,,,,,,,,,,,,,,,,,,,,,,,,,,,,,,,,,,,,
EBIT,"1,283,000,000","578,000,000","371,000,000","-56,000,000","390,000,000","77,000,000","244,000,000","54,000,000","369,000,000","63,000,000","368,000,000","371,000,000","321,000,000","128,000,000","517,000,000","493,000,000","410,000,000","226,000,000","472,000,000","428,000,000","407,000,000","182,000,000","360,000,000","395,000,000","393,000,000","186,000,000","423,000,000","473,000,000","326,000,000","31,000,000","348,000,000","447,000,000","367,000,000","563,000,000","480,000,000","429,000,000","393,000,000","-33,000,000","268,000,000","297,000,000","265,000,000","163,000,000","259,000,000","326,000,000","292,000,000","27,000,000","283,000,000","251,000,000","176,000,000","-32,000,000","189,000,000","128,000,000","21,000,000","-17,000,000","174,000,000","172,000,000","185,000,000","151,000,000","40,000,000","168,000,000","156,000,000","85,000,000","171,000,000","193,000,000","184,000,000","91,000,000","202,000,000","213,000,000","253,000,000","64,000,000","115,000,000","120,000,000","82,000,000","48,000,000","22,000,000","91,000,000","61,000,000","-6,000,000","61,000,000","81,000,000","77,000,000","-11,000,000","88,000,000","388,000,000","96,000,000","103,000,000","163,000,000","173,000,000","132,000,000","-15,000,000","75,000,000","96,000,000","71,000,000","-4,000,000","141,000,000","164,000,000","133,000,000","67,000,000","148,000,000","157,000,000","134,000,000","113,000,000","169,000,000","190,000,000","191,000,000","211,000,000","260,000,000","265,000,000","228,000,000","186,000,000","179,000,000","154,000,000","117,000,000","-2,476,400,000","975,800,000","975,800,000","975,800,000"
EBITDA,"1,821,000,000"
ReconciledCostOfRevenue,"7,976,000,000","2,135,000,000","2,058,000,000","1,972,000,000","1,811,000,000","1,660,000,000","1,621,000,000","1,553,000,000","1,664,000,000","1,708,000,000","1,751,000,000","1,774,000,000","1,806,000,000","1,910,000,000","1,819,000,000","1,917,000,000","2,026,000,000","1,875,000,000","1,774,000,000","1,768,000,000","1,678,000,000","1,698,000,000","1,666,000,000","1,692,000,000","1,602,000,000","1,716,000,000","1,752,000,000","1,813,000,000","1,787,000,000","2,016,000,000","1,777,000,000","1,803,000,000","1,710,000,000","1,471,000,000","1,649,000,000","1,763,000,000","1,691,000,000","1,844,000,000","1,734,000,000","1,372,000,000","1,390,000,000","1,399,000,000","1,392,000,000","1,422,000,000","1,325,000,000","521,000,000","1,284,000,000","1,320,000,000","1,243,000,000","1,042,000,000","1,009,000,000","993,000,000","950,000,000","1,200,000,000","1,497,000,000","1,513,000,000","1,390,000,000","1,058,000,000","1,503,000,000","1,575,000,000","1,502,000,000","1,472,000,000","1,650,000,000","1,579,000,000","1,472,000,000","1,450,000,000","1,464,000,000","1,378,000,000","1,363,000,000","1,442,000,000","1,392,000,000","1,406,000,000","1,362,000,000","1,249,000,000","1,244,000,000","1,240,000,000","1,257,000,000","1,172,000,000","1,172,000,000","1,166,000,000","1,031,000,000","1,102,000,000","1,134,000,000","1,149,000,000","1,112,000,000","1,137,000,000","1,096,000,000","1,026,000,000","967,000,000","1,067,000,000","976,000,000","897,000,000","829,000,000","914,000,000","870,000,000","868,000,000","894,000,000","889,000,000","857,000,000","925,000,000","911,000,000","554,000,000","873,000,000","922,000,000","864,000,000","791,000,000","780,000,000","851,000,000","806,000,000","768,000,000","755,000,000","689,000,000","675,000,000",,,,
ReconciledDepreciation,"538,000,000","122,000,000","127,000,000","140,000,000","149,000,000","145,000,000","149,000,000","141,000,000","139,000,000","149,000,000","151,000,000","156,000,000","155,000,000","153,000,000","151,000,000","148,000,000","152,000,000","147,000,000","148,000,000","147,000,000","145,000,000","144,000,000","145,000,000","144,000,000","147,000,000","142,000,000","142,000,000","142,000,000","145,000,000","122,000,000","111,000,000","110,000,000","107,000,000","107,000,000","108,000,000","108,000,000","110,000,000","108,000,000","112,000,000","71,000,000","69,000,000","69,000,000","69,000,000","67,000,000","68,000,000","68,000,000","73,000,000","70,000,000","69,000,000","71,000,000","69,000,000","67,000,000","67,000,000","68,000,000","67,000,000","67,000,000","65,000,000","80,000,000","78,000,000","85,000,000","84,000,000","82,000,000","76,000,000","76,000,000","74,000,000","75,000,000","76,000,000","77,000,000","76,000,000","79,000,000","78,000,000","81,000,000","84,000,000","87,000,000","87,000,000","97,000,000","96,000,000","100,000,000","98,000,000","100,000,000","99,000,000","112,000,000","109,000,000","110,000,000","104,000,000","111,000,000","108,000,000","103,000,000","96,000,000","101,000,000","105,000,000","90,000,000","87,000,000","93,000,000","90,000,000","86,000,000","82,000,000","85,000,000","83,000,000","80,000,000","79,000,000","82,000,000","80,000,000","76,000,000","76,000,000","78,000,000","78,000,000","76,000,000","76,000,000","82,000,000","83,000,000","83,000,000","81,000,000",,,,
NetIncomeFromContinuingOperationNetMinorityInterest,"857,000,000","378,000,000","351,000,000","-146,000,000","274,000,000","32,000,000","161,000,000","27,000,000","258,000,000","26,000,000","266,000,000","258,000,000","209,000,000","34,000,000","412,000,000","344,000,000","290,000,000","491,000,000","323,000,000","292,000,000","278,000,000","116,000,000","232,000,000","255,000,000","251,000,000","124,000,000","256,000,000","297,000,000","171,000,000","16,000,000","210,000,000","290,000,000","233,000,000","346,000,000","308,000,000","264,000,000","247,000,000","-54,000,000","154,000,000","177,000,000","159,000,000","100,000,000","165,000,000","210,000,000","182,000,000","6,000,000","170,000,000","148,000,000","101,000,000","-32,000,000","101,000,000","65,000,000","2,000,000","-2,000,000","100,000,000","115,000,000","115,000,000","119,000,000","20,000,000","105,000,000","77,000,000","95,000,000","95,000,000","114,000,000","105,000,000","66,000,000","123,000,000","206,000,000","162,000,000","54,000,000","38,000,000","84,000,000","-6,000,000","10,000,000","-336,000,000","35,000,000","18,000,000","-13,000,000","24,000,000","44,000,000","24,000,000","-92,000,000","23,000,000","-147,000,000","37,000,000","52,000,000","97,000,000","86,000,000","68,000,000","-52,000,000","33,000,000","43,000,000","25,000,000","-2,000,000","80,000,000","97,000,000","74,000,000","28,000,000","96,000,000","90,000,000","72,000,000","60,000,000","96,000,000","112,000,000","112,000,000","121,000,000","148,000,000","158,000,000","132,000,000","104,000,000","93,000,000","83,000,000","56,000,000","66,600,000","66,800,000","66,800,000","66,800,000"
TotalUnusualItemsExcludingGoodwill,"-594,000,000","-15,000,000","-66,000,000","-508,000,000","-7,000,000","-24,000,000","-66,000,000","-141,000,000","-19,000,000","-77,000,000","-6,000,000","-20,000,000","-32,000,000","-45,000,000","-6,000,000","-1,000,000","40,000,000","-19,000,000","2,000,000","-3,000,000","1,000,000","-101,000,000","-35,000,000","5,000,000","-9,000,000","-50,000,000","-35,000,000","-3,000,000","-101,000,000","-6,000,000","-68,000,000","7,000,000","-13,000,000","-52,000,000","-6,000,000","-17,000,000","-8,000,000","-83,000,000","-34,000,000","-21,000,000","-1,000,000","13,000,000","2,000,000","6,000,000","-6,000,000","-142,000,000","3,000,000","-11,000,000","-6,000,000","-179,000,000","-2,000,000","8,000,000","-30,000,000","-21,000,000","-9,000,000","-4,000,000","-16,000,000","44,000,000","-111,000,000","1,000,000","-18,000,000","4,000,000","-14,000,000","-1,000,000","-6,000,000","-16,000,000","-2,000,000","-56,000,000","-4,000,000","-11,000,000","-38,000,000","-80,000,000","-66,000,000","9,000,000","-497,000,000","-11,000,000","19,000,000","-1,000,000","-2,000,000","10,000,000","-14,000,000","-135,000,000","-24,000,000","-304,000,000","-6,000,000","4,000,000","20,000,000","-11,000,000","3,000,000","-78,000,000","9,000,000","-4,000,000","-8,000,000","4,000,000","10,000,000","6,000,000","2,000,000","-66,000,000","26,000,000","6,000,000","-1,000,000","-1,000,000","3,000,000","7,000,000","2,000,000","2,000,000","-2,000,000","10,000,000","4,000,000","4,000,000","-6,000,000","3,000,000",,,,,
TotalUnusualItems,"-594,000,000","-15,000,000","-66,000,000","-508,000,000","-7,000,000","-24,000,000","-66,000,000","-141,000,000","-19,000,000","-77,000,000","-6,000,000","-20,000,000","-32,000,000","-45,000,000","-6,000,000","-1,000,000","40,000,000","-19,000,000","2,000,000","-3,000,000","1,000,000","-101,000,000","-35,000,000","5,000,000","-9,000,000","-50,000,000","-35,000,000","-3,000,000","-101,000,000","-6,000,000","-68,000,000","7,000,000","-13,000,000","-52,000,000","-6,000,000","-17,000,000","-8,000,000","-83,000,000","-34,000,000","-21,000,000","-1,000,000","13,000,000","2,000,000","6,000,000","-6,000,000","-142,000,000","3,000,000","-11,000,000","-6,000,000","-179,000,000","-2,000,000","8,000,000","-30,000,000","-21,000,000","-9,000,000","-4,000,000","-16,000,000","44,000,000","-111,000,000","1,000,000","-18,000,000","4,000,000","-14,000,000","-1,000,000","-6,000,000","-16,000,000","-2,000,000","-56,000,000","-4,000,000","-11,000,000","-38,000,000","-80,000,000","-66,000,000","9,000,000","-497,000,000","-11,000,000","19,000,000","-1,000,000","-2,000,000","10,000,000","-14,000,000","-135,000,000","-24,000,000","-304,000,000","-6,000,000","4,000,000","20,000,000","-11,000,000","3,000,000","-78,000,000","9,000,000","-4,000,000","-8,000,000","4,000,000","10,000,000","6,000,000","2,000,000","-66,000,000","26,000,000","6,000,000","-1,000,000","-1,000,000","3,000,000","7,000,000","2,000,000","2,000,000","-2,000,000","10,000,000","4,000,000","4,000,000","-6,000,000","3,000,000",,,,,
NormalizedEBITDA,"2,415,000,000","715,000,000","564,000,000","592,000,000","546,000,000","246,000,000","459,000,000","336,000,000","527,000,000","289,000,000","525,000,000","547,000,000","508,000,000","326,000,000","674,000,000","642,000,000","522,000,000","392,000,000","618,000,000","578,000,000","551,000,000","427,000,000","540,000,000","534,000,000","549,000,000","378,000,000","600,000,000","618,000,000","572,000,000","159,000,000","527,000,000","550,000,000","487,000,000","722,000,000","594,000,000","554,000,000","511,000,000","158,000,000","414,000,000","389,000,000","335,000,000","219,000,000","326,000,000","387,000,000","366,000,000","237,000,000","353,000,000","332,000,000","251,000,000","218,000,000","260,000,000","187,000,000","118,000,000","72,000,000","250,000,000","243,000,000","266,000,000","187,000,000","229,000,000","252,000,000","258,000,000","163,000,000","261,000,000","270,000,000","264,000,000","182,000,000","280,000,000","346,000,000","333,000,000","154,000,000","231,000,000","281,000,000","232,000,000","126,000,000","606,000,000","199,000,000","138,000,000","95,000,000","161,000,000","171,000,000","190,000,000","236,000,000","221,000,000","802,000,000","206,000,000","210,000,000","251,000,000","287,000,000","225,000,000","164,000,000","171,000,000","190,000,000","166,000,000","85,000,000","221,000,000","244,000,000","213,000,000","218,000,000","205,000,000","231,000,000","214,000,000","196,000,000","246,000,000","259,000,000","265,000,000","287,000,000","340,000,000","331,000,000","300,000,000","264,000,000","268,000,000","234,000,000","198,000,000","-2,476,400,000","975,800,000","975,800,000","975,800,000"
TaxRateForCalcs,"0.2","0.282","0.27","0.27","0.18","0.27","0.13","0.27","0.18","0.27","0.15","0.18","0.21","0.27","0.1","0.2","0.17","0.4","0.2","0.18","0.18","0.4","0.2","0.21","0.22","0.4","0.27","0.26","0.33","0.35","0.29","0.27","0.27","0.326","0.29","0.3","0.28","0.35","0.29","0.34","0.35","0.329","0.307","0.314","0.328","0.35","0.341","0.339","0.331","0.385","0.35","0.387","0","0.35","0.324","0.248","0.248","0.265","0.375","0.327","0.358","0.087","0.301","0.333","0.364","0.224","0.305","0.322","0.253","0.4","0.208","0.4","0.4","0.167","0.287","0.286","0.379","0.4","0.143","0.267","0.273","0.352","0.303","0.395","0.327","0.325","0.331","0.328","0.333","0.325","0.327","0.328","0.324","0.4","0.35","0.349","0.351","0.349","0.351","0.362","0.368","0.375","0.385","0.367","0.371","0.37","0.381","0.38","0.38","0.388","0.388","0.39","0.391","0.4","0.4","0.4","0.4"
TaxEffectOfUnusualItems,"-118,800,000","-4,224,952.741","-17,820,000","-137,160,000","-1,260,000","-6,480,000","-8,580,000","-38,070,000","-3,420,000","-20,790,000","-900,000","-3,600,000","-6,720,000","-12,150,000","-600,000","-200,000","6,800,000","-7,600,000","400,000","-540,000","180,000","-40,400,000","-7,000,000","1,050,000","-1,980,000","-20,000,000","-9,450,000","-780,000","-33,330,000","-2,100,000","-19,720,000","1,890,000","-3,510,000","-16,965,250.965","-1,740,000","-5,100,000","-2,240,000","-29,050,000","-9,860,000","-7,140,000","-350,000","4,275,167.785","613,445.378","1,882,352.941","-1,970,479.705","-49,700,000","1,023,255.814","-3,732,142.857","-1,986,754.967","-68,846,153.846","-700,000","3,094,339.623","0","-7,350,000","-2,918,918.919","-993,464.052","-3,973,856.209","11,679,012.346","-41,625,000","326,923.077","-6,450,000","346,153.846","-4,220,588.235","-333,333.333","-2,181,818.182","-3,576,470.588","-610,169.492","-18,052,631.579","-1,013,824.885","-4,400,000","-7,916,666.667","-32,000,000","-26,400,000","1,500,000","-142,452,229.299","-3,142,857.143","7,206,896.552","-400,000","-285,714.286","2,666,666.667","-3,818,181.818","-47,535,211.268","-7,272,727.273","-120,098,765.432","-1,963,636.364","1,298,701.299","6,620,689.655","-3,609,375","1,000,000","-25,324,675.325","2,938,775.51","-1,312,500","-2,594,594.595","1,600,000","3,495,934.959","2,093,959.732","701,754.386","-23,023,255.814","9,135,135.135","2,170,212.766","-368,421.053","-375,000","1,153,846.154","2,570,621.469","741,573.034","739,583.333","-761,506.276","3,803,921.569","1,521,126.761","1,552,941.176","-2,328,947.368","1,169,117.647","0","0","0","0","0"