name,ttm,12/31/2021,09/30/2021,06/30/2021,03/31/2021,12/31/2020,09/30/2020,06/30/2020,03/31/2020,12/31/2019,09/30/2019,06/30/2019,03/31/2019,12/31/2018,09/30/2018,06/30/2018,03/31/2018,12/31/2017,09/30/2017,06/30/2017,03/31/2017,12/31/2016,09/30/2016,06/30/2016,03/31/2016,12/31/2015,09/30/2015,06/30/2015,03/31/2015,12/31/2014,09/30/2014,06/30/2014,03/31/2014,12/31/2013,09/30/2013,06/30/2013,03/31/2013,12/31/2012,09/30/2012,06/30/2012,03/31/2012,12/31/2011,09/30/2011,06/30/2011,03/31/2011,12/31/2010,09/30/2010,06/30/2010,03/31/2010,12/31/2009,09/30/2009,06/30/2009,03/31/2009,12/31/2008,09/30/2008,06/30/2008,03/31/2008,12/31/2007,09/30/2007,06/30/2007,03/31/2007,12/31/2006,09/30/2006,06/30/2006,03/31/2006,12/31/2005,09/30/2005,06/30/2005,03/31/2005,12/31/2004,09/30/2004,06/30/2004,03/31/2004,12/31/2003,09/30/2003,06/30/2003,03/31/2003,12/31/2002,09/30/2002,06/30/2002,03/31/2002,12/31/2001,09/30/2001,06/30/2001,03/31/2001,12/31/2000,09/30/2000,06/30/2000,03/31/2000,12/31/1999,09/30/1999,06/30/1999,03/31/1999,12/31/1998,09/30/1998,06/30/1998,03/31/1998,12/31/1997,09/30/1997,06/30/1997,03/31/1997,12/31/1996,09/30/1996,06/30/1996,03/31/1996,12/31/1995,09/30/1995,06/30/1995,03/31/1995,12/31/1994,09/30/1994,06/30/1994,03/31/1994,12/31/1993,09/30/1993,06/30/1993,03/31/1993,12/31/1992,09/30/1992,06/30/1992,03/31/1992,12/31/1991,09/30/1991,06/30/1991,03/31/1991,12/31/1990,09/30/1990,06/30/1990,03/31/1990,12/31/1989,09/30/1989,06/30/1989,03/31/1989
TotalRevenue,"19,669,000,000","5,908,000,000","5,231,000,000","4,492,000,000","4,038,000,000","2,883,641,000","2,302,138,000","1,213,018,000","3,474,443,000","4,227,742,000","4,187,800,000","4,486,518,000","4,039,667,000","4,369,681,000","4,681,687,000","4,401,163,000","3,724,311,000","3,433,950,000","2,636,218,000","2,595,166,000","2,540,644,000","2,334,039,000","1,987,905,000","1,812,572,000","1,328,486,000","1,786,664,000","2,130,363,000","2,509,080,000","2,230,286,000","3,449,488,000","4,570,470,000","4,403,834,000","4,215,441,000","3,685,972,000","3,814,754,000","3,613,471,000","3,285,198,000","2,711,573,000","2,950,184,000","2,720,870,000","2,806,651,000","2,773,015,000","2,885,744,000","2,570,250,000","1,897,106,000","1,789,160,000","1,582,075,000","1,357,968,000","1,370,693,000","1,760,862,000","1,006,849,000","861,039,000","1,158,209,000","1,033,514,000","3,219,506,000","1,865,350,000","1,570,817,000","1,176,273,000","942,565,000","1,009,152,000","910,506,000","932,543,000","968,248,000","919,088,000","1,084,536,000","1,200,465,000","934,445,000","783,924,000","688,156,000","690,051,000","571,510,000","519,021,000","464,320,000","438,953,000","432,728,000","424,754,000","464,378,000","338,161,000","279,869,000","290,503,000","186,503,000","237,414,000","354,172,000","466,048,000","597,253,000","527,597,000","393,714,000","316,142,000","251,813,000","228,500,000","226,800,000","187,200,000","159,000,000","194,800,000","191,300,000","183,300,000","199,800,000","238,000,000","193,100,000","171,800,000","180,700,000","204,300,000","170,200,000","197,100,000","159,000,000","156,400,000","153,000,000","184,000,000","155,400,000","198,100,000","127,400,000","142,500,000","152,200,000","149,300,000","141,100,000","140,500,000","136,800,000","142,100,000","111,900,000","100,500,000","98,600,000","119,800,000","84,000,000","88,000,000","95,900,000","118,000,000","78,500,000","78,600,000","96,300,000","85,100,000","64,400,000","70,000,000","69,900,000"
	OperatingRevenue,"19,669,000,000","5,908,000,000","5,231,000,000","4,492,000,000","4,038,000,000","2,883,641,000","2,302,138,000","1,213,018,000","3,474,443,000","4,227,742,000","4,187,800,000","4,486,518,000","4,039,667,000","4,369,681,000","4,681,687,000","4,401,163,000","3,724,311,000","3,433,950,000","2,636,218,000","2,595,166,000","2,540,644,000","2,334,039,000","1,987,905,000","1,812,572,000","1,328,486,000","1,786,664,000","2,130,363,000","2,509,080,000","2,230,286,000","3,449,488,000","4,570,470,000","4,403,834,000","4,215,441,000","3,685,972,000","3,814,754,000","3,613,471,000","3,285,198,000","2,711,573,000","2,950,184,000","2,720,870,000","2,806,651,000","2,773,015,000","2,885,744,000","2,570,250,000","1,897,106,000","1,789,160,000","1,582,075,000","1,357,968,000","1,370,693,000","1,760,862,000","1,006,849,000","861,039,000","1,158,209,000","1,102,581,000","1,837,773,000","1,865,350,000","1,570,817,000","1,176,273,000","942,565,000","1,009,152,000","910,506,000","900,397,000","862,644,000","828,005,000","977,512,000","1,203,497,000","932,980,000","783,924,000","688,156,000","690,051,000","571,510,000","519,021,000","463,392,000","438,953,000","432,728,000","424,754,000","464,378,000","338,161,000","279,869,000","290,503,000","186,503,000","138,730,000","354,172,000","466,048,000","597,253,000","527,597,000","393,714,000","316,142,000","251,813,000","228,500,000","226,800,000","187,200,000","159,000,000","194,800,000","191,300,000","183,300,000","199,800,000","238,000,000","193,100,000","171,800,000","180,700,000","204,300,000","170,200,000","197,100,000","159,000,000","156,400,000","153,000,000","184,000,000","155,400,000","198,100,000","127,400,000","142,500,000","152,200,000","149,300,000","141,100,000","140,500,000","136,800,000","142,100,000","111,900,000","100,500,000","98,600,000","119,800,000","84,000,000","88,000,000","95,900,000","118,000,000","78,500,000","78,600,000","96,300,000","85,100,000","64,400,000","70,000,000","69,900,000"
CostOfRevenue,"5,345,000,000","1,382,000,000","1,342,000,000","1,312,000,000","1,309,000,000","1,250,632,000","1,165,313,000","1,048,792,000","1,458,201,000","1,421,361,000","1,430,029,000","1,417,228,000","1,327,181,000","1,378,801,000","1,353,811,000","1,272,447,000","1,150,000,000","1,206,981,000","1,130,755,000","1,155,316,000","1,109,957,000","1,136,886,000","1,158,494,000","1,110,110,000","1,198,280,000","1,057,026,000","1,040,890,000","1,233,888,000","1,310,278,000","1,432,496,000","1,449,979,000","1,375,530,000","1,301,249,000","1,230,527,000","1,259,090,000","1,205,316,000","1,119,892,000","2,984,947,000","446,006,000","417,818,000","461,736,000","445,614,000","447,209,000","379,290,000","405,778,000","375,196,000","352,662,000","337,748,000","344,638,000","299,909,000","274,398,000","282,081,000","316,651,000","476,377,000","280,270,000","268,269,000","250,804,000","263,782,000","249,190,000","217,811,000","185,267,000","217,064,000","171,855,000","163,181,000","165,698,000","103,770,000","161,455,000","137,382,000","132,273,000","140,522,000","112,015,000","104,192,000","100,440,000","33,836,000","107,236,000","104,670,000","72,417,000","116,482,000","79,447,000","82,911,000","75,996,000","121,648,000","87,262,000","90,232,000","94,287,000","65,744,000","56,699,000","50,057,000","52,948,000","89,800,000","42,900,000","44,000,000","49,200,000","21,500,000","69,000,000","60,100,000","69,200,000","58,700,000","44,200,000","60,400,000","56,600,000","47,400,000","41,500,000","39,000,000","48,800,000","34,500,000","36,900,000","39,700,000","36,900,000","41,700,000","33,000,000","38,600,000","31,000,000","47,900,000","31,800,000","28,800,000","26,700,000","30,100,000","26,200,000","26,400,000","25,900,000","33,500,000","28,900,000","23,800,000","22,400,000","33,500,000","29,000,000","25,000,000","24,700,000",,,,
GrossProfit,"14,324,000,000","4,526,000,000","3,889,000,000","3,180,000,000","2,729,000,000","1,633,009,000","1,136,825,000","164,226,000","2,016,242,000","2,806,381,000","2,757,771,000","3,069,290,000","2,712,486,000","2,990,880,000","3,327,876,000","3,128,716,000","2,574,311,000","2,226,969,000","1,505,463,000","1,439,850,000","1,430,687,000","1,197,153,000","829,411,000","702,462,000","130,206,000","729,638,000","1,089,473,000","1,275,192,000","920,008,000","2,016,992,000","3,120,491,000","3,028,304,000","2,914,192,000","2,455,445,000","2,555,664,000","2,408,155,000","2,165,306,000","-273,374,000","2,504,178,000","2,303,052,000","2,344,915,000","2,327,401,000","2,438,535,000","2,190,960,000","1,491,328,000","1,413,964,000","1,229,413,000","1,020,220,000","1,026,055,000","1,460,953,000","732,451,000","578,958,000","841,558,000","557,137,000","2,939,236,000","1,597,081,000","1,320,013,000","912,491,000","693,375,000","791,341,000","725,239,000","715,479,000","796,393,000","755,907,000","918,838,000","1,096,695,000","772,990,000","646,542,000","555,883,000","549,529,000","459,495,000","414,829,000","363,880,000","405,117,000","325,492,000","320,084,000","391,961,000","221,679,000","200,422,000","207,592,000","110,507,000","115,766,000","266,910,000","375,816,000","502,966,000","461,853,000","337,015,000","266,085,000","198,865,000","138,700,000","183,900,000","143,200,000","109,800,000","173,300,000","122,300,000","123,200,000","130,600,000","179,300,000","148,900,000","111,400,000","124,100,000","156,900,000","128,700,000","158,100,000","110,200,000","121,900,000","116,100,000","144,300,000","118,500,000","156,400,000","94,400,000","103,900,000","121,200,000","101,400,000","109,300,000","111,700,000","110,100,000","112,000,000","85,700,000","74,100,000","72,700,000","86,300,000","55,100,000","64,200,000","73,500,000","84,500,000","49,500,000","53,600,000","71,600,000",,,,
OperatingExpense,"6,711,000,000","1,899,000,000","1,843,000,000","1,589,000,000","1,380,000,000","1,066,611,000","985,595,000","832,231,000","1,607,955,000","1,772,111,000","1,909,916,000","2,011,698,000","1,739,184,000","1,893,652,000","1,840,435,000","1,919,877,000","1,560,374,000","1,487,363,000","1,222,142,000","1,233,538,000","1,175,016,000","1,042,941,000","958,222,000","857,998,000","711,312,000","892,534,000","1,033,064,000","1,112,990,000","1,101,382,000","1,436,747,000","1,808,258,000","1,619,125,000","1,572,314,000","1,418,112,000","1,414,774,000","1,482,787,000","1,337,961,000","-656,733,000","1,840,227,000","1,744,945,000","1,651,996,000","1,525,202,000","1,405,074,000","1,244,053,000","1,129,549,000","999,571,000","888,200,000","799,357,000","736,558,000","682,934,000","627,744,000","531,894,000","494,675,000","-273,310,000","514,911,000","1,305,103,000","906,719,000","332,017,000","326,503,000","322,919,000","364,162,000","324,404,000","312,499,000","278,393,000","267,637,000","263,888,000","250,834,000","227,622,000","223,616,000","294,295,000","167,065,000","172,382,000","174,796,000","304,112,000","132,180,000","143,216,000","153,876,000","150,982,000","138,722,000","137,952,000","131,213,000","134,213,000","142,963,000","141,577,000","148,942,000","188,093,000","133,357,000","126,850,000","119,284,000","111,400,000","237,200,000","127,600,000","119,300,000","149,800,000","103,100,000","90,700,000","92,400,000","105,200,000","100,100,000","82,800,000","82,900,000","99,900,000","82,400,000","84,500,000","78,200,000","80,500,000","78,100,000","70,800,000","75,700,000","80,200,000","75,700,000","77,800,000","88,200,000","87,300,000","82,500,000","80,100,000","80,600,000","71,400,000","61,300,000","60,300,000","51,800,000","60,900,000","49,000,000","51,100,000","54,400,000","61,100,000","56,100,000","50,100,000","50,100,000",,,,
	SellingGeneralAndAdministration,"4,684,000,000","1,299,000,000","1,326,000,000","1,111,000,000","948,000,000","736,176,000","645,811,000","576,299,000","1,223,266,000","1,362,446,000","1,479,051,000","1,622,695,000","1,376,729,000","1,466,320,000","1,438,258,000","1,524,546,000","1,201,088,000","1,126,571,000","905,253,000","899,106,000","833,774,000","736,430,000","646,884,000","577,751,000","441,385,000","570,862,000","706,262,000","752,493,000","722,959,000","993,874,000","1,310,583,000","1,134,447,000","1,089,166,000","993,006,000","975,415,000","1,046,097,000","982,634,000","967,130,000","848,327,000","769,845,000","781,737,000","729,795,000","654,864,000","536,843,000","455,446,000","366,481,000","313,068,000","255,950,000","229,187,000","228,349,000","194,591,000","132,810,000","57,946,000","58,249,000","70,893,000","61,640,000","52,926,000","66,047,000","48,101,000","47,183,000","43,879,000","47,721,000","42,362,000","38,607,000","36,291,000","37,039,000","30,079,000","30,113,000","28,687,000","34,152,000","29,576,000","26,370,000","24,915,000","28,669,000","26,379,000","24,934,000","20,421,000","24,669,000","21,582,000","21,988,000","20,713,000","22,354,000","20,925,000","18,735,000","17,949,000","53,282,000","17,053,000","16,027,000","16,287,000","8,000,000","24,900,000","26,400,000","23,600,000","21,400,000","15,800,000","15,200,000","16,600,000","13,700,000","14,900,000","12,100,000","13,600,000","14,900,000","13,000,000","14,300,000","14,200,000","15,400,000","14,000,000","14,400,000","12,800,000","13,300,000","13,800,000","10,900,000","13,400,000","11,300,000","12,200,000","10,900,000","11,000,000","10,400,000","8,800,000","11,300,000","6,100,000","4,900,000","11,700,000","9,300,000","10,300,000","8,500,000","12,700,000","8,400,000","8,900,000",,,,
		GeneralAndAdministrativeExpense,"511,000,000","139,000,000","142,000,000","120,000,000","110,000,000","113,235,000","124,460,000","131,855,000","114,273,000","125,187,000","135,758,000","121,780,000","106,672,000","116,904,000","111,284,000","104,083,000","94,698,000","117,005,000","111,717,000","108,507,000","97,238,000","102,182,000","94,397,000","97,705,000","100,531,000","109,014,000","90,959,000","82,324,000","84,297,000","131,285,000","96,931,000","90,932,000","82,862,000","91,066,000","98,654,000","80,607,000","77,985,000","86,679,000","92,870,000","75,727,000","76,269,000","85,108,000","82,260,000","67,406,000","70,037,000","74,004,000","81,310,000","64,737,000","60,423,000","68,793,000","62,775,000","58,760,000",,,,,,,,,,,,,,,,,,,,,,,,,,,,,,,,,,,,,,,,,,,,,,,,,,,,,,,,,,,,,,,,,,,,,,,,,,,,,,,,,
			RentAndLandingFees,,,,,,,,,,,,,,,,,,,"251,943,000",,,,,,,,,,,,,,,"288,921,000",,,,,,,,,,,,,,,,,,,,,,,,,,,,,,,,,,,,,,,,,,,,,,,,,,,,,,,,,,,,,,,,,,,,,,,,,,,,,,,,,,,,,,,,,,,,,,,,,,,
			OtherGandA,"511,000,000","139,000,000","142,000,000","120,000,000","110,000,000","113,235,000","124,460,000","131,855,000","114,273,000","125,187,000","135,758,000","121,780,000","106,672,000","116,904,000","111,284,000","104,083,000","94,698,000","117,005,000","111,717,000","108,507,000","97,238,000","102,182,000","94,397,000","97,705,000","100,531,000","109,014,000","90,959,000","82,324,000","84,297,000","131,285,000","96,931,000","90,932,000","82,862,000","91,066,000","98,654,000","80,607,000","77,985,000","86,679,000","92,870,000","75,727,000","76,269,000","85,108,000","82,260,000","67,406,000","70,037,000","74,004,000","81,310,000","64,737,000","60,423,000","68,793,000","62,775,000","58,760,000",,,,,,,,,,,,,,,,,,,,,,,,,,,,,,,,,,,,,,,,,,,,,,,,,,,,,,,,,,,,,,,,,,,,,,,,,,,,,,,,,
		SellingAndMarketingExpense,"4,173,000,000","1,160,000,000","1,184,000,000","991,000,000","838,000,000","622,941,000","521,351,000","444,444,000","1,108,993,000","1,237,259,000","1,343,293,000","1,500,915,000","1,270,057,000","1,349,416,000","1,326,974,000","1,420,463,000","1,106,390,000","1,009,566,000","793,536,000","790,599,000","736,536,000","634,248,000","552,487,000","480,046,000","340,854,000","461,848,000","615,303,000","670,169,000","638,662,000","862,589,000","1,213,652,000","1,043,515,000","1,006,304,000","901,940,000","876,761,000","965,490,000","904,649,000","880,451,000","755,457,000","694,118,000","705,468,000","644,687,000","572,604,000","469,437,000","385,409,000","292,477,000","231,758,000","191,213,000","168,764,000","159,556,000","131,816,000","74,050,000",,,,,,,,,,,,,,,,,,,,,,,,,,,,,,,,,,,,,,,,,,,,,,,,,,,,,,,,,,,,,,,,,,,,,,,,,,,,,,,,,
	DepreciationAmortizationDepletionIncomeStatement,,,,,,,,,,,,,,,,,,,"846,222,000",,,,,,,,,,,,,,,"915,257,000",,,,,"825,851,000","808,765,000","748,743,000","693,527,000","651,684,000","602,944,000","568,226,000","543,789,000","500,888,000","465,343,000","431,906,000","398,937,000","385,330,000","375,592,000","389,329,000","368,135,000","346,247,000","315,294,000","297,199,000","282,234,000","279,189,000","259,780,000","244,342,000","230,438,000","216,071,000","192,928,000","177,652,000","176,974,000","164,372,000","159,896,000","153,016,000","144,125,000","130,257,000","116,224,000","113,797,000","121,265,000","110,438,000","106,587,000","103,553,000","105,412,000","100,208,000","97,956,000","94,460,000","97,617,000","103,351,000","97,470,000","93,961,000","103,239,000","92,056,000","90,149,000","84,582,000","91,000,000","198,100,000","88,800,000","82,000,000","118,100,000","73,500,000","62,200,000","61,300,000","74,200,000","72,200,000","58,300,000","52,000,000","69,600,000","59,400,000","59,000,000","52,500,000","58,100,000","56,200,000","48,600,000","53,100,000","60,600,000","54,600,000","62,200,000","64,800,000","67,100,000","64,200,000","58,700,000","59,800,000","52,700,000","45,400,000","42,000,000","39,800,000","51,200,000","33,100,000","38,600,000","38,100,000","46,400,000","37,900,000","37,100,000","34,500,000",,,,
		DepreciationAndAmortizationInIncomeStatement,,,,,,,,,,,,,,,,,,,,,,,,,,,,,,,,,,,,,,,,,,,,,,,,,,,,,,"368,135,000","346,247,000","315,294,000","297,199,000","282,234,000","279,189,000","259,780,000","244,342,000","230,438,000","216,071,000","192,928,000","177,652,000","176,974,000","164,372,000","159,896,000","153,016,000","144,125,000","130,257,000","116,224,000","113,797,000","121,265,000","110,438,000","106,587,000","103,553,000","105,412,000","100,208,000","97,956,000","94,460,000","97,617,000","103,351,000","97,470,000","93,961,000","103,239,000","92,056,000","90,149,000","84,582,000","91,000,000","198,100,000","88,800,000","82,000,000","118,100,000","73,500,000","62,200,000","61,300,000","74,200,000","72,200,000","58,300,000","52,000,000","69,600,000","59,400,000","59,000,000","52,500,000","58,100,000","56,200,000","48,600,000","53,100,000","60,600,000","54,600,000","62,200,000","64,800,000","67,100,000","64,200,000","58,700,000","59,800,000","52,700,000","45,400,000","42,000,000","39,800,000","51,200,000","33,100,000","38,600,000","38,100,000","46,400,000","37,900,000","37,100,000","34,500,000",,,,
	OtherTaxes,"1,047,000,000","316,000,000","277,000,000","239,000,000","215,000,000","113,445,000","126,810,000","80,319,000","157,360,000","199,746,000","203,098,000","204,414,000","192,906,000","190,086,000","209,043,000","194,268,000","179,084,000","158,343,000","125,912,000","130,114,000","130,293,000","103,642,000","91,909,000","93,480,000","60,679,000","87,500,000","105,677,000","122,138,000","106,429,000","151,153,000","204,969,000","205,469,000","195,973,000","165,378,000","172,438,000","151,197,000","134,931,000","135,597,000","120,096,000","118,186,000","121,516,000","101,880,000","98,526,000","104,266,000","105,877,000","89,301,000","74,244,000","78,064,000","75,465,000","55,648,000","47,823,000","23,492,000","47,400,000","40,930,000","97,771,000","95,345,000","86,750,000","58,267,000","47,111,000","62,047,000","40,648,000","46,245,000","54,066,000","46,858,000","53,694,000","63,098,000","56,383,000","37,613,000","41,913,000","38,091,000","29,952,000","29,788,000","36,084,000","22,620,000","21,359,000","11,695,000","30,193,000","20,901,000","16,932,000","18,008,000","16,040,000","14,242,000","18,687,000","25,372,000","37,032,000","31,572,000","24,248,000","20,674,000","18,415,000","12,400,000","14,200,000","12,400,000","13,700,000","10,300,000","13,800,000","13,300,000","14,500,000","17,300,000","13,000,000","12,400,000","17,300,000","15,400,000","10,000,000","11,200,000","11,500,000","7,000,000","7,900,000","7,800,000","9,800,000","6,300,000","7,300,000","4,700,000","10,000,000","8,900,000","6,100,000","10,500,000","9,800,000","8,300,000","7,100,000","7,000,000","5,900,000","4,800,000","4,200,000","3,200,000","6,000,000","6,200,000","5,500,000","4,600,000","6,700,000",,,,
	OtherOperatingExpenses,"980,000,000","284,000,000","240,000,000","239,000,000","217,000,000","216,990,000","212,974,000","175,613,000","227,329,000","209,919,000","227,767,000","184,589,000","169,549,000","237,246,000","193,134,000","201,063,000","180,202,000","202,449,000","190,977,000","204,318,000","210,949,000","202,869,000","219,429,000","186,767,000","209,248,000","234,172,000","221,125,000","238,359,000","271,994,000","291,720,000","292,706,000","279,209,000","287,175,000","259,728,000","266,921,000","285,493,000","220,396,000","623,899,000","45,953,000","48,149,000",,,,,,,,,,,,,,,,"832,824,000","469,844,000","-74,531,000","-47,898,000","-46,091,000","35,293,000",,,,,,,,,"77,927,000","-22,720,000",,,"131,558,000","-25,996,000",,"-291,000",,,,,,,,,,,,,,,,,,,,,,,,,,,,,,,,,,,,,,,,,,,,,,,,,,,,,,,,
OperatingIncome,"7,613,000,000","2,627,000,000","2,046,000,000","1,591,000,000","1,349,000,000","566,398,000","151,230,000","-668,005,000","408,287,000","1,034,270,000","847,855,000","1,057,592,000","973,302,000","1,097,228,000","1,487,441,000","1,208,839,000","1,013,937,000","739,606,000","283,321,000","206,312,000","255,671,000","154,212,000","-128,811,000","-155,536,000","-581,106,000","-162,896,000","56,409,000","162,202,000","-181,374,000","580,245,000","1,312,233,000","1,409,179,000","1,341,878,000","1,037,333,000","1,140,890,000","925,368,000","827,345,000","383,359,000","663,951,000","558,107,000","692,919,000","802,199,000","1,033,461,000","946,907,000","361,779,000","414,393,000","341,213,000","220,863,000","289,497,000","778,019,000","104,707,000","47,064,000","346,883,000","830,447,000","2,424,325,000","291,978,000","413,294,000","580,474,000","366,872,000","468,422,000","361,077,000","391,075,000","483,894,000","477,514,000","651,201,000","832,807,000","522,156,000","418,920,000","332,267,000","255,234,000","292,430,000","242,447,000","189,084,000","101,005,000","193,312,000","176,868,000","238,085,000","70,697,000","61,700,000","69,640,000","-20,706,000","-18,447,000","123,947,000","234,239,000","354,024,000","273,760,000","203,658,000","139,235,000","79,581,000","27,300,000","-53,300,000","15,600,000","-9,500,000","23,500,000","19,200,000","32,500,000","38,200,000","74,100,000","48,800,000","28,600,000","41,200,000","57,000,000","46,300,000","73,600,000","32,000,000","41,400,000","38,000,000","73,500,000","42,800,000","76,200,000","18,700,000","26,100,000","33,000,000","14,100,000","26,800,000","31,600,000","29,500,000","40,600,000","24,400,000","13,800,000","20,900,000","25,400,000","6,100,000","13,100,000","19,100,000","23,400,000","-6,600,000","3,500,000","21,500,000","-198,100,000","64,400,000","70,000,000","69,900,000"
NetNonOperatingInterestIncomeExpense,"-178,000,000","-38,000,000","-48,000,000","-45,000,000","-47,000,000","-53,121,000","-53,242,000","-54,213,000","-44,690,000","-40,695,000","-39,620,000","-49,908,000","-54,906,000","-56,020,000","-63,632,000","-63,444,000","-61,956,000","-63,362,000","-69,082,000","-70,413,000","-71,515,000","-71,325,000","-70,858,000","-71,108,000","-68,390,000","-62,993,000","-60,571,000","-60,484,000","-53,345,000","-49,735,000","-49,704,000","-51,867,000","-50,152,000","-52,510,000","-59,382,000","-61,647,000","-61,921,000","-59,354,000","-53,154,000","-50,775,000","-50,269,000","-56,591,000","-52,186,000","-51,253,000","-50,333,000","-41,371,000","-32,890,000","-29,897,000","-25,428,000","-27,307,000","-30,407,000","-24,811,000","-18,376,000",,,,,,,,,,,,,,,,,,,,,,,,,,,,,,,,,,,,,,,,,,,,,,,,,,,,,,,,,,,,,,,,,,,,,,,,,,,,,,,,
	InterestExpenseNonOperating,"178,000,000","38,000,000","48,000,000","45,000,000","47,000,000","53,121,000","53,242,000","54,213,000","44,690,000","40,695,000","39,620,000","49,908,000","54,906,000","56,020,000","63,632,000","63,444,000","61,956,000","63,362,000","69,082,000","70,413,000","71,515,000","71,325,000","70,858,000","71,108,000","68,390,000","62,993,000","60,571,000","60,484,000","53,345,000","49,735,000","49,704,000","51,867,000","50,152,000","52,510,000","59,382,000","61,647,000","61,921,000","59,354,000",,,"50,269,000","56,591,000","52,186,000","51,253,000","50,333,000","41,371,000","32,890,000","29,897,000","25,428,000","27,307,000","30,407,000","24,811,000","18,376,000",,,,,,,,,,,,,,,,,,,,,,,,,,,,,,,,,,,,,,,,,,,,,,,,,,,,,,,,,,,,,,,,,,,,,,,,,,,,,,,,
	TotalOtherFinanceCost,,,,,,,,,,"40,695,000","39,620,000","49,908,000","54,906,000","56,020,000","63,632,000","63,444,000","61,956,000","63,362,000","69,082,000","70,413,000","71,515,000","71,325,000","70,858,000","71,108,000","68,390,000","62,993,000","60,571,000","60,484,000","53,345,000","49,735,000","49,704,000","51,867,000","50,152,000",,"59,382,000","61,647,000","61,921,000","59,354,000","53,154,000","50,775,000",,,,,,,"32,890,000","29,897,000",,,,,,,,,,,,,,,,,,,,,,,,,,,,,,,,,,,,,,,,,,,,,,,,,,,,,,,,,,,,,,,,,,,,,,,,,,,,,,,,,,,,,
OtherIncomeExpense,"-1,502,000,000","-90,000,000","-569,000,000","-422,000,000","-421,000,000","-85,517,000","-150,543,000","-423,044,000","-332,594,000","-162,367,000","-10,778,000","81,682,000","-91,160,000","47,132,000","22,554,000","-252,459,000","-138,622,000","-262,891,000","-68,259,000","-73,432,000","-144,774,000","-276,897,000","-72,581,000","-153,633,000","-61,472,000","-172,937,000","-6,270,759,000","-113,196,000","-1,612,000","618,083,000","452,591,000","-256,499,000","-260,937,000","-65,741,000","-359,953,000","171,509,000","-4,405,000","-769,827,000","-50,608,000","138,907,000","-122,516,000","-503,976,000","-82,054,000","-352,430,000","-85,724,000","-233,449,000","-347,136,000","-80,907,000","-66,912,000","-124,477,000","-69,743,000","-45,809,000","-63,732,000","515,277,000","1,331,313,000","-917,265,000","-533,409,000","-39,769,000","-29,819,000","33,552,000","-77,453,000","-39,589,000","75,702,000","67,567,000","76,034,000","-132,343,000","11,624,000","-41,588,000","-18,879,000","31,947,000","-9,187,000","-29,997,000","-37,097,000","-121,041,000","27,920,000","2,680,000","-23,469,000","1,065,000","-64,000","97,000","-3,103,000","60,382,000","1,272,000","1,250,000","-639,000","-3,115,000","35,000","763,000","646,000","-1,500,000","554,500,000","31,400,000","26,900,000","-2,200,000","-1,600,000","-100,000","-1,000,000","-4,000,000","200,000","1,000,000","1,300,000","-3,000,000","-1,400,000",,"-500,000","1,800,000","-1,000,000","500,000","-600,000","-46,100,000","33,800,000","12,300,000","8,300,000","4,900,000","12,700,000","600,000","1,800,000","-1,600,000","-200,000","5,000,000","-600,000","900,000","11,700,000","-2,000,000","700,000","-1,100,000","19,300,000","11,600,000","-300,000",,,,
	GainOnSaleOfSecurity,"-1,152,000,000","136,000,000","-494,000,000","-427,000,000","-367,000,000","69,304,000","-3,978,000","-126,362,000","1,205,773,000","-62,347,000","85,902,000","177,300,000","-20,580,000","132,095,000","-52,081,000","-185,883,000","-59,771,000","-45,032,000","-6,606,000","9,446,000","62,020,000","-65,787,000","5,117,000","-44,373,000","5,435,000","4,970,000","29,239,000","-48,493,000","76,208,000","750,154,000","469,125,000","-229,270,000","-155,736,000","40,504,000","-293,387,000","191,490,000","-104,956,000","66,416,000","4,671,000","188,449,000",,,,,,,,,,,,,,,,,,,,,,,,,,,,,,,,,,,,,,,,,,,,,,,,,,,,,,,,,,,,,,,,,,,,,,,,,,,,,,,,,,,,,,,,,,,,,
	SpecialIncomeCharges,"-359,000,000","-235,000,000","-81,000,000","7,000,000","-50,000,000","-148,040,000","-149,966,000","-292,182,000","-1,556,475,000","-108,172,000","-105,798,000","-104,121,000","-76,192,000","-106,183,000","71,327,000","-58,025,000","-79,578,000","-218,662,000","-61,879,000","-87,850,000","-209,945,000","-193,912,000","-69,786,000","-88,264,000","-62,470,000","-171,827,000","-6,308,605,000","-74,083,000","-67,829,000","-103,747,000","4,804,000","-35,179,000","-101,863,000","-97,513,000","-77,734,000","-24,814,000","110,685,000","-850,738,000","-55,279,000","-49,542,000","-122,516,000","-503,976,000","-82,054,000","-352,430,000","-85,724,000","-233,449,000","-347,136,000","-80,907,000","-66,912,000","-124,477,000","-69,743,000","-45,809,000","-63,732,000","515,277,000","1,331,313,000","-917,265,000","-533,409,000","-39,769,000","-29,819,000","33,552,000","-77,453,000","-39,589,000","75,702,000","67,567,000","76,034,000","-132,343,000","11,624,000","-41,588,000","-18,879,000","31,947,000","-9,187,000","-29,997,000","-37,097,000","-121,041,000","27,920,000","2,680,000","-23,469,000","1,065,000","-64,000","97,000","-3,103,000","60,382,000","1,272,000","1,250,000","-639,000","-3,115,000","35,000","763,000","646,000","-1,500,000","554,500,000","31,400,000","26,900,000","-2,200,000","-1,600,000","-100,000","-1,000,000","-4,000,000","200,000","1,000,000","1,300,000","-3,000,000","-1,400,000",,"-500,000","1,800,000","-1,000,000","500,000","-600,000","-46,100,000","33,800,000","12,300,000","8,300,000","4,900,000","12,700,000","600,000","1,800,000","-1,600,000","-200,000","5,000,000","-600,000","900,000","11,700,000","-2,000,000","700,000","-1,100,000","19,300,000","11,600,000","-300,000",,,,
		ImpairmentOfCapitalAssets,"376,000,000","206,000,000","82,000,000","44,000,000","44,000,000","142,440,000","78,990,000","305,415,000","1,572,935,000","228,135,000","105,275,000","112,130,000","72,356,000","186,087,000","44,617,000","51,708,000","64,609,000","153,442,000","53,677,000","78,934,000","193,187,000","297,946,000","177,990,000","72,714,000","71,617,000","168,171,000","6,307,420,000","68,519,000","69,436,000","535,637,000","55,542,000","39,035,000","113,361,000","109,509,000","85,917,000","37,967,000","53,548,000","1,020,496,000","62,875,000","54,217,000","133,147,000","499,624,000","83,431,000","358,654,000","89,328,000","239,782,000","352,908,000","80,362,000","69,595,000","123,911,000","69,404,000","47,046,000","65,471,000",,,,,,,,,,,,,,,,,,,,,,,,,,,,,,,,,,,,,,,,,,,,,,,,,,,,,,,,,,,,,,,,,,,,,,,,,,,,,,,,
		WriteOff,,,,,,,,,,,,,,,,,,,"53,677,000",,,,,,,,,,,,,,,"109,509,000",,,,,,,,,,,,,,,,,,,,,,,,,,,,,,,,,,,,,,,,,,,,,,,,,,,,,,,,,,,,,,,,,,,,,,,,,,,,,,,,,,,,,,,,,,,,,,,,,,,
		OtherSpecialCharges,,,,,,,,,,,,,,,,,,,"-226,000",,,,,,,,,,,,,,,"0",,,,,"-7,596,000","-4,675,000","-10,631,000","4,352,000","-1,377,000","-6,224,000","-3,604,000","-6,333,000","-5,772,000","545,000","-2,683,000","566,000","339,000","-1,237,000","-1,739,000",,,,,,,,,,,,,,,,,,,,,,,,,,,,,,,,,,,,,,,,,,,,,,,,,,,,,,,,,,,,,,,,,,,,,,,,,,,,,,,,
		GainOnSaleOfPPE,"17,000,000","-29,000,000","1,000,000","51,000,000","-6,000,000","-5,600,000","-70,976,000","13,233,000","16,460,000","119,963,000","-523,000","8,009,000","-3,836,000","79,904,000","115,944,000","-6,317,000","-14,969,000","-65,220,000","-8,202,000","-8,916,000","-16,758,000","104,034,000","108,204,000","-15,550,000","9,147,000","-3,656,000","-1,185,000","-5,564,000","1,607,000","431,890,000","60,346,000","3,856,000","11,498,000","11,996,000","8,183,000","13,153,000","164,233,000","-55,474,000",,,,,,,,,,,,,,,,,,,,,,,,,,,,,,,,,,,,,,,,,,,,,,,,,,,,,,,,,,,,,,,,,,,,,,,,,,,,,,,,,,,,,,,,,,,,,,,
	OtherNonOperatingIncomeExpenses,"9,000,000","9,000,000","6,000,000","-2,000,000","-4,000,000","-6,781,000","3,401,000","-4,500,000","18,108,000","8,152,000","9,118,000","8,503,000","5,612,000","21,220,000","3,308,000","-8,551,000","727,000","803,000","226,000","4,972,000","3,151,000","-17,198,000","-7,912,000","-20,996,000","-4,437,000","-6,080,000","8,607,000","9,380,000","-9,991,000","-28,324,000","-21,338,000","7,950,000","-3,338,000","-8,732,000","11,168,000","4,833,000","-10,134,000","-8,407,000",,,,,,,,,,,,,,,,,,,,,,,,,,,,,,,,,,,,,,,,,,,,,,,,,,,,,,,,,,,,,,,,,,,,,,,,,,,,,,,,,,,,,,,,,,,,,,,
PretaxIncome,"5,933,000,000","2,499,000,000","1,429,000,000","1,124,000,000","881,000,000","427,760,000","-52,555,000","-1,145,262,000","31,003,000","831,208,000","797,457,000","1,089,366,000","827,236,000","1,088,340,000","1,446,363,000","892,936,000","813,359,000","413,353,000","145,980,000","62,467,000","39,382,000","-194,010,000","-272,250,000","-380,277,000","-710,968,000","-398,826,000","-6,274,921,000","-11,478,000","-236,331,000","1,148,593,000","1,715,120,000","1,100,813,000","1,030,789,000","919,082,000","721,555,000","1,035,230,000","761,019,000","-445,822,000","560,189,000","646,239,000","520,134,000","241,632,000","899,221,000","543,224,000","225,722,000","139,573,000","-38,813,000","110,059,000","197,157,000","626,235,000","4,557,000","-23,556,000","264,775,000","735,092,000","2,393,952,000","256,412,000","370,112,000","511,080,000","318,598,000","465,869,000","335,321,000","352,520,000","465,996,000","464,294,000","629,831,000","748,220,000","518,438,000","386,876,000","311,603,000","298,900,000","262,343,000","212,745,000","152,024,000","97,568,000","179,604,000","165,741,000","210,963,000","57,111,000","42,866,000","55,555,000","-35,860,000","-48,493,000","114,977,000","224,865,000","340,096,000","254,538,000","188,943,000","124,417,000","65,659,000","10,100,000","484,300,000","32,200,000","3,100,000","6,000,000","3,900,000","22,200,000","28,200,000","61,100,000","41,000,000","24,100,000","37,300,000","49,900,000","43,400,000","70,400,000","27,300,000","39,900,000","33,400,000","71,300,000","39,500,000","27,800,000","50,500,000","36,600,000","39,100,000","16,500,000","37,200,000","29,600,000","28,900,000","35,500,000","18,600,000","11,700,000","14,100,000","19,600,000","11,200,000","3,600,000","11,200,000","13,200,000","3,100,000","6,000,000","12,300,000",,,,
TaxProvision,"1,269,000,000","514,000,000","334,000,000","217,000,000","204,000,000","90,294,000","-10,088,000","-235,878,000","21,190,000","194,687,000","182,335,000","241,525,000","191,810,000","195,572,000","255,411,000","196,205,000","174,770,000","-2,017,115,000","45,439,000","39,414,000","10,865,000","-51,658,000","-82,250,000","-87,719,000","-239,192,000","-114,530,000","-2,199,182,000","-16,746,000","-66,583,000","704,005,000","611,502,000","394,460,000","369,861,000","338,888,000","259,057,000","375,538,000","266,294,000","59,177,000","204,698,000","250,461,000","196,125,000","120,934,000","358,343,000","247,650,000","91,749,000","85,900,000","32,093,000","50,187,000","79,142,000","225,808,000","361,000","-6,850,000","106,065,000","273,620,000","837,667,000","69,177,000","129,156,000","149,885,000","114,595,000","158,816,000","117,654,000","109,895,000","166,860,000","132,877,000","203,124,000","284,564,000","174,677,000","137,420,000","108,900,000","92,145,000","90,033,000","67,808,000","51,171,000","23,058,000","62,185,000","56,950,000","74,407,000","12,692,000","13,979,000","17,447,000","-11,619,000","-23,696,000","43,014,000","88,662,000","124,849,000","93,091,000","72,466,000","46,900,000","24,169,000","-20,400,000","-28,600,000","11,600,000","-2,000,000","-4,000,000","-2,000,000","8,900,000","1,200,000","17,900,000","9,800,000","-500,000","14,200,000","14,800,000","12,000,000","22,800,000","1,400,000","8,500,000","400,000","23,200,000","9,900,000","-14,800,000","9,500,000","2,400,000","8,800,000","-22,000,000","1,400,000","-3,900,000","-1,300,000","-4,600,000","-2,000,000","-2,900,000","-8,200,000","-2,700,000","-2,200,000","-3,700,000","-700,000","-7,000,000","-5,400,000","400,000","1,100,000",,,,
NetIncomeCommonStockholders,"4,664,000,000","1,985,000,000","1,095,000,000","907,000,000","677,000,000","337,466,000","-42,467,000","-909,384,000","9,813,000","636,521,000","615,122,000","847,841,000","635,426,000","892,768,000","1,190,952,000","696,731,000","638,589,000","2,430,468,000","100,541,000","23,053,000","28,517,000","-142,352,000","-190,000,000","-292,558,000","-471,776,000","-284,296,000","-4,075,739,000","5,268,000","-169,748,000","444,588,000","1,103,618,000","706,353,000","660,928,000","580,194,000","462,498,000","659,692,000","494,725,000","-504,999,000","355,491,000","395,778,000","324,009,000","120,698,000","540,878,000","295,574,000","133,973,000","53,673,000","-70,906,000","59,872,000","118,015,000","400,427,000","4,196,000","-16,706,000","158,710,000","461,472,000","1,556,285,000","178,206,000","240,513,000","358,034,000","202,366,000","306,063,000","216,792,000","237,204,000","297,278,000","329,559,000","424,849,000","461,797,000","341,904,000","247,598,000","200,845,000","204,137,000","169,552,000","142,179,000","98,095,000","71,752,000","114,661,000","106,033,000","126,667,000","41,661,000","26,129,000","35,350,000","-26,999,000","-27,554,000","69,204,000","133,446,000","212,526,000","158,688,000","113,722,000","74,657,000","38,836,000","30,000,000","512,900,000","20,600,000","5,100,000","10,000,000","5,900,000","13,300,000","27,000,000","43,200,000","31,200,000","24,600,000","23,100,000","35,100,000","31,400,000","47,600,000","25,900,000","31,400,000","33,000,000","48,100,000","29,600,000","42,600,000","41,000,000","34,200,000","30,300,000","38,500,000","35,800,000","33,500,000","30,200,000","40,100,000","20,600,000","14,600,000","22,300,000","22,300,000","13,400,000","7,300,000","11,900,000","20,200,000","8,500,000","5,600,000","11,200,000",,,,
	NetIncome,"4,664,000,000","1,985,000,000","1,095,000,000","907,000,000","677,000,000","337,466,000","-42,467,000","-909,384,000","9,813,000","636,521,000","615,122,000","847,841,000","635,426,000","892,768,000","1,190,952,000","696,731,000","638,589,000","2,430,468,000","100,541,000","23,053,000","28,517,000","-142,352,000","-190,000,000","-292,558,000","-471,776,000","-284,296,000","-4,075,739,000","5,268,000","-169,748,000","444,588,000","1,103,618,000","706,353,000","660,928,000","580,194,000","462,498,000","659,692,000","494,725,000","-504,999,000","355,491,000","395,778,000","324,009,000","120,698,000","540,878,000","295,574,000","133,973,000","53,673,000","-70,906,000","59,872,000","118,015,000","400,427,000","4,196,000","-16,706,000","158,710,000","461,472,000","1,556,285,000","178,206,000","240,956,000","361,195,000","204,003,000","307,053,000","217,667,000","242,625,000","299,136,000","331,417,000","426,707,000","463,656,000","343,761,000","249,456,000","202,703,000","206,755,000","172,310,000","144,937,000","100,853,000","74,510,000","117,419,000","108,791,000","129,425,000","44,419,000","28,887,000","38,108,000","-24,241,000","-24,797,000","71,963,000","136,203,000","215,247,000","161,447,000","116,477,000","77,517,000","41,490,000","30,500,000","512,900,000","20,600,000","5,100,000","10,000,000","5,900,000","13,300,000","27,000,000","43,200,000","31,200,000","24,600,000","23,100,000","35,100,000","31,400,000","47,600,000","25,900,000","31,400,000","33,000,000","48,100,000","29,600,000","42,600,000","41,000,000","34,200,000","30,300,000","38,500,000","35,800,000","33,500,000","30,200,000","40,100,000","20,600,000","14,600,000","22,300,000","22,300,000","13,400,000","7,300,000","11,900,000","20,200,000","8,500,000","5,600,000","11,200,000",,,,
		NetIncomeIncludingNoncontrollingInterests,"4,664,000,000","1,985,000,000","1,095,000,000","907,000,000","677,000,000","337,466,000","-42,467,000","-909,384,000","9,813,000","636,521,000","615,122,000","847,841,000","635,426,000","892,768,000","1,190,952,000","696,731,000","638,589,000","2,430,468,000","100,541,000","23,053,000","28,517,000","-142,352,000","-190,000,000","-292,558,000","-471,776,000","-284,296,000","-4,075,739,000","5,268,000","-169,748,000","444,588,000","1,103,618,000","706,353,000","660,928,000","580,194,000","462,498,000","659,692,000","494,725,000","-504,999,000","355,491,000","395,778,000","324,009,000","120,698,000","540,878,000","295,574,000","133,973,000","53,673,000","-70,906,000","59,872,000","118,015,000","400,427,000","4,196,000","-16,706,000","158,710,000","461,472,000","1,556,285,000","178,206,000","240,956,000","361,195,000","204,003,000","307,053,000","217,667,000","242,625,000","299,136,000","331,417,000","426,707,000","463,656,000","343,761,000","249,456,000","202,703,000","206,755,000","172,310,000","144,937,000","100,853,000","74,510,000","117,419,000","108,791,000","129,425,000","44,419,000","28,887,000","38,108,000","-24,241,000","-24,797,000","71,963,000","136,203,000","215,247,000","161,447,000","116,477,000","77,517,000","41,490,000","30,500,000","512,900,000","20,600,000","5,100,000","10,000,000","5,900,000","13,300,000","27,000,000","43,200,000","31,200,000","24,600,000","23,100,000","35,100,000","31,400,000","47,600,000","25,900,000","31,400,000","33,000,000","48,100,000","29,600,000","42,600,000","41,000,000","34,200,000","30,300,000","38,500,000","35,800,000","33,500,000","30,200,000","40,100,000","20,600,000","14,600,000","22,300,000","22,300,000","13,400,000","7,300,000","11,900,000","20,200,000","8,500,000","5,600,000","11,200,000","2,100,000","-3,300,000","-2,500,000","-2,400,000"
			NetIncomeContinuousOperations,"4,664,000,000","1,985,000,000","1,095,000,000","907,000,000","677,000,000","337,466,000","-42,467,000","-909,384,000","9,813,000","636,521,000","615,122,000","847,841,000","635,426,000","892,768,000","1,190,952,000","696,731,000","638,589,000","2,430,468,000","100,541,000","23,053,000","28,517,000","-142,352,000","-190,000,000","-292,558,000","-471,776,000","-284,296,000","-4,075,739,000","5,268,000","-169,748,000","444,588,000","1,103,618,000","706,353,000","660,928,000","580,194,000","462,498,000","659,692,000","494,725,000","-504,999,000","355,491,000","395,778,000","324,009,000","120,698,000","540,878,000","295,574,000","133,973,000","53,673,000","-70,906,000","59,872,000","118,015,000","400,427,000","4,196,000","-16,706,000","158,710,000","461,472,000","1,556,285,000","178,206,000","240,956,000","361,195,000","204,003,000","307,053,000","217,667,000","242,625,000","299,136,000","331,417,000","426,707,000","463,656,000","343,761,000","249,456,000","202,703,000","206,755,000","172,310,000","144,937,000","100,853,000","74,510,000","117,419,000","108,791,000","136,556,000","44,419,000","28,887,000","38,108,000","-24,241,000","-24,797,000","71,963,000","136,203,000","215,247,000","161,447,000","116,477,000","77,517,000","41,490,000","30,500,000","512,900,000","20,600,000","5,100,000","10,000,000","5,900,000","13,300,000","27,000,000","43,200,000","31,200,000","24,600,000","23,100,000","35,100,000","31,400,000","47,600,000","25,900,000","31,400,000","33,000,000","48,100,000","29,600,000","42,600,000","41,000,000","34,200,000","30,300,000","38,500,000","35,800,000","33,500,000","30,200,000","40,100,000","20,600,000","14,600,000","22,300,000","22,300,000","13,400,000","7,300,000","11,900,000","20,200,000","8,500,000","5,600,000","11,200,000","2,100,000","-3,300,000","-2,500,000","-2,400,000"
			NetIncomeExtraordinary,,,,,,,,,,,,,,,,,,,,,,,,,,,,,,,,,,,,,,,,,,,,,,,,,,,,,,,,,,,,,,,,,,,,,,,,,,"0",,,"-7,131,000",,,,,,,,,,,,,,,,,,,,,,,,,,,,,,,,,,,,,,,,,,,,,,,,,,,,,,,,
	PreferredStockDividends,,,,,,,,,,,,,,,,,,,,,,,,,,,,,,,,,,,,,,,,,,,,,,,,,,,"0",,,"0",,,"443,000","3,161,000","1,637,000","990,000","875,000","5,421,000","1,858,000","1,858,000","1,858,000","1,859,000","1,857,000","1,858,000","1,858,000","2,618,000","2,758,000","2,758,000","2,758,000","2,758,000","2,758,000","2,758,000","2,758,000","2,758,000","2,758,000","2,758,000","2,758,000","2,757,000","2,759,000","2,757,000","2,721,000","2,759,000","2,755,000","2,860,000","2,654,000",,,,,,,,,,,,,,,,,,,,,,,,,,,,,,,,,,,,,,,,,,,,
DilutedNIAvailtoComStockholders,"4,664,000,000","1,985,000,000","1,095,000,000","907,000,000","677,000,000","337,466,000","-42,467,000","-909,384,000","9,813,000","636,521,000","615,122,000","847,841,000","635,426,000","892,768,000","1,190,952,000","696,731,000","638,589,000","2,430,468,000","100,541,000","23,053,000","28,517,000","-142,352,000","-190,000,000","-292,558,000","-471,776,000","-284,296,000","-4,075,739,000","5,268,000","-169,748,000","444,588,000","1,103,618,000","706,353,000","660,928,000","580,194,000","462,498,000","659,692,000","494,725,000","-504,999,000","355,491,000","395,778,000","324,009,000","120,698,000","540,878,000","295,574,000","133,973,000","53,673,000","-70,906,000","59,872,000","118,015,000","400,427,000","4,196,000","-16,706,000","158,710,000","461,472,000","1,556,285,000","178,206,000","240,513,000","358,034,000","202,366,000","306,063,000","216,792,000","237,204,000","297,278,000","329,559,000","424,849,000","461,797,000","341,904,000","247,598,000","200,845,000","204,137,000","169,552,000","142,179,000","98,095,000","71,752,000","114,661,000","106,033,000","126,667,000","41,661,000","26,129,000","35,350,000","-26,999,000","-27,554,000","69,204,000","133,446,000","212,526,000","158,688,000","113,722,000","74,657,000","38,836,000","30,000,000","512,900,000","20,600,000","5,100,000","10,000,000","5,900,000","13,300,000","27,000,000","43,200,000","31,200,000","24,600,000","23,100,000","35,100,000","31,400,000","47,600,000","25,900,000","31,400,000","33,000,000","48,100,000","29,600,000","42,600,000","41,000,000","34,200,000","30,300,000","38,500,000","35,800,000","33,500,000","30,200,000","40,100,000","20,600,000","14,600,000","22,300,000","22,300,000","13,400,000","7,300,000","11,900,000","20,200,000","8,500,000","5,600,000","11,200,000",,,,
BasicEPS,,"3.42","1.88","1.56","1.17","0.58","-0.07","-1.57","0.02","1.1","1.06","1.47","1.1","1.55","2.06","1.21","1.11","4.22","0.17","0.04","0.05","-0.25","-0.35","-0.53","-0.86","-0.52","-7.47","0.01","-0.31","0.82","2.03","1.3","1.22",,"0.855","1.22","0.92","-0.94","0.665","0.74","0.61",,"1.015","0.555","0.26",,"-0.14","0.12","0.235",,"0.01","-0.035","0.32",,"3.15","0.36","0.49",,"0.415","0.63","0.445",,"0.615","0.68","0.88",,"0.715","0.52","0.425",,"0.36","0.305","0.213",,"0.25","0.233","0.278",,"0.058","0.078","-0.058",,"0.15","0.288","0.458",,"0.245","0.16","0.083",,"0.938","0.033","0.008",,"0.01","0.023","0.043",,"0.05","0.04","0.038",,"0.05","0.075","0.04",,"0.053","0.075","0.048",,"0.065","0.053","0.048",,"0.058","0.053","0.048",,"0.035","0.025","0.038",,"0.023","0.013","0.02",,"0.015","0.01","0.02",,"-0.008","-0.005","-0.005"
DilutedEPS,,"3.39","1.88","1.55","1.16","0.58","-0.07","-1.57","0.02","1.1","1.06","1.46","1.1","1.54","2.05","1.2","1.1","4.2","0.17","0.04","0.05","-0.25","-0.35","-0.53","-0.86","-0.52","-7.47","0.01","-0.31","0.81","2.01","1.29","1.21",,"0.845","1.21","0.91","-0.94","0.655","0.735","0.6",,"1.005","0.55","0.26",,"-0.14","0.12","0.23",,"0.01","-0.035","0.315",,"3.1","0.355","0.48",,"0.41","0.62","0.44",,"0.605","0.67","0.865",,"0.7","0.51","0.415",,"0.355","0.3","0.208",,"0.248","0.228","0.273",,"0.055","0.075","-0.058",,"0.148","0.283","0.448",,"0.238","0.158","0.083",,"0.92","0.033","0.008",,"0.01","0.023","0.043",,"0.05","0.04","0.035",,"0.048","0.073","0.04",,"0.053","0.075","0.048",,"0.065","0.053","0.048",,"0.058","0.053","0.048",,"0.035","0.025","0.038",,"0.023","0.013","0.02",,"0.015","0.01","0.02",,"-0.008","-0.005","-0.005"
BasicAverageShares,,"581,000,000","581,000,000","580,000,000","580,000,000","579,624,000","579,055,000","578,719,000","578,462,000","578,200,000","577,839,000","577,460,000","577,207,000","577,000,000","577,254,000","576,135,000","575,775,000","575,400,000","574,783,000","574,439,000","573,935,000","567,300,000","547,838,000","547,335,000","546,715,000","546,400,000","545,920,000","545,504,000","544,998,000","544,600,000","543,984,000","543,099,000","542,278,000",,"540,942,000","540,032,000","538,716,000","537,800,000","535,882,000","533,748,000","533,348,000",,"532,106,000","531,660,000","510,400,000",,"502,000,000","501,600,000","500,740,000",,"499,070,000","496,414,000","495,982,000",,"494,310,000","493,072,000","490,860,000",,"486,972,000","486,454,000","485,526,000",,"483,822,000","483,226,000","482,236,000",,"478,688,000","476,504,000","474,586,000",,"469,644,000","465,552,000","462,580,000",,"458,464,000","457,528,000","457,708,000",,"462,484,000","462,948,000","461,940,000",,"462,768,000","463,480,000","465,536,000",,"466,236,000","466,664,000","471,308,000",,"547,093,333","633,846,154","680,000,000",,"590,000,000","591,111,111","635,294,118",,"624,000,000","615,000,000","616,000,000",,"628,000,000","634,666,667","647,500,000",,"628,571,429","641,333,333","623,157,895",,"630,769,231","651,428,571","637,894,737",,"622,608,696","638,095,238","635,789,474",,"588,571,429","584,000,000","594,666,667",,"595,555,556","584,000,000","595,000,000",,"566,666,667","560,000,000","560,000,000",,"595,200,000","595,200,000","595,200,000"
DilutedAverageShares,,"585,000,000","584,000,000","584,000,000","583,000,000","580,885,000","579,055,000","578,719,000","580,283,000","580,800,000","581,271,000","580,247,000","580,222,000","580,300,000","581,559,000","580,375,000","579,726,000","579,200,000","578,736,000","578,483,000","578,593,000","567,300,000","547,838,000","547,335,000","546,715,000","546,400,000","545,920,000","549,683,000","544,998,000","549,200,000","549,518,000","548,676,000","548,071,000",,"547,152,000","545,478,000","544,526,000","537,800,000","541,964,000","539,970,000","540,484,000",,"538,584,000","538,664,000","517,638,000",,"502,000,000","509,000,000","507,738,000",,"504,844,000","496,414,000","500,408,000",,"501,860,000","502,270,000","499,526,000",,"494,850,000","494,522,000","493,354,000",,"492,272,000","491,774,000","491,846,000",,"489,800,000","486,828,000","484,228,000",,"478,708,000","474,836,000","470,484,000",,"465,480,000","464,524,000","464,896,000",,"468,312,000","470,756,000","461,940,000",,"468,564,000","472,188,000","475,808,000",,"477,048,000","476,708,000","473,116,000",,"557,500,000","633,846,154","680,000,000",,"590,000,000","591,111,111","635,294,118",,"624,000,000","615,000,000","660,000,000",,"661,052,632","656,551,724","647,500,000",,"628,571,429","641,333,333","623,157,895",,"630,769,231","651,428,571","637,894,737",,"622,608,696","638,095,238","635,789,474",,"588,571,429","584,000,000","594,666,667",,"595,555,556","584,000,000","595,000,000",,"566,666,667","560,000,000","560,000,000",,"595,200,000","595,200,000","595,200,000"
TotalOperatingIncomeAsReported,"6,102,000,000","2,528,000,000","1,471,000,000","1,171,000,000","932,000,000","487,662,000","-2,714,000","-1,086,549,000","57,585,000","863,751,000","827,959,000","1,130,771,000","876,530,000","1,123,140,000","1,506,687,000","964,931,000","874,588,000","475,912,000","214,836,000","127,908,000","107,746,000","-105,487,000","-193,480,000","-288,173,000","-638,141,000","-329,753,000","-6,222,957,000","39,626,000","-172,995,000","1,226,652,000","1,786,162,000","1,144,730,000","1,084,279,000","980,324,000","769,769,000","1,092,044,000","833,074,000","-378,061,000","605,747,000","692,339,000","559,772,000","302,575,000","950,030,000","588,253,000","272,451,000","174,611,000","-11,695,000","140,501,000","219,902,000","654,108,000","35,303,000","18,000","281,412,000","751,179,000","2,392,183,000","243,103,000","380,720,000","519,817,000","324,858,000","447,618,000","337,035,000","350,376,000","461,788,000","454,834,000","628,428,000","754,875,000","522,156,000","394,689,000","320,095,000","306,523,000","274,500,000","226,736,000","171,436,000","101,005,000","193,312,000","176,868,000","226,129,000","70,697,000","61,700,000","69,640,000","-20,706,000","-37,658,000","123,947,000","234,239,000","354,024,000","273,760,000","203,658,000","139,235,000","79,581,000","27,300,000","-53,300,000","15,600,000","-9,500,000","23,500,000","19,200,000","32,500,000","38,200,000","74,100,000","48,800,000","28,600,000","41,200,000","57,000,000","46,300,000","73,600,000","32,000,000","41,400,000","38,000,000","73,500,000","42,800,000","76,200,000","18,700,000","26,100,000","33,000,000","14,100,000","26,800,000","31,600,000","29,500,000","40,600,000","24,400,000","13,800,000","20,900,000","25,400,000","6,100,000","13,100,000","19,100,000","23,400,000","-6,600,000","3,500,000","21,500,000",,,,
RentExpenseSupplemental,,,,,,,,,,,,,,,,,,,"251,943,000",,,,,,,,,,,,,,,"288,921,000",,,,,,,,,,,,,,,,,,,,,,,,,,,,,,,,,,,,,,,,,,,,,,,,,,,,,,,,,,,,,,,,,,,,,,,,,,,,,,,,,,,,,,,,,,,,,,,,,,,
TotalExpenses,"12,056,000,000","3,281,000,000","3,185,000,000","2,901,000,000","2,689,000,000","2,317,243,000","2,150,908,000","1,881,023,000","3,066,156,000","3,193,472,000","3,339,945,000","3,428,926,000","3,066,365,000","3,272,453,000","3,194,246,000","3,192,324,000","2,710,374,000","2,694,344,000","2,352,897,000","2,388,854,000","2,284,973,000","2,179,827,000","2,116,716,000","1,968,108,000","1,909,592,000","1,949,560,000","2,073,954,000","2,346,878,000","2,411,660,000","2,869,243,000","3,258,237,000","2,994,655,000","2,873,563,000","2,648,639,000","2,673,864,000","2,688,103,000","2,457,853,000","2,328,214,000","2,286,233,000","2,162,763,000","2,113,732,000","1,970,816,000","1,852,283,000","1,623,343,000","1,535,327,000","1,374,767,000","1,240,862,000","1,137,105,000","1,081,196,000","982,843,000","902,142,000","813,975,000","811,326,000","203,067,000","795,181,000","1,573,372,000","1,157,523,000","595,799,000","575,693,000","540,730,000","549,429,000","541,468,000","484,354,000","441,574,000","433,335,000","367,658,000","412,289,000","365,004,000","355,889,000","434,817,000","279,080,000","276,574,000","275,236,000","337,948,000","239,416,000","247,886,000","226,293,000","267,464,000","218,169,000","220,863,000","207,209,000","255,861,000","230,225,000","231,809,000","243,229,000","253,837,000","190,056,000","176,907,000","172,232,000","201,200,000","280,100,000","171,600,000","168,500,000","171,300,000","172,100,000","150,800,000","161,600,000","163,900,000","144,300,000","143,200,000","139,500,000","147,300,000","123,900,000","123,500,000","127,000,000","115,000,000","115,000,000","110,500,000","112,600,000","121,900,000","108,700,000","116,400,000","119,200,000","135,200,000","114,300,000","108,900,000","107,300,000","101,500,000","87,500,000","86,700,000","77,700,000","94,400,000","77,900,000","74,900,000","76,800,000","94,600,000","85,100,000","75,100,000","74,800,000",,,,
NetIncomeFromContinuingAndDiscontinuedOperation,"4,664,000,000","1,985,000,000","1,095,000,000","907,000,000","677,000,000","337,466,000","-42,467,000","-909,384,000","9,813,000","636,521,000","615,122,000","847,841,000","635,426,000","892,768,000","1,190,952,000","696,731,000","638,589,000","2,430,468,000","100,541,000","23,053,000","28,517,000","-142,352,000","-190,000,000","-292,558,000","-471,776,000","-284,296,000","-4,075,739,000","5,268,000","-169,748,000","444,588,000","1,103,618,000","706,353,000","660,928,000","580,194,000","462,498,000","659,692,000","494,725,000","-504,999,000","355,491,000","395,778,000","324,009,000","120,698,000","540,878,000","295,574,000","133,973,000","53,673,000","-70,906,000","59,872,000","118,015,000","400,427,000","4,196,000","-16,706,000","158,710,000","461,472,000","1,556,285,000","178,206,000","240,956,000","361,195,000","204,003,000","307,053,000","217,667,000","242,625,000","299,136,000","331,417,000","426,707,000","463,656,000","343,761,000","249,456,000","202,703,000","206,755,000","172,310,000","144,937,000","100,853,000","74,510,000","117,419,000","108,791,000","136,556,000","44,419,000","28,887,000","38,108,000","-24,241,000","-24,797,000","71,963,000","136,203,000","215,247,000","161,447,000","116,477,000","77,517,000","41,490,000","30,500,000","512,900,000","20,600,000","5,100,000","10,000,000","5,900,000","13,300,000","27,000,000","43,200,000","31,200,000","24,600,000","23,100,000","35,100,000","31,400,000","47,600,000","25,900,000","31,400,000","33,000,000","48,100,000","29,600,000","42,600,000","41,000,000","34,200,000","30,300,000","38,500,000","35,800,000","33,500,000","30,200,000","40,100,000","20,600,000","14,600,000","22,300,000","22,300,000","13,400,000","7,300,000","11,900,000","20,200,000","8,500,000","5,600,000","11,200,000",,,,
NormalizedIncome,"5,851,646,000","2,063,637,454.982","1,537,750,000","1,247,200,000","998,090,000","399,581,959.828","82,227,640","-578,734,240","265,825,460","767,100,739.847","630,441,920","790,761,380","709,940,440","871,512,322.164","1,175,170,280","886,979,240","748,674,710","2,588,684,400","147,795,650","70,095,400","135,023,000","48,198,343.013","-144,731,700","-190,427,510","-434,132,900","-165,354,963.879","5,848,900","78,813,600","-175,780,880","24,423,450","800,303,440","875,600,360","825,791,360","616,182,388.137","700,015,440","553,019,360","491,001,150","4,810,300","387,606,390.57","310,706,788.504","400,328,345.869","448,282,400","590,233,167.875","524,653,500","189,693,600","205,414,850","154,732,400","112,461,550","158,162,200","480,020,046.826","68,414,044.327","15,781,907.709","196,949,200","137,994,247.904","690,811,317.902","848,003,483.25","588,224,121.552","389,300,901.141","223,096,545.65","284,938,967.394","267,944,084.2","269,872,478.512","250,540,747.097","283,187,101.619","375,194,387.826","545,666,138.74","336,053,467.25","276,271,765.589","214,984,107.489","184,656,632.703","178,344,130.775","165,373,086.343","125,463,217.735","166,945,684.958","99,165,851.518","107,031,870.515","151,747,444.775","43,590,679.099","28,930,129.007","38,041,462.767","-22,143,403.151","-61,026,200","71,166,867.417","135,445,862.384","215,651,423.554","163,422,765.524","116,455,423.678","77,041,619.055","41,081,791.834","31,400,000","180,200,000","511,801.242","-11,040,000","11,320,000","6,860,000","13,360,000","27,957,446.809","46,028,150.573","31,047,804.878","24,000,000","22,294,906.166","37,210,220.441","32,412,903.226","47,600,000","26,374,358.974","29,983,458.647","33,988,023.952","47,762,692.847","30,049,620.253","70,260,000","13,558,415.842","22,706,557.377","23,868,030.691","35,560,000","23,577,956.989","33,140,000","29,120,000","41,060,000","20,720,000","11,600,000","22,660,000","21,760,000","6,380,000","8,500,000","11,480,000","20,860,000","-3,080,000","-5,226,666.667","11,473,170.732",,,,
InterestExpense,"178,000,000","38,000,000","48,000,000","45,000,000","47,000,000","53,121,000","53,242,000","54,213,000","44,690,000","40,695,000","39,620,000","49,908,000","54,906,000","56,020,000","63,632,000","63,444,000","61,956,000","63,362,000","69,082,000","70,413,000","71,515,000","71,325,000","70,858,000","71,108,000","68,390,000","62,993,000","60,571,000","60,484,000","53,345,000","49,735,000","49,704,000","51,867,000","50,152,000","52,510,000","59,382,000","61,647,000","61,921,000","59,354,000",,,"50,269,000","56,591,000","52,186,000","51,253,000","50,333,000","41,371,000","32,890,000","29,897,000","25,428,000","27,307,000","30,407,000","24,811,000","18,376,000",,"12,095,000",,,,,"10,818,000",,"7,519,000",,,,"19,985,000",,"14,687,000",,,,,"16,683,000","13,954,000","15,632,000",,,,,"14,182,000",,,,,,"16,107,000",,,,,,,,,"13,600,000",,,,,,,,"1,400,000",,,,,,,,,,,,,,"2,400,000",,,,,,,,,,,"9,100,000",,,,,
NetInterestIncome,"-178,000,000","-38,000,000","-48,000,000","-45,000,000","-47,000,000","-53,121,000","-53,242,000","-54,213,000","-44,690,000","-40,695,000","-39,620,000","-49,908,000","-54,906,000","-56,020,000","-63,632,000","-63,444,000","-61,956,000","-63,362,000","-69,082,000","-70,413,000","-71,515,000","-71,325,000","-70,858,000","-71,108,000","-68,390,000","-62,993,000","-60,571,000","-60,484,000","-53,345,000","-49,735,000","-49,704,000","-51,867,000","-50,152,000","-52,510,000","-59,382,000","-61,647,000","-61,921,000","-59,354,000","-53,154,000","-50,775,000","-50,269,000","-56,591,000","-52,186,000","-51,253,000","-50,333,000","-41,371,000","-32,890,000","-29,897,000","-25,428,000","-27,307,000","-30,407,000","-24,811,000","-18,376,000",,"-12,095,000",,,,,"-10,818,000",,"-7,519,000",,,,"-19,985,000",,"-14,687,000",,,,,"-16,683,000","-13,954,000","-15,632,000",,,,,"-14,182,000",,,,,,"-16,107,000",,,,,,,,,"-13,600,000",,,,,,,,"-1,400,000",,,,,,,,,,,,,,"-2,400,000",,,,,,,,,,,"-9,100,000",,,,,
EBIT,"6,111,000,000","2,537,000,000","1,477,000,000","1,169,000,000","928,000,000","480,881,000","687,000","-1,091,049,000","75,693,000","871,903,000","837,077,000","1,139,274,000","882,142,000","1,144,360,000","1,509,995,000","956,380,000","875,315,000","476,715,000","215,062,000","132,880,000","110,897,000","-122,685,000","-201,392,000","-309,169,000","-642,578,000","-335,833,000","-6,214,350,000","49,006,000","-182,986,000","1,198,328,000","1,764,824,000","1,152,680,000","1,080,941,000","971,592,000","780,937,000","1,096,877,000","822,940,000","-286,477,000","663,951,000","558,107,000","570,403,000","298,223,000","951,407,000","594,477,000","276,055,000","180,944,000","-5,923,000","139,956,000","222,585,000","653,542,000","34,964,000","1,255,000","283,151,000","830,447,000","2,424,325,000","291,978,000","413,294,000","580,474,000","366,872,000","468,422,000","361,077,000","391,075,000","483,894,000","477,514,000","651,201,000","832,807,000","522,156,000","418,920,000","332,267,000","255,234,000","292,430,000","242,447,000","189,084,000","101,005,000","193,312,000","176,868,000","238,085,000","70,697,000","61,700,000","69,640,000","-20,706,000","-18,447,000","123,947,000","234,239,000","354,024,000","273,760,000","203,658,000","139,235,000","79,581,000","27,300,000","-53,300,000","15,600,000","-9,500,000","23,500,000","19,200,000","32,500,000","38,200,000","74,100,000","48,800,000","28,600,000","41,200,000","57,000,000","46,300,000","73,600,000","32,000,000","41,400,000","38,000,000","73,500,000","42,800,000","76,200,000","18,700,000","26,100,000","33,000,000","14,100,000","26,800,000","31,600,000","29,500,000","40,600,000","24,400,000","13,800,000","20,900,000","25,400,000","6,100,000","13,100,000","19,100,000","23,400,000","-6,600,000","3,500,000","21,500,000","-198,100,000","64,400,000","70,000,000","69,900,000"
EBITDA,"9,762,000,000"
ReconciledCostOfRevenue,"5,345,000,000","1,382,000,000","1,342,000,000","1,312,000,000","1,309,000,000","1,250,632,000","1,165,313,000","1,048,792,000","1,458,201,000","1,421,361,000","1,430,029,000","1,417,228,000","1,327,181,000","1,378,801,000","1,353,811,000","1,272,447,000","1,150,000,000","1,206,981,000","1,130,755,000","1,155,316,000","1,109,957,000","1,136,886,000","1,158,494,000","1,110,110,000","1,198,280,000","1,057,026,000","1,040,890,000","1,233,888,000","1,310,278,000","1,432,496,000","1,449,979,000","1,375,530,000","1,301,249,000","1,230,527,000","1,259,090,000","1,205,316,000","1,119,892,000","2,984,947,000","446,006,000","417,818,000","461,736,000","445,614,000","447,209,000","379,290,000","405,778,000","375,196,000","352,662,000","337,748,000","344,638,000","299,909,000","274,398,000","282,081,000","316,651,000","476,377,000","280,270,000","268,269,000","250,804,000","263,782,000","249,190,000","217,811,000","185,267,000","217,064,000","171,855,000","163,181,000","165,698,000","103,770,000","161,455,000","137,382,000","132,273,000","140,522,000","112,015,000","104,192,000","100,440,000","33,836,000","107,236,000","104,670,000","72,417,000","116,482,000","79,447,000","82,911,000","75,996,000","121,648,000","87,262,000","90,232,000","94,287,000","65,744,000","56,699,000","50,057,000","52,948,000","89,800,000","42,900,000","44,000,000","49,200,000","21,500,000","69,000,000","60,100,000","69,200,000","58,700,000","22,700,000","60,400,000","56,600,000","47,400,000","41,500,000","28,200,000","48,800,000","34,500,000","36,900,000","39,700,000","36,900,000","41,700,000","33,000,000","38,600,000","31,000,000","47,900,000","31,800,000","28,900,000","26,700,000","30,100,000","26,300,000","26,400,000","25,900,000","33,500,000","28,900,000","23,900,000","22,400,000","33,500,000","29,000,000","25,000,000","24,700,000",,,,
ReconciledDepreciation,"3,651,000,000","910,000,000","927,000,000","914,000,000","900,000,000","870,564,000","823,050,000","706,679,000","1,000,060,000","959,208,000","953,597,000","957,304,000","879,595,000","919,963,000","918,180,000","848,674,000","748,591,000","881,745,000","846,222,000","865,384,000","816,036,000","862,524,000","899,511,000","862,491,000","928,891,000","769,457,000","722,172,000","909,227,000","912,788,000","1,013,930,000","1,040,018,000","996,602,000","946,491,000","915,257,000","928,800,000","910,531,000","846,388,000","786,344,000","825,851,000","808,765,000","748,743,000","693,527,000","651,684,000","602,944,000","568,226,000","543,789,000","500,888,000","465,343,000","431,906,000","398,937,000","385,330,000","375,592,000","389,329,000","368,135,000","346,247,000","315,294,000","297,199,000","282,234,000","279,189,000","259,780,000","244,342,000","230,438,000","216,071,000","192,928,000","177,652,000","176,974,000","164,372,000","159,896,000","153,016,000","144,125,000","130,257,000","116,224,000","113,797,000","121,265,000","110,438,000","106,587,000","103,553,000","105,412,000","100,208,000","97,956,000","94,460,000","97,617,000","103,351,000","97,470,000","93,961,000","103,239,000","92,056,000","90,149,000","84,582,000","91,000,000","198,100,000","88,800,000","82,000,000","118,100,000","73,500,000","62,200,000","61,300,000","74,200,000","93,700,000","58,300,000","52,000,000","69,600,000","59,400,000","69,800,000","52,500,000","58,100,000","56,200,000","48,600,000","53,100,000","60,600,000","54,600,000","62,200,000","64,800,000","67,100,000","64,200,000","58,600,000","59,800,000","52,700,000","45,300,000","42,000,000","39,800,000","51,200,000","33,100,000","38,500,000","38,100,000","46,400,000","37,900,000","37,100,000","34,500,000",,,,
NetIncomeFromContinuingOperationNetMinorityInterest,"4,664,000,000","1,985,000,000","1,095,000,000","907,000,000","677,000,000","337,466,000","-42,467,000","-909,384,000","9,813,000","636,521,000","615,122,000","847,841,000","635,426,000","892,768,000","1,190,952,000","696,731,000","638,589,000","2,430,468,000","100,541,000","23,053,000","28,517,000","-142,352,000","-190,000,000","-292,558,000","-471,776,000","-284,296,000","-4,075,739,000","5,268,000","-169,748,000","444,588,000","1,103,618,000","706,353,000","660,928,000","580,194,000","462,498,000","659,692,000","494,725,000","-504,999,000","355,491,000","395,778,000","324,009,000","120,698,000","540,878,000","295,574,000","133,973,000","53,673,000","-70,906,000","59,872,000","118,015,000","400,427,000","4,196,000","-16,706,000","158,710,000","461,472,000","1,556,285,000","178,206,000","240,956,000","361,195,000","204,003,000","307,053,000","217,667,000","242,625,000","299,136,000","331,417,000","426,707,000","463,656,000","343,761,000","249,456,000","202,703,000","206,755,000","172,310,000","144,937,000","100,853,000","74,510,000","117,419,000","108,791,000","136,556,000","44,419,000","28,887,000","38,108,000","-24,241,000","-24,797,000","71,963,000","136,203,000","215,247,000","161,447,000","116,477,000","77,517,000","41,490,000","30,500,000","512,900,000","20,600,000","5,100,000","10,000,000","5,900,000","13,300,000","27,000,000","43,200,000","31,200,000","24,600,000","23,100,000","35,100,000","31,400,000","47,600,000","25,900,000","31,400,000","33,000,000","48,100,000","29,600,000","42,600,000","41,000,000","34,200,000","30,300,000","38,500,000","35,800,000","33,500,000","30,200,000","40,100,000","20,600,000","14,600,000","22,300,000","22,300,000","13,400,000","7,300,000","11,900,000","20,200,000","8,500,000","5,600,000","11,200,000",,,,
TotalUnusualItemsExcludingGoodwill,"-1,511,000,000","-99,000,000","-575,000,000","-420,000,000","-417,000,000","-78,736,000","-153,944,000","-418,544,000","-350,702,000","-170,519,000","-19,896,000","73,179,000","-96,772,000","25,912,000","19,246,000","-243,908,000","-139,349,000","-263,694,000","-68,485,000","-78,404,000","-147,925,000","-259,699,000","-64,669,000","-132,637,000","-57,035,000","-166,857,000","-6,279,366,000","-122,576,000","8,379,000","646,407,000","473,929,000","-264,449,000","-257,599,000","-57,009,000","-371,121,000","166,676,000","5,729,000","-784,322,000","-50,608,000","138,907,000","-122,516,000","-503,976,000","-82,054,000","-352,430,000","-85,724,000","-233,449,000","-347,136,000","-80,907,000","-66,912,000","-124,477,000","-69,743,000","-45,809,000","-63,732,000","515,277,000","1,331,313,000","-917,265,000","-533,409,000","-39,769,000","-29,819,000","33,552,000","-77,453,000","-39,589,000","75,702,000","67,567,000","76,034,000","-132,343,000","11,624,000","-41,588,000","-18,879,000","31,947,000","-9,187,000","-29,997,000","-37,097,000","-121,041,000","27,920,000","2,680,000","-23,469,000","1,065,000","-64,000","97,000","-3,103,000","60,382,000","1,272,000","1,250,000","-639,000","-3,115,000","35,000","763,000","646,000","-1,500,000","554,500,000","31,400,000","26,900,000","-2,200,000","-1,600,000","-100,000","-1,000,000","-4,000,000","200,000","1,000,000","1,300,000","-3,000,000","-1,400,000",,"-500,000","1,800,000","-1,000,000","500,000","-600,000","-46,100,000","33,800,000","12,300,000","8,300,000","4,900,000","12,700,000","600,000","1,800,000","-1,600,000","-200,000","5,000,000","-600,000","900,000","11,700,000","-2,000,000","700,000","-1,100,000","19,300,000","11,600,000","-300,000",,,,
TotalUnusualItems,"-1,511,000,000","-99,000,000","-575,000,000","-420,000,000","-417,000,000","-78,736,000","-153,944,000","-418,544,000","-350,702,000","-170,519,000","-19,896,000","73,179,000","-96,772,000","25,912,000","19,246,000","-243,908,000","-139,349,000","-263,694,000","-68,485,000","-78,404,000","-147,925,000","-259,699,000","-64,669,000","-132,637,000","-57,035,000","-166,857,000","-6,279,366,000","-122,576,000","8,379,000","646,407,000","473,929,000","-264,449,000","-257,599,000","-57,009,000","-371,121,000","166,676,000","5,729,000","-784,322,000","-50,608,000","138,907,000","-122,516,000","-503,976,000","-82,054,000","-352,430,000","-85,724,000","-233,449,000","-347,136,000","-80,907,000","-66,912,000","-124,477,000","-69,743,000","-45,809,000","-63,732,000","515,277,000","1,331,313,000","-917,265,000","-533,409,000","-39,769,000","-29,819,000","33,552,000","-77,453,000","-39,589,000","75,702,000","67,567,000","76,034,000","-132,343,000","11,624,000","-41,588,000","-18,879,000","31,947,000","-9,187,000","-29,997,000","-37,097,000","-121,041,000","27,920,000","2,680,000","-23,469,000","1,065,000","-64,000","97,000","-3,103,000","60,382,000","1,272,000","1,250,000","-639,000","-3,115,000","35,000","763,000","646,000","-1,500,000","554,500,000","31,400,000","26,900,000","-2,200,000","-1,600,000","-100,000","-1,000,000","-4,000,000","200,000","1,000,000","1,300,000","-3,000,000","-1,400,000",,"-500,000","1,800,000","-1,000,000","500,000","-600,000","-46,100,000","33,800,000","12,300,000","8,300,000","4,900,000","12,700,000","600,000","1,800,000","-1,600,000","-200,000","5,000,000","-600,000","900,000","11,700,000","-2,000,000","700,000","-1,100,000","19,300,000","11,600,000","-300,000",,,,
NormalizedEBITDA,"11,273,000,000","3,546,000,000","2,979,000,000","2,503,000,000","2,245,000,000","1,430,181,000","977,681,000","34,174,000","1,426,455,000","2,001,630,000","1,810,570,000","2,023,399,000","1,858,509,000","2,038,411,000","2,408,929,000","2,048,962,000","1,763,255,000","1,622,154,000","1,129,769,000","1,076,668,000","1,074,858,000","999,538,000","762,788,000","685,959,000","343,348,000","600,481,000","787,188,000","1,080,809,000","721,423,000","1,565,851,000","2,330,913,000","2,413,731,000","2,285,031,000","1,943,858,000","2,080,858,000","1,840,732,000","1,663,599,000","1,284,189,000","1,540,410,000","1,227,965,000","1,441,662,000","1,495,726,000","1,685,145,000","1,549,851,000","930,005,000","958,182,000","842,101,000","686,206,000","721,403,000","1,176,956,000","490,037,000","422,656,000","736,212,000","683,305,000","1,439,259,000","1,524,537,000","1,243,902,000","902,477,000","675,880,000","694,650,000","682,872,000","661,102,000","624,263,000","602,875,000","752,819,000","1,142,124,000","674,904,000","620,404,000","504,162,000","367,412,000","431,874,000","388,668,000","339,978,000","343,311,000","275,830,000","280,775,000","365,107,000","175,044,000","161,972,000","167,499,000","76,857,000","18,788,000","226,026,000","330,459,000","448,624,000","380,114,000","295,679,000","228,621,000","163,517,000","119,800,000","-409,700,000","73,000,000","45,600,000","143,800,000","94,300,000","94,800,000","100,500,000","152,300,000","142,300,000","85,900,000","91,900,000","129,600,000","107,100,000","143,400,000","85,000,000","97,700,000","95,200,000","121,600,000","96,500,000","182,900,000","39,500,000","76,000,000","89,500,000","76,300,000","78,300,000","89,700,000","87,500,000","94,900,000","70,000,000","50,800,000","61,300,000","75,700,000","27,500,000","53,700,000","56,500,000","70,900,000","12,000,000","29,000,000","56,300,000","-198,100,000","64,400,000","70,000,000","69,900,000"
TaxRateForCalcs,"0.214","0.206","0.23","0.19","0.23","0.211","0.19","0.21","0.27","0.234","0.23","0.22","0.23","0.18","0.18","0.22","0.21","0.4","0.31","0.4","0.28","0.266","0.3","0.23","0.34","0.287","0.35","0.4","0.28","0.35","0.36","0.36","0.36","0.369","0.36","0.36","0.35","0.35","0.365","0.388","0.377","0.35","0.399","0.35","0.35","0.35","0.35","0.35","0.4","0.361","0.079","0.291","0.4","0.372","0.35","0.27","0.349","0.293","0.36","0.341","0.351","0.312","0.358","0.286","0.323","0.38","0.337","0.355","0.349","0.308","0.343","0.319","0.337","0.236","0.346","0.344","0.353","0.222","0.326","0.314","0.324","0.4","0.374","0.394","0.367","0.366","0.384","0.377","0.368","0.4","0.4","0.36","0.4","0.4","0.4","0.4","0.043","0.293","0.239","0.4","0.381","0.297","0.276","0.324","0.051","0.213","0.012","0.325","0.251","0.4","0.188","0.066","0.225","0.4","0.038","0.4","0.4","0.4","0.4","0.4","0.4","0.4","0.4","0.4","0.4","0.4","0.4","0.067","0.089",,,,
TaxEffectOfUnusualItems,"-323,354,000","-20,362,545.018","-132,250,000","-79,800,000","-95,910,000","-16,620,040.172","-29,249,360","-87,894,240","-94,689,540","-39,939,260.153","-4,576,080","16,099,380","-22,257,560","4,656,322.164","3,464,280","-53,659,760","-29,263,290","-105,477,600","-21,230,350","-31,361,600","-41,419,000","-69,148,656.987","-19,400,700","-30,506,510","-19,391,900","-47,915,963.879","-2,197,778,100","-49,030,400","2,346,120","226,242,450","170,614,440","-95,201,640","-92,735,640","-21,020,611.863","-133,603,560","60,003,360","2,005,150","-274,512,700","-18,492,609.43","53,835,788.504","-46,196,654.131","-176,391,600","-32,698,832.125","-123,350,500","-30,003,400","-81,707,150","-121,497,600","-28,317,450","-26,764,800","-44,883,953.174","-5,524,955.673","-13,321,092.291","-25,492,800","191,799,247.904","465,839,317.902","-247,467,516.75","-186,140,878.448","-11,663,098.859","-10,725,454.35","11,437,967.394","-27,175,915.8","-12,341,521.488","27,106,747.097","19,337,101.619","24,521,387.826","-50,332,861.26","3,916,467.25","-14,772,234.411","-6,597,892.511","9,848,632.703","-3,152,869.225","-9,560,913.657","-12,486,782.265","-28,605,315.042","9,666,851.518","920,870.515","-8,277,555.225","236,679.099","-20,870.993","30,462.767","-1,005,403.151","24,152,800","475,867.417","492,862.384","-234,576.446","-1,139,234.476","13,423.678","287,619.055","237,791.834","-600,000","221,800,000","11,311,801.242","10,760,000","-880,000","-640,000","-40,000","-42,553.191","-1,171,849.427","47,804.878","400,000","494,906.166","-889,779.559","-387,096.774","0","-25,641.026","383,458.647","-11,976.048","162,692.847","-150,379.747","-18,440,000","6,358,415.842","806,557.377","1,868,030.691","1,960,000","477,956.989","240,000","720,000","-640,000","-80,000","2,000,000","-240,000","360,000","4,680,000","-800,000","280,000","-440,000","7,720,000","773,333.333","-26,829.268",,,,