name,ttm,12/31/2021,09/30/2021,06/30/2021,03/31/2021,12/31/2020,09/30/2020,06/30/2020,03/31/2020,12/31/2019,09/30/2019,06/30/2019,03/31/2019,12/31/2018,09/30/2018,06/30/2018,03/31/2018,12/31/2017,09/30/2017,06/30/2017,03/31/2017,12/31/2016,09/30/2016,06/30/2016,03/31/2016,12/31/2015,09/30/2015,06/30/2015,03/31/2015,12/31/2014,09/30/2014,06/30/2014,03/31/2014,12/31/2013,09/30/2013,06/30/2013,03/31/2013,12/31/2012,09/30/2012,06/30/2012,03/31/2012,12/31/2011,09/30/2011,06/30/2011,03/31/2011,12/31/2010,09/30/2010,06/30/2010,03/31/2010,12/31/2009,09/30/2009,06/30/2009,03/31/2009,12/31/2008,09/30/2008,06/30/2008,03/31/2008,12/31/2007,09/30/2007,06/30/2007,03/31/2007,12/31/2006,09/30/2006,06/30/2006,03/31/2006,12/31/2005,09/30/2005,06/30/2005,03/31/2005,12/31/2004,09/30/2004,06/30/2004,03/31/2004,12/31/2003,09/30/2003,06/30/2003,03/31/2003,12/31/2002,09/30/2002,06/30/2002,03/31/2002,12/31/2001,09/30/2001,06/30/2001,03/31/2001,12/31/2000,09/30/2000,06/30/2000,03/31/2000
TotalRevenue,"6,635,537,000","1,706,378,000","1,675,176,000","1,657,919,000","1,596,064,000","1,564,115,000","1,519,767,000","1,470,121,000","1,444,542,000","1,417,135,000","1,396,810,000","1,384,977,000","1,363,218,000","1,310,083,000","1,283,751,000","1,261,943,000","1,215,877,000","1,200,221,000","1,152,261,000","1,066,421,000","949,525,000","942,647,000","924,676,000","900,510,000","844,156,000","730,462,000","686,649,000","665,582,000","643,174,000","638,121,000","620,441,000","605,161,000","580,053,000","564,677,000","543,084,000","525,669,000","519,455,000","506,520,000","488,730,000","466,264,000","452,200,000","431,312,000","417,601,000","394,900,000","363,029,000","345,244,000","330,347,000","296,094,000","248,649,000","242,552,000","227,558,000","213,168,000","199,231,000","190,683,000","183,735,000","172,044,000","158,218,000","138,714,000","103,782,000","91,837,000","85,109,000","79,772,000","73,726,000","68,548,000","64,869,000","61,798,000","58,096,000","52,479,000","48,684,000","44,989,000","42,439,000","39,423,000","36,820,000","33,154,000","30,919,000","28,434,000","25,435,000","18,803,000","20,187,000","18,040,000","20,158,000","17,466,000","17,178,000","16,157,000","12,613,000","8,055,000","3,933,000","892,000","135,600"
	OperatingRevenue,"6,635,537,000","1,706,378,000","1,675,176,000","1,657,919,000","1,596,064,000","1,564,115,000","1,519,767,000","1,470,121,000","1,444,542,000","1,417,135,000","1,396,810,000","1,384,977,000","1,363,218,000","1,310,083,000","1,283,751,000","1,261,943,000","1,215,877,000","1,200,221,000","1,152,261,000","1,066,421,000","949,525,000","942,647,000","924,676,000","900,510,000","844,156,000","730,462,000","686,649,000","665,582,000","643,174,000","638,121,000","620,441,000","605,161,000","580,053,000","564,677,000","543,084,000","525,669,000","519,455,000","506,520,000","488,730,000","466,264,000","452,200,000","431,312,000","417,601,000","394,900,000","363,029,000","345,244,000","330,347,000","296,094,000","248,649,000","242,552,000","227,558,000","213,168,000","199,231,000","190,683,000","183,735,000","172,044,000","158,218,000","138,714,000","103,782,000","91,837,000","85,109,000","79,772,000","73,726,000","68,548,000","64,869,000","61,798,000","58,096,000","52,479,000","48,684,000","44,989,000","42,439,000","39,423,000","36,820,000","33,154,000","30,919,000","28,434,000","25,435,000","18,803,000","20,187,000","18,040,000","20,158,000","17,466,000","17,178,000","16,157,000","12,613,000","8,055,000","3,933,000","892,000","135,600"
CostOfRevenue,"3,472,422,000","910,435,000","885,650,000","865,120,000","811,217,000","830,735,000","767,979,000","739,344,000","736,282,000","725,636,000","704,339,000","698,179,000","682,030,000","670,935,000","660,309,000","651,801,000","622,430,000","619,625,000","582,360,000","522,203,000","468,961,000","465,921,000","470,302,000","456,967,000","427,680,000","351,968,000","325,468,000","315,757,000","298,313,000","313,449,000","304,052,000","292,859,000","287,525,000","269,743,000","268,960,000","267,693,000","259,268,000","250,121,000","251,487,000","233,192,000","225,079,000","229,340,000","228,153,000","215,572,000","194,576,000","193,559,000","185,476,000","162,582,000","133,050,000","127,074,000","126,007,000","118,534,000","111,805,000","108,302,000","109,863,000","102,008,000","94,486,000","92,480,000","62,891,000","55,609,000","52,765,000","50,334,000","49,137,000","45,563,000","43,345,000","41,715,000","40,955,000","38,811,000","36,873,000","34,705,000","34,310,000","34,150,000","33,785,000","32,554,000","33,314,000","31,634,000","30,619,000","25,474,000","26,217,000","26,956,000","25,426,000","20,296,000","24,597,000","26,318,000","3,172,000","-1,412,000","-1,602,000","-2,654,000","-2,972,800"
GrossProfit,"3,163,115,000","795,943,000","789,526,000","792,799,000","784,847,000","733,380,000","751,788,000","730,777,000","708,260,000","691,499,000","692,471,000","686,798,000","681,188,000","639,148,000","623,442,000","610,142,000","593,447,000","580,596,000","569,901,000","544,218,000","480,564,000","476,726,000","454,374,000","443,543,000","416,476,000","378,494,000","361,181,000","349,825,000","344,861,000","324,672,000","316,389,000","312,302,000","292,528,000","294,934,000","274,124,000","257,976,000","260,187,000","256,399,000","237,243,000","233,072,000","227,121,000","201,972,000","189,448,000","179,328,000","168,453,000","151,685,000","144,871,000","133,512,000","115,599,000","115,478,000","101,551,000","94,634,000","87,426,000","82,381,000","73,872,000","70,036,000","63,732,000","46,234,000","40,891,000","36,228,000","32,344,000","29,438,000","24,589,000","22,985,000","21,524,000","20,083,000","17,141,000","13,668,000","11,811,000","10,284,000","8,129,000","5,273,000","3,035,000","600,000","-2,395,000","-3,200,000","-5,184,000","-6,671,000","-6,030,000","-8,916,000","-5,268,000","-2,830,000","-7,419,000","-10,161,000","9,441,000","9,467,000","5,535,000","3,546,000","3,108,400"
OperatingExpense,"2,043,029,000","533,509,000","517,622,000","507,615,000","484,283,000","480,199,000","452,077,000","435,014,000","442,047,000","406,060,000","403,386,000","391,857,000","384,761,000","367,950,000","364,822,000","364,691,000","362,933,000","341,428,000","342,955,000","332,921,000","310,326,000","292,340,000","292,175,000","276,294,000","272,494,000","225,268,000","206,946,000","200,826,000","192,256,000","194,920,000","181,539,000","186,929,000","170,731,000","165,716,000","158,493,000","148,110,000","147,961,000","142,557,000","136,832,000","128,487,000","124,996,000","116,996,000","109,046,000","102,744,000","96,237,000","96,338,000","89,845,000","83,079,000","62,623,000","60,916,000","54,614,000","53,825,000","49,553,000","55,477,000","51,538,000","56,735,000","49,727,000","45,451,000","34,812,000","33,374,000","31,538,000","18,429,000","26,133,000","26,205,000","24,328,000","17,275,000","16,907,000","16,172,000","15,308,000","13,056,000","12,727,000","12,431,000","12,884,000","13,216,000","11,891,000","13,042,000","15,627,000","11,003,000","11,047,000","12,945,000","10,911,000","14,934,000","16,603,000","19,783,000","44,407,000","48,154,000","35,485,000","28,063,000","17,063,800"
	SellingGeneralAndAdministration,"2,043,029,000","533,509,000","517,622,000","507,615,000","484,283,000","480,199,000","452,077,000","435,014,000","442,047,000","406,060,000","403,386,000","391,857,000","384,761,000","367,950,000","364,822,000","364,691,000","362,933,000","341,428,000","342,955,000","332,921,000","310,326,000","292,340,000","292,175,000","276,294,000","272,494,000","225,268,000","206,946,000","200,826,000","192,256,000","194,920,000","181,539,000","186,929,000","170,731,000","165,716,000","158,493,000","148,110,000","147,961,000","142,557,000","136,832,000","128,487,000","124,996,000","116,996,000","109,046,000","102,744,000","96,237,000","96,338,000","89,845,000","83,079,000","62,623,000","60,916,000","54,614,000","53,825,000","49,553,000","55,477,000","51,538,000","56,735,000","49,727,000","46,789,000","34,812,000","33,374,000","31,538,000","28,076,000","26,133,000","26,205,000","24,328,000","17,275,000","16,907,000","16,172,000","15,308,000","13,056,000","12,727,000","12,431,000","12,884,000","13,216,000","11,891,000","13,042,000","15,627,000","11,003,000","11,047,000","12,945,000","10,911,000","14,934,000","16,603,000","19,783,000","23,901,000","24,935,000","21,464,000","20,106,000","10,876,500"
		GeneralAndAdministrativeExpense,"1,301,797,000","343,711,000","334,625,000","322,005,000","301,456,000","293,144,000","279,350,000","256,890,000","261,597,000","245,504,000","241,812,000","232,656,000","215,046,000","206,146,000","206,902,000","210,489,000","203,157,000","187,816,000","185,336,000","191,355,000","181,399,000","178,956,000","181,239,000","168,462,000","165,904,000","136,829,000","123,237,000","119,578,000","113,640,000","113,684,000","109,354,000","111,675,000","103,303,000","98,466,000","96,874,000","88,632,000","89,685,000","86,867,000","83,621,000","80,723,000","78,425,000","71,674,000","65,976,000","65,681,000","62,601,000","64,820,000","58,640,000","54,166,000","43,155,000","43,647,000","39,071,000","37,456,000","35,150,000",,,,,,,,,,,,,,,,,,,,,,,,,,,,,,,,,,,,
			OtherGandA,"1,301,797,000","343,711,000","334,625,000","322,005,000","301,456,000","293,144,000","279,350,000","256,890,000","261,597,000","245,504,000","241,812,000","232,656,000","215,046,000","206,146,000","206,902,000","210,489,000","203,157,000","187,816,000","185,336,000","191,355,000","181,399,000","178,956,000","181,239,000","168,462,000","165,904,000","136,829,000","123,237,000","119,578,000","113,640,000","113,684,000","109,354,000","111,675,000","103,303,000","98,466,000","96,874,000","88,632,000","89,685,000","86,867,000","83,621,000","80,723,000","78,425,000","71,674,000","65,976,000","65,681,000","62,601,000","64,820,000","58,640,000","54,166,000","43,155,000","43,647,000","39,071,000","37,456,000","35,150,000",,,,,,,,,,,,,,,,,,,,,,,,,,,,,,,,,,,,
		SellingAndMarketingExpense,"741,232,000","189,798,000","182,997,000","185,610,000","182,827,000","187,055,000","172,727,000","178,124,000","180,450,000","160,556,000","161,574,000","159,201,000","169,715,000","161,804,000","157,920,000","154,202,000","159,776,000","153,612,000","157,619,000","141,566,000","128,927,000","113,384,000","110,936,000","107,832,000","106,590,000","88,439,000","83,709,000","81,248,000","78,616,000","81,236,000","72,185,000","75,254,000","67,428,000","67,250,000","61,619,000","59,478,000","58,276,000","55,690,000","53,211,000","47,764,000","46,571,000","45,322,000","43,070,000","37,063,000","33,636,000","31,518,000","31,205,000","28,913,000","19,468,000","17,269,000","15,543,000","16,369,000","14,403,000",,,,,,,,,,,,,,,,,,,,,,,,,,,,,,,,,,,,
	DepreciationAmortizationDepletionIncomeStatement,,,,,,,,,,,,,,,,,,,,,,,,,,,,,,,,,,,,,,,,,,,,,,,,,,,,,,,,,,,,,,,,,,,,,,,,,,,,,,,,,,,,,"20,506,000","23,219,000","14,021,000","7,957,000","6,187,300"
		DepreciationAndAmortizationInIncomeStatement,,,,,,,,,,,,,,,,,,,,,,,,,,,,,,,,,,,,,,,,,,,,,,,,,,,,,,,,,,,,,,,,,,,,,,,,,,,,,,,,,,,,,"20,506,000","23,219,000","14,021,000","7,957,000","6,187,300"
OperatingIncome,"1,120,086,000","262,434,000","271,904,000","285,184,000","300,564,000","253,181,000","299,711,000","295,763,000","266,213,000","285,439,000","289,085,000","294,941,000","296,427,000","271,198,000","258,620,000","245,451,000","230,514,000","239,168,000","226,946,000","211,297,000","170,238,000","184,386,000","162,199,000","167,249,000","143,982,000","153,226,000","154,235,000","148,999,000","152,605,000","129,752,000","134,850,000","125,373,000","121,797,000","129,218,000","115,631,000","109,866,000","112,226,000","113,842,000","100,411,000","104,585,000","102,125,000","84,976,000","80,402,000","76,584,000","72,216,000","55,347,000","55,026,000","50,433,000","52,976,000","54,562,000","46,937,000","40,809,000","37,873,000","26,904,000","22,334,000","13,301,000","14,005,000","783,000","6,079,000","2,854,000","806,000","11,009,000","-1,544,000","-3,220,000","-2,804,000","2,808,000","234,000","-2,504,000","-3,497,000","-2,772,000","-4,598,000","-7,158,000","-9,849,000","-12,616,000","-14,286,000","-16,242,000","-20,811,000","-17,674,000","-17,077,000","-21,861,000","-16,179,000","-17,764,000","-24,022,000","-29,944,000","-34,966,000","-38,687,000","-29,950,000","-24,517,000","-13,955,400"
NetNonOperatingInterestIncomeExpense,"-333,438,000","-79,097,000","-78,532,000","-86,857,000","-88,952,000","-89,668,000","-98,284,000","-106,795,000","-103,065,000","-110,085,000","-110,473,000","-112,785,000","-118,644,000","-126,976,000","-127,654,000","-130,715,000","-121,667,000","-122,889,000","-119,537,000","-114,605,000","-108,592,000","-97,813,000","-91,438,000","-99,491,000","-99,938,000","-78,293,000","-75,335,000","-73,575,000","-68,271,000","-70,746,000","-63,400,000","-66,130,000","-67,386,000","-64,709,000","-61,028,000","-60,084,000","-59,584,000","-49,758,000","-49,153,000","-45,824,000","-52,127,000","-54,397,000","-50,435,000","-37,045,000","-37,146,000","-38,614,000","-38,053,000","-37,124,000","-25,169,000","-22,178,000","-21,903,000","-15,232,000","-12,535,000",,,,,,,,,,,,,,,,,,,,,,,,,,,,,,,,,,,,
	InterestIncomeNonOperating,"2,644,000","1,130,000","411,000","374,000","729,000","1,244,000","1,452,000","1,685,000","4,273,000","7,532,000","8,201,000","7,762,000","4,202,000","3,002,000","2,912,000","3,958,000","4,610,000","3,255,000","2,291,000","4,437,000","3,092,000","948,000","762,000","841,000","925,000","1,206,000","934,000","921,000","520,000","357,000","356,000","744,000","1,434,000","794,000","929,000","917,000","747,000","758,000","1,054,000","963,000","691,000","754,000","679,000","632,000","215,000","208,000","310,000","491,000","506,000","435,000","353,000","680,000","916,000",,,,,,,,,,,,,,,,,,,,,,,,,,,,,,,,,,,,
	InterestExpenseNonOperating,"336,082,000","80,227,000","78,943,000","87,231,000","89,681,000","90,912,000","99,736,000","108,480,000","107,338,000","117,617,000","118,674,000","120,547,000","122,846,000","129,978,000","130,566,000","134,673,000","126,277,000","126,144,000","121,828,000","119,042,000","111,684,000","98,761,000","92,200,000","100,332,000","100,863,000","79,499,000","76,269,000","74,496,000","68,791,000","71,103,000","63,756,000","66,874,000","68,820,000","65,503,000","61,957,000","61,001,000","60,331,000","50,516,000","50,207,000","46,787,000","52,818,000","55,151,000","51,114,000","37,677,000","37,361,000","38,822,000","38,363,000","37,615,000","25,675,000","22,613,000","22,256,000","15,912,000","13,451,000",,,,,,,,,,,,,,,,,,,,,,,,,,,,,,,,,,,,
OtherIncomeExpense,"-177,696,000","-18,297,000","11,878,000","-148,367,000","-22,910,000","-71,273,000","-104,693,000","-10,865,000","-14,000,000","-12,887,000","26,000","9,020,000","-17,467,000","-8,146,000","12,369,000","-40,762,000","-29,194,000","-22,126,000","-25,315,000","-41,562,000","-6,191,000","-3,415,000","786,000","-14,644,000","-92,004,000","-66,255,000","-26,188,000","-8,480,000","-1,670,000","-110,784,000","2,092,000","-51,178,000","493,000","-17,169,000","547,000","-88,523,000","-4,121,000","-12,517,000","-9,239,000","-3,763,000","-1,181,000","-717,000","-3,980,000","-697,000","1,200,000","-5,730,000","-1,140,000","-13,141,000","-4,931,000","-4,967,000","1,105,000","2,830,000","1,727,000","-1,638,000","-1,319,000","-918,000","2,040,000","1,217,000","613,000","-407,000","-3,395,000","9,647,000","-1,527,000",,,,,,,"-17,685,000",,,"-16,211,000",,,,,"87,045,000","-19,010,000","5,576,000","11,662,000","0","-48,565,000",,,,,,
	SpecialIncomeCharges,"-127,049,000","-12,495,000","10,396,000","-108,990,000","-15,960,000","-68,576,000","-104,855,000","-15,143,000","-19,170,000","-25,223,000","-3,402,000","-3,160,000","-17,301,000","-12,644,000","8,625,000","-49,628,000","-26,130,000","-30,794,000","-24,239,000","-42,846,000","-6,528,000","-1,708,000","-2,152,000","-16,199,000","-31,294,000","-17,638,000","-13,352,000","-9,866,000","-1,156,000","-107,733,000","281,000","-51,859,000","-185,000","-19,128,000","-438,000","-91,291,000","-3,662,000","-10,309,000","-9,239,000","-3,763,000","-1,181,000","-717,000","-3,980,000","-697,000","1,200,000","-5,730,000","-1,140,000","-13,141,000","-4,931,000","-4,967,000","1,105,000","2,830,000","1,727,000","-1,638,000","-1,319,000","-918,000","2,040,000","1,217,000","613,000","-407,000","-3,395,000","9,647,000","-1,527,000",,,,,,,"-17,685,000",,,"-16,211,000",,,,,"87,045,000","-19,010,000","5,576,000","11,662,000","0","-48,565,000",,,,,,
		RestructuringAndMergernAcquisition,"22,769,000","9,405,000","5,197,000","6,985,000","1,182,000","24,948,000","5,840,000","13,617,000","11,530,000","16,545,000","2,991,000","2,774,000","2,471,000","481,000","-1,120,000","30,413,000","4,639,000","7,125,000","2,083,000","26,402,000","3,025,000","-440,000","12,505,000","15,594,000","36,536,000","17,349,000","13,352,000","9,866,000","1,156,000","1,926,000","-281,000","676,000","185,000","4,229,000","438,000","-2,311,000","3,662,000","1,939,000","4,542,000","1,919,000","1,027,000","2,100,000","2,286,000","1,718,000","911,000","871,000","3,000,000","10,206,000","4,994,000","3,776,000","1,379,000","-220,000","-5,833,000","2,343,000","799,000",,,"0",,"407,000",,"0","1,527,000",,,,,,,,,,,,,,,"-75,000","19,010,000","9,950,000",,"0","48,565,000",,,,,,
		ImpairmentOfCapitalAssets,"0","0","0",,,"0","7,306,000","0","0","-233,000","1,189,000","386,000","14,448,000",,,,,"0","0",,,"0","7,698,000",,,,,,,,,,,"0",,,"0","9,861,000",,,,,,,,,"-206,000","0",,,,"0",,,,,,,,,,,,,,,,,,,,,,,,,,,,,,,,,,,,,
		OtherSpecialCharges,"115,125,000","-214,000","-179,000","102,460,000","13,058,000","44,001,000","93,494,000","1,868,000","6,441,000","52,758,000","-315,000",,"382,000","12,163,000","-1,492,000","19,215,000","21,491,000","23,669,000","22,156,000","16,444,000","3,503,000","1,777,000","9,894,000","605,000",,"289,000",,,,"105,807,000",,"51,183,000",,"14,899,000",,"93,602,000",,"-1,491,000","4,697,000","1,844,000","154,000","-1,383,000","1,694,000","-1,021,000","-2,111,000","1,233,000","-1,654,000","2,935,000","-63,000","-1,399,000","-2,484,000","-2,610,000","4,106,000","-705,000","520,000",,,"-1,217,000",,,,,,,,,,,,,,,,,,,,"-86,970,000",,"-15,526,000",,,,,,,,,
		GainOnSaleOfPPE,"10,845,000","-3,304,000","15,414,000","455,000","-1,720,000","373,000","1,785,000","342,000","-1,199,000","43,847,000","463,000",,,"0","6,013,000",,,"0","0","0","0","-371,000","27,945,000","0","5,242,000",,,,,,,,,,,,,,,,,,,,,,,,,,,,,,,,,,,,,,,,,,,,,,,,,,,,,,,,,,,,,,,,
	OtherNonOperatingIncomeExpenses,"-50,647,000","-5,802,000","1,482,000","-39,377,000","-6,950,000","-2,697,000","162,000","4,278,000","5,170,000","12,336,000","3,428,000","12,180,000","-166,000","4,498,000","3,744,000","8,866,000","-3,064,000","8,668,000","-1,076,000","1,284,000","337,000","-1,707,000","2,938,000","1,555,000","-60,710,000","-48,617,000","-12,836,000","1,386,000","-514,000","-3,051,000","1,811,000","681,000","678,000","1,959,000","985,000","2,768,000","-459,000","-717,000",,,,,,,,,,,,,,,,,,,,,,,,,,,,,,,,,,,,,,,,,,,,,,,,,,,
PretaxIncome,"608,952,000","165,040,000","205,250,000","49,960,000","188,702,000","92,240,000","96,734,000","178,103,000","149,148,000","162,467,000","178,638,000","191,176,000","160,316,000","136,076,000","143,335,000","73,974,000","79,653,000","94,153,000","82,094,000","55,130,000","55,455,000","83,158,000","71,547,000","53,114,000","-47,960,000","8,678,000","52,712,000","66,944,000","82,664,000","-51,778,000","73,542,000","8,065,000","54,904,000","47,340,000","55,150,000","-38,741,000","48,521,000","51,567,000","42,019,000","54,998,000","48,817,000","29,862,000","25,987,000","38,842,000","36,270,000","11,003,000","15,833,000","168,000","22,876,000","27,417,000","26,139,000","28,407,000","27,065,000","11,642,000","7,576,000","1,971,000","5,892,000","-6,366,000","4,339,000","1,414,000","-4,102,000","8,680,000","-4,898,000","-5,055,000","-5,061,000","-32,614,000","-619,000","-3,547,000","-5,289,000","-22,716,000","-6,615,000","-9,199,000","-29,948,000",,,,,,,,,,,,,,,,
TaxProvision,"109,224,000","41,899,000","53,224,000","-18,527,000","32,628,000","41,304,000","29,903,000","44,753,000","30,191,000","37,632,000","57,827,000","47,324,000","42,569,000","26,054,000","18,510,000","6,356,000","16,759,000","28,938,000","2,194,000","9,325,000","13,393,000","19,494,000","22,778,000","13,812,000","-10,633,000","-2,053,000","11,580,000","7,485,000","6,212,000","303,325,000","30,581,000","-2,014,000","13,567,000","1,967,000","12,397,000","-10,612,000","12,198,000","17,294,000","13,498,000","17,358,000","14,006,000","13,769,000","5,348,000","8,109,000","11,125,000","-2,757,000","4,637,000","2,442,000","8,677,000","9,695,000","7,327,000","10,967,000","11,608,000","-104,857,000","187,000","-258,000","471,000","-293,000","215,000","197,000","354,000","-431,000","270,000","215,000","385,000","-10,000","164,000","-116,000","505,000","-47,000",,"6,000","194,000",,,,,,,,,,,,,,,,
NetIncomeCommonStockholders,"500,191,000","123,274,000","152,216,000","68,339,000","156,362,000","50,994,000","66,687,000","133,304,000","118,792,000","124,995,000","120,850,000","143,527,000","118,078,000","110,022,000","124,825,000","67,618,000","62,894,000","65,215,000","79,900,000","45,805,000","42,062,000","61,750,000","51,450,000","44,711,000","-31,111,000","10,731,000","41,132,000","59,459,000","76,452,000","-355,103,000","42,841,000","11,328,000","41,387,000","45,187,000","42,471,000","-28,658,000","35,882,000","44,858,000","28,838,000","36,447,000","34,523,000","17,810,000","20,319,000","30,730,000","25,145,000","13,760,000","11,196,000","-2,274,000","14,199,000","17,722,000","18,812,000","17,440,000","15,457,000","116,499,000","7,389,000","2,229,000","5,421,000","-6,073,000","4,124,000","1,217,000","-4,456,000","9,111,000","-5,168,000","-5,270,000","-5,070,000","-32,604,000","-783,000","-3,431,000","-5,794,000","-22,669,000","-6,615,000","-9,205,000","-30,142,000","-17,697,000","-19,718,000","-21,203,000","-25,553,000","60,721,000","-44,088,000","-24,557,000","-13,694,000","-27,447,000","-81,574,000","-37,857,000","-41,537,000","-42,885,000","-32,085,000","-26,811,000","-18,008,800"
	NetIncome,"500,191,000","123,274,000","152,216,000","68,339,000","156,362,000","50,994,000","66,687,000","133,304,000","118,792,000","124,995,000","120,850,000","143,527,000","118,078,000","110,022,000","124,825,000","67,618,000","62,894,000","65,215,000","79,900,000","45,805,000","42,062,000","61,750,000","51,450,000","44,711,000","-31,111,000","10,731,000","41,132,000","59,459,000","76,452,000","-355,103,000","42,841,000","11,328,000","41,387,000","45,187,000","42,471,000","-28,658,000","35,882,000","44,858,000","28,838,000","36,447,000","34,523,000","17,810,000","20,319,000","30,730,000","25,145,000","13,760,000","11,196,000","-2,274,000","14,199,000","17,722,000","18,812,000","17,440,000","15,457,000","116,499,000","7,389,000","2,229,000","5,421,000","-6,073,000","4,124,000","1,217,000","-4,456,000","9,111,000","-5,168,000","-5,270,000","-5,070,000","-32,604,000","-783,000","-3,431,000","-5,794,000","-22,669,000","-6,615,000","-9,205,000","-30,142,000","-17,697,000","-19,718,000","-21,203,000","-25,553,000","60,721,000","-44,088,000","-24,557,000","-13,694,000","-27,447,000","-81,574,000","-37,857,000","-41,537,000","-42,885,000","-32,085,000","-26,811,000","-18,008,800"
		NetIncomeIncludingNoncontrollingInterests,"499,728,000","123,141,000","152,026,000","68,487,000","156,074,000","50,936,000","66,831,000","133,350,000","118,957,000","124,835,000","120,811,000","143,852,000","117,747,000","110,022,000","124,825,000","67,618,000","62,894,000","65,215,000","79,900,000","45,805,000","42,062,000","61,750,000","51,450,000","44,711,000","-31,111,000","10,731,000","41,132,000","59,459,000","76,452,000","-355,103,000","42,961,000","10,079,000","41,337,000","45,373,000","42,753,000","-28,129,000","36,323,000","46,131,000","29,200,000","37,640,000","34,811,000","16,093,000","20,639,000","30,733,000","25,145,000","13,760,000","11,196,000","-2,274,000","14,199,000","17,722,000","18,812,000","17,440,000","15,457,000","116,499,000","7,389,000","2,229,000","5,421,000","-6,073,000","4,124,000","1,217,000","-4,456,000","9,111,000","-5,168,000","-5,270,000","-5,070,000","-32,604,000","-783,000","-3,431,000","-5,794,000","-22,669,000","-6,615,000","-9,205,000","-30,142,000","-17,697,000","-19,718,000","-21,203,000","-25,553,000","60,721,000","-44,088,000","-24,557,000","-13,694,000","-27,447,000","-81,574,000","-37,857,000","-41,537,000","-42,885,000","-32,085,000","-26,811,000","-18,008,800"
			NetIncomeContinuousOperations,"499,728,000","123,141,000","152,026,000","68,487,000","156,074,000","50,936,000","66,831,000","133,350,000","118,957,000","124,835,000","120,811,000","143,852,000","117,747,000","110,022,000","124,825,000","67,618,000","62,894,000","65,215,000","79,900,000","45,805,000","42,062,000","63,664,000","48,769,000","39,302,000","-37,327,000","10,731,000","41,132,000","59,459,000","76,452,000","-355,103,000","42,961,000","10,079,000","41,337,000","45,373,000","42,753,000","-28,129,000","36,323,000","34,273,000","28,521,000","37,640,000","34,811,000","16,093,000","20,639,000","30,733,000","25,145,000","13,760,000","11,196,000","-2,274,000","14,199,000","17,722,000","18,812,000","17,440,000","15,457,000","116,499,000","7,389,000","2,229,000","5,421,000","-6,073,000","4,124,000","1,217,000","-4,456,000","9,111,000","-5,168,000","-5,270,000","-5,446,000","-32,604,000","-783,000","-3,431,000","-5,794,000","-22,669,000","-6,615,000","-9,205,000","-30,142,000","-17,697,000","-19,718,000","-21,203,000","-25,553,000","60,721,000","-44,088,000","-24,557,000","-13,694,000","-27,447,000","-81,574,000","-37,857,000","-41,537,000","-42,885,000","-32,085,000","-26,811,000","-18,008,800"
			NetIncomeDiscontinuousOperations,,,,,,,,,,,,,,,,,,,"0","0","0","-1,914,000","2,681,000","5,409,000","6,216,000",,,,,,,,,"0","0","0","0","11,858,000","679,000",,,,,,,,,,,,,,,,,,,,,,,,,,,,,,,,,,,,,,,,,,,,,,,,,,
			NetIncomeExtraordinary,,,,,,,,,,,,,,,,,,,,,,,,,,,,,,,,,,,,,,,,,,,,,,,,,,,,,,,,,,,,,,"0",,,"376,000",,,,,,,,,,,,,,,,,,,,,,,,
		MinorityInterests,"463,000","133,000","190,000","-148,000","288,000","58,000","-144,000","-46,000","-165,000","160,000","39,000","-325,000","331,000",,,,,,,,,,,,,"0","0","0","0","0","-120,000","1,249,000","50,000","-186,000","-282,000","-529,000","-441,000","-1,273,000","-362,000","-1,193,000","-288,000","1,717,000","-320,000","-3,000",,,,,,,,,,,,,,,,,,,,,,,,,,,,,,,,,,,,,,,,,,,,,
AverageDilutionEarnings,,,,,,,,,,,,,,,,,,,,,,,,,,,"0",,"0",,"885,000",,"1,984,000",,"1,865,000","0","1,851,000",,,,,,,,,,,,,,,,,,,,,,,,,,,,,,,,,,,,,,,,,,,,,,,,,,,,
DilutedNIAvailtoComStockholders,"500,191,000","123,274,000","152,216,000","68,339,000","156,362,000","50,994,000","66,687,000","133,304,000","118,792,000","124,995,000","120,850,000","143,527,000","118,078,000","110,022,000","124,825,000","67,618,000","62,894,000","65,215,000","79,900,000","45,805,000","42,062,000","61,750,000","51,450,000","44,711,000","-31,111,000","10,731,000","41,132,000","59,459,000","76,452,000","-359,965,000","43,726,000","11,328,000","43,371,000","45,187,000","44,336,000","-28,658,000","37,733,000","44,858,000","28,838,000","36,447,000","34,523,000","17,810,000","20,319,000","30,730,000","25,145,000","13,760,000","11,196,000","-2,274,000","14,199,000","17,722,000","18,812,000","17,440,000","15,457,000","116,499,000","7,389,000","2,229,000","5,421,000","-6,073,000","4,124,000","1,217,000","-4,456,000","9,111,000","-5,168,000","-5,270,000","-5,070,000","-32,604,000","-783,000","-3,431,000","-5,794,000","-22,669,000","-6,615,000","-9,205,000","-30,142,000","-17,697,000","-19,718,000","-21,203,000","-25,553,000","60,721,000","-44,088,000","-24,557,000","-13,694,000","-27,447,000","-81,574,000","-37,857,000","-41,537,000","-42,885,000","-32,085,000","-26,811,000","-18,008,800"
BasicEPS,,"1.37","1.69","0.76","1.75","0.57","0.75","1.53","1.39","1.47","1.42","1.7","1.44","1.37","1.56","0.85","0.79","0.83","1.02","0.59","0.58","0.86","0.73","0.64","-0.46","0.18","0.72","1.04","1.35","-6.42","0.81","0.22","0.83","0.91","0.74","-0.58","0.73","0.92","0.6","0.76","0.74",,"0.21","0.65","0.54",,"0.24","-0.05","0.36",,"0.49","0.46","0.41",,"0.2","0.06","0.15",,"0.13","0.04","-0.15",,"-0.18","-0.19","-0.18",,"-0.03","-0.14","-0.26",,"-0.36","-0.51","-2",,"-2.12","-2.44","-3",,"-14.058","-7.987","-5.112",,"-32.907","-15.335","-17.252",,"-22.364","-83.706","-13.76"
DilutedEPS,,"1.36","1.68","0.76","1.74","0.57","0.74","1.52","1.38","1.46","1.41","1.69","1.44","1.36","1.55","0.85","0.79","0.82","1.02","0.58","0.57","0.86","0.72","0.64","-0.46","0.18","0.71","1.03","1.34","-6.42","0.79","0.22","0.81","0.88","0.72","-0.58","0.71","0.88","0.58","0.73","0.71",,"0.2","0.64","0.53",,"0.24","-0.05","0.35",,"0.47","0.44","0.4",,"0.19","0.06","0.15",,"0.12","0.04","-0.15",,"-0.18","-0.19","-0.18",,"-0.03","-0.14","-0.26",,"-0.36","-0.51","-2",,"-2.12","-2.44","-3",,"-14.058","-7.987","-5.112",,"-32.907","-15.335","-17.252",,"-22.364","-83.706","-13.76"
BasicAverageShares,,"90,240,000","89,858,000","89,648,000","89,330,000","89,113,000","88,806,000","87,303,000","85,551,000","85,289,000","85,012,000","84,399,000","81,814,000","80,509,000","79,872,000","79,479,000","79,241,000","78,543,000","78,055,000","77,923,000","72,773,000","71,389,000","71,190,000","69,729,000","68,132,000","60,393,000","57,082,000","56,935,000","56,661,000","55,295,000","53,137,000","51,332,000","49,598,000","49,765,000","49,555,000","49,379,000","49,029,000","48,673,000","48,361,000","48,016,000","46,955,000",,"47,202,000","46,924,000","46,451,000",,"45,745,000","43,507,000","39,562,000",,"38,787,000","38,152,000","37,861,000",,"36,972,000","36,572,000","36,277,000",,"31,683,000","31,126,000","29,702,000",,"28,743,000","28,468,000","27,848,000",,"24,076,000","23,727,000","21,898,000",,"18,386,000","18,191,000","15,104,000",,"9,293,000","8,706,000","8,512,000",,"3,145,931","3,096,822","2,660,437",,"2,474,515","2,443,591","2,390,694",,"1,425,214","320,543","1,311,264"
DilutedAverageShares,,"90,752,000","90,467,000","90,104,000","89,842,000","89,726,000","89,519,000","87,901,000","86,144,000","85,831,000","85,571,000","84,767,000","82,090,000","80,740,000","80,283,000","79,752,000","79,649,000","79,128,000","78,719,000","78,508,000","73,367,000","71,959,000","71,908,000","70,364,000","68,132,000","60,943,000","57,708,000","57,499,000","57,227,000","55,295,000","55,238,000","51,652,000","53,386,000","53,499,000","53,581,000","49,379,000","53,480,000","52,917,000","52,655,000","52,351,000","51,061,000",,"47,943,000","50,664,000","47,219,000",,"46,735,000","43,507,000","40,785,000",,"39,887,000","39,318,000","38,739,000",,"37,932,000","37,844,000","37,259,000",,"33,112,000","32,641,000","29,702,000",,"28,743,000","28,468,000","27,848,000",,"24,076,000","23,727,000","21,898,000",,"18,386,000","18,191,000","15,104,000",,"9,293,000","8,706,000","8,512,000",,"3,145,931","3,096,822","2,660,437",,"2,474,515","2,443,591","2,390,694",,"1,425,214","1,311,264","1,311,264"
TotalOperatingIncomeAsReported,"1,108,162,000","249,725,000","282,121,000","278,654,000","297,662,000","228,606,000","288,350,000","282,488,000","253,484,000","312,974,000","285,368,000","291,781,000","279,508,000","270,717,000","265,753,000","215,038,000","225,875,000","232,043,000","224,863,000","184,895,000","167,213,000","184,455,000","169,941,000","151,655,000","112,688,000","135,877,000","140,883,000","139,133,000","151,449,000","127,826,000","135,131,000","124,697,000","121,612,000","124,989,000","115,193,000","112,177,000","108,564,000","102,042,000","95,869,000","102,666,000","101,098,000","82,876,000","78,116,000","74,866,000","71,305,000","54,476,000","52,026,000","40,227,000","47,982,000","50,786,000","45,558,000","41,029,000","43,706,000","24,561,000","21,535,000","13,301,000","14,005,000","783,000","6,079,000","2,447,000","806,000","11,009,000","-3,071,000","-3,220,000","-2,804,000","-31,006,000","234,000","-2,504,000","-3,497,000","-20,457,000","-4,598,000","-7,158,000","-9,849,000","-12,616,000","-14,286,000","-16,242,000","-20,811,000","-17,599,000","-36,087,000","-31,811,000","-16,179,000","-17,764,000","-72,587,000","-29,944,000","-34,966,000","-38,687,000","-29,950,000","-24,517,000","-13,955,400"
TotalExpenses,"5,515,451,000","1,443,944,000","1,403,272,000","1,372,735,000","1,295,500,000","1,310,934,000","1,220,056,000","1,174,358,000","1,178,329,000","1,131,696,000","1,107,725,000","1,090,036,000","1,066,791,000","1,038,885,000","1,025,131,000","1,016,492,000","985,363,000","961,053,000","925,315,000","855,124,000","779,287,000","758,261,000","762,477,000","733,261,000","700,174,000","577,236,000","532,414,000","516,583,000","490,569,000","508,369,000","485,591,000","479,788,000","458,256,000","435,459,000","427,453,000","415,803,000","407,229,000","392,678,000","388,319,000","361,679,000","350,075,000","346,336,000","337,199,000","318,316,000","290,813,000","289,897,000","275,321,000","245,661,000","195,673,000","187,990,000","180,621,000","172,359,000","161,358,000","163,779,000","161,401,000","158,743,000","144,213,000","137,931,000","97,703,000","88,983,000","84,303,000","68,763,000","75,270,000","71,768,000","67,673,000","58,990,000","57,862,000","54,983,000","52,181,000","47,761,000","47,037,000","46,581,000","46,669,000","45,770,000","45,205,000","44,676,000","46,246,000","36,477,000","37,264,000","39,901,000","36,337,000","35,230,000","41,200,000","46,101,000","47,579,000","46,742,000","33,883,000","25,409,000","14,091,000"
NetIncomeFromContinuingAndDiscontinuedOperation,"500,191,000","123,274,000","152,216,000","68,339,000","156,362,000","50,994,000","66,687,000","133,304,000","118,792,000","124,995,000","120,850,000","143,527,000","118,078,000","110,022,000","124,825,000","67,618,000","62,894,000","65,215,000","79,900,000","45,805,000","42,062,000","61,750,000","51,450,000","44,711,000","-31,111,000","10,731,000","41,132,000","59,459,000","76,452,000","-355,103,000","42,841,000","11,328,000","41,387,000","45,187,000","42,471,000","-28,658,000","35,882,000","44,858,000","28,838,000","36,447,000","34,523,000","17,810,000","20,319,000","30,730,000","25,145,000","13,760,000","11,196,000","-2,274,000","14,199,000","17,722,000","18,812,000","17,440,000","15,457,000","116,499,000","7,389,000","2,229,000","5,421,000","-6,073,000","4,124,000","1,217,000","-4,456,000","9,111,000","-5,168,000","-5,270,000","-5,446,000","-32,604,000","-783,000","-3,431,000","-5,794,000","-22,669,000","-6,615,000","-9,205,000","-30,142,000","-17,697,000","-19,718,000","-21,203,000","-25,553,000","60,721,000","-44,088,000","-24,557,000","-13,694,000","-27,447,000","-81,574,000","-37,857,000","-41,537,000","-42,885,000","-32,085,000","-26,811,000","-18,008,800"
NormalizedIncome,"604,498,229","132,596,872.001","144,512,564","147,901,700","169,560,920","101,054,480","139,141,805","144,646,107","134,089,660","144,375,632.405","123,149,752","145,903,320","130,776,934","120,245,097.152","117,312,625","112,977,992","83,536,700","86,544,439.423","103,484,547","81,410,026","47,010,224","64,971,608.552","50,236,664","51,289,260","-12,980,268","21,313,800","51,546,560","68,221,883.813","77,521,300","-285,076,550","42,658,350","45,036,350","41,526,305","63,520,222.307","42,810,450","37,619,266","38,624,838","39,851,675.626","34,432,281","39,020,892","35,365,053","18,276,050","23,479,935.083","31,281,488.106","24,313,072.787","17,484,500","12,002,128.971","6,267,650","17,259,642.988","20,932,605.61","18,016,741.574","15,702,569.085","14,334,450","117,563,700","8,675,442.846","2,825,700","3,544,075.356","-7,233,986.648","3,541,374.51","1,567,296.322","-2,249,250","3,322,800","-4,251,800","-5,270,000","-5,446,000","-32,604,000","-783,000","-3,431,000","-5,794,000","-5,020,590.729","-6,615,000","-9,205,000","-20,415,400","-17,697,000","-19,718,000","-21,203,000","-25,553,000","8,494,000","-32,682,000","-27,902,600","-20,691,200","-27,447,000","-52,435,000","-37,857,000","-41,537,000","-42,885,000","-32,085,000","-26,811,000","-18,008,800"
InterestIncome,"2,644,000","1,130,000","411,000","374,000","729,000","1,244,000","1,452,000","1,685,000","4,273,000","7,532,000","8,201,000","7,762,000","4,202,000","3,002,000","2,912,000","3,958,000","4,610,000","3,255,000","2,291,000","4,437,000","3,092,000","948,000","762,000","841,000","925,000","1,206,000","934,000","921,000","520,000","357,000","356,000","744,000","1,434,000","794,000","929,000","917,000","747,000","758,000","1,054,000","963,000","691,000","754,000","679,000","632,000","215,000","208,000","310,000","491,000","506,000","435,000","353,000","680,000","916,000",,,,,,,,,,,,,,,,,,,,,,,,,,,,,,,,,,,,
InterestExpense,"336,082,000","80,227,000","78,943,000","87,231,000","89,681,000","90,912,000","99,736,000","108,480,000","107,338,000","117,617,000","118,674,000","120,547,000","122,846,000","129,978,000","130,566,000","134,673,000","126,277,000","126,144,000","121,828,000","119,042,000","111,684,000","98,761,000","92,200,000","100,332,000","100,863,000","79,499,000","76,269,000","74,496,000","68,791,000","71,103,000","63,756,000","66,874,000","68,820,000","65,503,000","61,957,000","61,001,000","60,331,000","50,516,000","50,207,000","46,787,000","52,818,000","55,151,000","51,114,000","37,677,000","37,361,000","38,822,000","38,363,000","37,615,000","25,675,000","22,613,000","22,256,000","15,912,000","13,451,000",,,,,,,,,,,,,,,,,,,,,,,,,,,,,,,,,,,,
NetInterestIncome,"-333,438,000","-79,097,000","-78,532,000","-86,857,000","-88,952,000","-89,668,000","-98,284,000","-106,795,000","-103,065,000","-110,085,000","-110,473,000","-112,785,000","-118,644,000","-126,976,000","-127,654,000","-130,715,000","-121,667,000","-122,889,000","-119,537,000","-114,605,000","-108,592,000","-97,813,000","-91,438,000","-99,491,000","-99,938,000","-78,293,000","-75,335,000","-73,575,000","-68,271,000","-70,746,000","-63,400,000","-66,130,000","-67,386,000","-64,709,000","-61,028,000","-60,084,000","-59,584,000","-49,758,000","-49,153,000","-45,824,000","-52,127,000","-54,397,000","-50,435,000","-37,045,000","-37,146,000","-38,614,000","-38,053,000","-37,124,000","-25,169,000","-22,178,000","-21,903,000","-15,232,000","-12,535,000",,,,,,,,,,,,,,,,,,,,,,,,,,,,,,,,,,,,
EBIT,"945,034,000","245,267,000","284,193,000","137,191,000","278,383,000","183,152,000","196,470,000","286,583,000","256,486,000","280,084,000","297,312,000","311,723,000","283,162,000","266,054,000","273,901,000","208,647,000","205,930,000","220,297,000","203,922,000","174,172,000","167,139,000","181,919,000","163,747,000","153,446,000","52,903,000","88,177,000","128,981,000","141,440,000","151,455,000","19,325,000","137,298,000","74,939,000","123,724,000","112,843,000","117,107,000","22,260,000","108,852,000","102,083,000","92,226,000","101,785,000","101,635,000","85,013,000","77,101,000","76,519,000","73,631,000","49,825,000","54,196,000","37,783,000","48,551,000","50,030,000","48,395,000","44,319,000","40,516,000","32,482,000","22,334,000","13,301,000","14,005,000","783,000","6,079,000","2,854,000","806,000","11,009,000","-1,544,000","-3,220,000","-2,804,000","2,808,000","234,000","-2,504,000","-3,497,000","-2,772,000","-4,598,000","-7,158,000","-9,849,000","-12,616,000","-14,286,000","-16,242,000","-20,811,000","-17,674,000","-17,077,000","-21,861,000","-16,179,000","-17,764,000","-24,022,000","-29,944,000","-34,966,000","-38,687,000","-29,950,000","-24,517,000","-13,955,400"
EBITDA,"2,601,324,000"
ReconciledCostOfRevenue,"3,472,422,000","910,435,000","885,650,000","865,120,000","811,217,000","830,735,000","767,979,000","739,344,000","736,282,000","725,636,000","704,339,000","698,179,000","682,030,000","670,935,000","660,309,000","651,801,000","622,430,000","619,625,000","582,360,000","522,203,000","468,961,000","465,921,000","470,302,000","456,967,000","427,680,000","351,968,000","325,468,000","315,757,000","298,313,000","313,449,000","304,052,000","292,859,000","287,525,000","269,743,000","268,960,000","267,693,000","259,268,000","250,121,000","251,487,000","233,192,000","225,079,000","229,340,000","228,153,000","215,572,000","194,576,000","193,559,000","185,476,000","162,582,000","133,050,000","127,074,000","126,007,000","118,534,000","111,805,000","108,302,000","109,863,000","102,008,000","94,486,000","92,480,000","62,891,000","55,609,000","52,765,000","50,334,000","49,137,000","45,563,000","43,345,000","41,715,000","40,955,000","38,811,000","36,873,000","34,705,000","34,310,000","34,150,000","33,785,000","32,554,000","33,314,000","31,634,000","30,619,000","25,474,000","26,217,000","26,956,000","25,426,000","20,296,000","24,597,000","26,318,000","3,172,000","-1,412,000","-1,602,000","-2,654,000","-2,972,800"
ReconciledDepreciation,"1,656,290,000","426,101,000","418,931,000","416,241,000","395,017,000","378,219,000","360,688,000","348,593,000","335,869,000","330,544,000","321,891,000","319,224,000","313,178,000","306,864,000","305,726,000","307,331,000","307,568,000","292,277,000","278,411,000","254,786,000","217,006,000","209,797,000","214,825,000","212,051,000","200,534,000","144,165,000","132,403,000","127,376,000","121,636,000","131,964,000","120,152,000","115,647,000","113,928,000","106,375,000","109,980,000","109,048,000","107,068,000","103,409,000","106,516,000","95,562,000","92,804,000","93,371,000","90,746,000","85,222,000","78,335,000","75,439,000","73,298,000","62,750,000","48,689,000","42,472,000","44,491,000","44,891,000","41,676,000","39,808,000","42,765,000","39,472,000","36,862,000","36,138,000","24,133,000","22,405,000","20,631,000","19,745,000","2,036,000","34,085,000","16,912,000","21,929,000","17,334,000","18,210,000","17,491,000","21,277,000","14,664,000","14,686,000","15,506,000","24,467,000","15,666,000","16,531,000","17,737,000","17,373,000","17,019,000","15,648,000","16,897,000","17,515,000","17,554,000","20,309,000","20,506,000","23,219,000","14,021,400","9,726,300","6,187,300"
NetIncomeFromContinuingOperationNetMinorityInterest,"500,191,000","123,274,000","152,216,000","68,339,000","156,362,000","50,994,000","66,687,000","133,304,000","118,792,000","124,995,000","120,850,000","143,527,000","118,078,000","110,022,000","124,825,000","67,618,000","62,894,000","65,215,000","79,900,000","45,805,000","42,062,000","63,664,000","48,769,000","39,302,000","-37,327,000","10,731,000","41,132,000","59,459,000","76,452,000","-355,103,000","42,841,000","11,328,000","41,387,000","45,187,000","42,471,000","-28,658,000","35,882,000","33,000,000","28,159,000","36,447,000","34,523,000","17,810,000","20,319,000","30,730,000","25,145,000","13,760,000","11,196,000","-2,274,000","14,199,000","17,722,000","18,812,000","17,440,000","15,457,000","116,499,000","7,389,000","2,229,000","5,421,000","-6,073,000","4,124,000","1,217,000","-4,456,000","9,111,000","-5,168,000","-5,270,000","-5,446,000","-32,604,000","-783,000","-3,431,000","-5,794,000","-22,669,000","-6,615,000","-9,205,000","-30,142,000","-17,697,000","-19,718,000","-21,203,000","-25,553,000","60,721,000","-44,088,000","-24,557,000","-13,694,000","-27,447,000","-81,574,000","-37,857,000","-41,537,000","-42,885,000","-32,085,000","-26,811,000","-18,008,800"
TotalUnusualItemsExcludingGoodwill,"-127,049,000","-12,495,000","10,396,000","-108,990,000","-15,960,000","-68,576,000","-104,855,000","-15,143,000","-19,170,000","-25,223,000","-3,402,000","-3,160,000","-17,301,000","-12,644,000","8,625,000","-49,628,000","-26,130,000","-30,794,000","-24,239,000","-42,846,000","-6,528,000","-1,708,000","-2,152,000","-16,199,000","-31,294,000","-17,638,000","-13,352,000","-9,866,000","-1,156,000","-107,733,000","281,000","-51,859,000","-185,000","-19,128,000","-438,000","-91,291,000","-3,662,000","-10,309,000","-9,239,000","-3,763,000","-1,181,000","-717,000","-3,980,000","-697,000","1,200,000","-5,730,000","-1,140,000","-13,141,000","-4,931,000","-4,967,000","1,105,000","2,830,000","1,727,000","-1,638,000","-1,319,000","-918,000","2,040,000","1,217,000","613,000","-407,000","-3,395,000","9,647,000","-1,527,000",,,,,,,"-17,685,000",,,"-16,211,000",,,,,"87,045,000","-19,010,000","5,576,000","11,662,000","0","-48,565,000",,,,,,
TotalUnusualItems,"-127,049,000","-12,495,000","10,396,000","-108,990,000","-15,960,000","-68,576,000","-104,855,000","-15,143,000","-19,170,000","-25,223,000","-3,402,000","-3,160,000","-17,301,000","-12,644,000","8,625,000","-49,628,000","-26,130,000","-30,794,000","-24,239,000","-42,846,000","-6,528,000","-1,708,000","-2,152,000","-16,199,000","-31,294,000","-17,638,000","-13,352,000","-9,866,000","-1,156,000","-107,733,000","281,000","-51,859,000","-185,000","-19,128,000","-438,000","-91,291,000","-3,662,000","-10,309,000","-9,239,000","-3,763,000","-1,181,000","-717,000","-3,980,000","-697,000","1,200,000","-5,730,000","-1,140,000","-13,141,000","-4,931,000","-4,967,000","1,105,000","2,830,000","1,727,000","-1,638,000","-1,319,000","-918,000","2,040,000","1,217,000","613,000","-407,000","-3,395,000","9,647,000","-1,527,000",,,,,,,"-17,685,000",,,"-16,211,000",,,,,"87,045,000","-19,010,000","5,576,000","11,662,000","0","-48,565,000",,,,,,
NormalizedEBITDA,"2,728,373,000","683,863,000","692,728,000","662,422,000","689,360,000","629,947,000","662,013,000","650,319,000","611,525,000","635,851,000","622,605,000","634,107,000","613,641,000","585,562,000","571,002,000","565,606,000","539,628,000","543,368,000","506,572,000","471,804,000","390,673,000","393,424,000","380,724,000","381,696,000","284,731,000","249,980,000","274,736,000","278,682,000","274,247,000","259,022,000","257,169,000","242,445,000","237,837,000","238,346,000","227,525,000","222,599,000","219,582,000","215,801,000","207,981,000","201,110,000","195,620,000","179,101,000","171,827,000","162,438,000","150,766,000","130,994,000","128,634,000","113,674,000","102,171,000","97,469,000","91,781,000","86,380,000","80,465,000","73,928,000","66,418,000","53,691,000","48,827,000","35,704,000","29,599,000","25,666,000","24,832,000","21,107,000","2,019,000","30,865,000","14,108,000","24,737,000","17,568,000","15,706,000","13,994,000","36,190,000","10,066,000","7,528,000","21,868,000","11,851,000","1,380,000","289,000","-3,074,000","-87,346,000","18,952,000","-11,789,000","-10,944,000","-249,000","42,097,000","-9,635,000","-14,460,000","-15,468,000","-15,928,600","-14,790,700","-7,768,100"
TaxRateForCalcs,"0.179","0.254","0.259","0.27","0.173","0.27","0.309","0.251","0.202","0.232","0.324","0.248","0.266","0.191","0.129","0.086","0.21","0.307","0.027","0.169","0.242","0.234","0.318","0.26","0.222","0.4","0.22","0.112","0.075","0.35","0.35","0.35","0.247","0.042","0.225","0.274","0.251","0.335","0.321","0.316","0.287","0.35","0.206","0.209","0.307","0.35","0.293","0.35","0.379","0.354","0.28","0.386","0.35","0.35","0.025","0.35","0.08","0.046","0.05","0.139","0.35","0.4","0.4","0.4","0.4","0","0.4","0.033","0.4","0.002","0","0.4","0.4","0.4","0.4","0.4","0.4","0.4","0.4","0.4","0.4","0.4","0.4","0.4","0.4","0.4","0.4","0.4","0.4"
TaxEffectOfUnusualItems,"-22,741,771","-3,172,127.999","2,692,564","-29,427,300","-2,761,080","-18,515,520","-32,400,195","-3,800,893","-3,872,340","-5,842,367.595","-1,102,248","-783,680","-4,602,066","-2,420,902.848","1,112,625","-4,268,008","-5,487,300","-9,464,560.577","-654,453","-7,240,974","-1,579,776","-400,391.448","-684,336","-4,211,740","-6,947,268","-7,055,200","-2,937,440","-1,103,116.187","-86,700","-37,706,550","98,350","-18,150,650","-45,695","-794,777.693","-98,550","-25,013,734","-919,162","-3,457,324.374","-2,965,719","-1,189,108","-338,947","-250,950","-819,064.917","-145,511.894","368,072.787","-2,005,500","-333,871.029","-4,599,350","-1,870,357.012","-1,756,394.39","309,741.574","1,092,569.085","604,450","-573,300","-32,557.154","-321,300","163,075.356","56,013.352","30,374.51","-56,703.678","-1,188,250","3,858,800","-610,800","0","0","0","0","0","0","-36,590.729","0","0","-6,484,400","0","0","0","0","34,818,000","-7,604,000","2,230,400","4,664,800","0","-19,426,000","0","0","0","0","0","0"