name,ttm,12/31/2021,09/30/2021,06/30/2021,03/31/2021,12/31/2020,09/30/2020,06/30/2020,03/31/2020,12/31/2019,09/30/2019,06/30/2019,03/31/2019,12/31/2018,09/30/2018,06/30/2018,03/31/2018,12/31/2017,09/30/2017,06/30/2017,03/31/2017,12/31/2016,09/30/2016,06/30/2016,03/31/2016,12/31/2015,09/30/2015,06/30/2015,03/31/2015,12/31/2014,09/30/2014,06/30/2014,03/31/2014,12/31/2013,09/30/2013,06/30/2013,03/31/2013,12/31/2012,09/30/2012,06/30/2012,03/31/2012,12/31/2011,09/30/2011,06/30/2011,03/31/2011,12/31/2010,09/30/2010,06/30/2010,03/31/2010,12/31/2009,09/30/2009,06/30/2009,03/31/2009,12/31/2008,09/30/2008,06/30/2008,03/31/2008,12/31/2007,09/30/2007,06/30/2007,03/31/2007,12/31/2006,09/30/2006,06/30/2006,03/31/2006,12/31/2005,09/30/2005,06/30/2005,03/31/2005,12/31/2004,09/30/2004,06/30/2004,03/31/2004,12/31/2003,09/30/2003,06/30/2003,03/31/2003,12/31/2002,09/30/2002,06/30/2002,03/31/2002,12/31/2001,09/30/2001,06/30/2001,03/31/2001,12/31/2000,09/30/2000,06/30/2000,03/31/2000,12/31/1999,09/30/1999,06/30/1999,03/31/1999,12/31/1998,09/30/1998,06/30/1998,03/31/1998,12/31/1997,09/30/1997,06/30/1997,03/31/1997,12/31/1996,09/30/1996,06/30/1996,03/31/1996,12/31/1995,09/30/1995,06/30/1995,03/31/1995,12/31/1994,09/30/1994,06/30/1994,03/31/1994,12/31/1993,09/30/1993,06/30/1993,03/31/1993
TotalRevenue,"2,463,997,000","645,130,000","623,206,000","598,059,000","597,602,000","613,435,000","622,433,000","653,532,000","682,329,000","683,919,000","685,145,000","669,517,000","662,494,000","652,743,000","652,867,000","639,808,000","633,016,000","630,704,000","624,122,000","612,480,000","604,100,000","605,489,000","606,074,000","595,154,000","619,083,000","703,193,000","696,289,000","679,112,000","666,371,000","664,660,000","664,078,000","652,568,000","633,442,000","630,929,000","629,446,000","635,078,000","539,162,000","513,752,000","556,144,000","543,781,000","527,659,000","512,383,000","511,958,000","498,059,000","520,623,000","470,621,000","527,356,000","510,937,000","488,690,000","464,400,000","492,757,000","505,150,000","515,144,000","528,986,000","538,319,000","535,525,000","522,812,000","513,790,000","527,456,000","531,746,000","526,165,000","512,853,000","513,865,000","491,939,000","520,979,000","492,652,000","504,406,000","499,503,000","488,502,000","462,841,000","491,485,000","488,596,000","462,661,000","419,059,000","472,976,000","483,144,000","486,050,000","471,271,000","506,735,000","514,717,000","516,201,000","535,949,000","552,382,000","544,411,000","537,901,000","514,563,000","537,254,000","493,113,000","485,410,000","415,218,000","453,700,000","446,700,000","437,600,000","392,049,000","341,000,000","316,200,000","288,300,000","233,721,000","203,700,000","164,900,000","145,000,000","131,985,000","124,500,000","114,300,000","107,600,000","125,300,000","100,600,000","94,800,000","91,700,000","78,100,000","61,500,000","50,200,000","41,300,000","37,700,000","29,500,000","23,400,000","23,400,000"
	OperatingRevenue,"2,463,997,000","645,130,000","623,206,000","598,059,000","597,602,000","613,435,000","622,433,000","653,532,000","682,329,000","683,919,000","685,145,000","669,517,000","662,494,000","652,743,000","652,867,000","639,808,000","633,016,000","630,704,000","624,122,000","612,480,000","604,100,000","605,489,000","606,074,000","595,154,000","619,083,000","703,193,000","696,289,000","679,112,000","666,371,000","664,660,000","664,078,000","652,568,000","633,442,000","630,929,000","629,446,000","635,078,000","539,162,000","513,752,000","556,144,000","543,781,000","527,659,000","512,383,000","511,958,000","498,059,000","520,623,000","470,621,000","527,356,000","510,937,000","488,690,000","464,400,000","492,757,000","505,150,000","515,144,000","528,986,000","538,319,000","535,525,000","526,085,000","484,213,000","537,472,000","540,046,000","528,380,000","531,859,000","523,933,000","494,074,000","523,406,000","-1,516,282,000","507,049,000","502,497,000","2,495,000","458,209,000","494,993,000","493,082,000","467,203,000","411,705,000","479,586,000","486,607,000","487,369,000","472,627,000","506,735,000","514,313,000","522,084,000","1,693,000","1,665,000","555,751,000","1,972,000","1,809,000","1,876,000","1,334,000","505,408,000","-1,332,930,000","453,700,000","446,700,000","437,600,000","413,800,000","341,000,000","316,200,000","288,300,000","247,500,000","203,700,000","164,900,000","145,000,000","150,800,000","124,500,000","114,300,000","107,600,000","125,300,000","100,600,000","94,800,000","91,700,000","78,100,000","61,500,000","50,200,000","41,300,000","37,700,000","29,500,000","23,400,000","23,400,000"
CostOfRevenue,"948,792,000","235,394,000","237,142,000","229,602,000","246,654,000","223,496,000","228,534,000","223,098,000","241,257,000","226,692,000","224,452,000","224,276,000","232,908,000","219,188,000","220,176,000","216,710,000","223,560,000","201,604,000","209,669,000","208,408,000","206,588,000","193,580,000","205,076,000","194,713,000","212,856,000","221,056,000","227,439,000","222,916,000","233,757,000","211,369,000","220,372,000","220,376,000","231,447,000","214,149,000","216,278,000","219,974,000","199,865,000","170,770,000","194,515,000","192,338,000","193,082,000","177,142,000","186,209,000","181,569,000","207,710,000","184,697,000","216,294,000","204,524,000","207,054,000","182,103,000","200,372,000","197,954,000","210,524,000",,,,,,,,,,,,,,,,,,,,,,,,,,,,,,,,,,,,,,,,,,,,,,,,,,,,,,,,,,,,,,,,
GrossProfit,"1,515,205,000","409,736,000","386,064,000","368,457,000","350,948,000","389,939,000","393,899,000","430,434,000","441,072,000","457,227,000","460,693,000","445,241,000","429,586,000","433,555,000","432,691,000","423,098,000","409,456,000","429,100,000","414,453,000","404,072,000","397,512,000","411,909,000","400,998,000","400,441,000","406,227,000","482,137,000","468,850,000","456,196,000","432,614,000","453,291,000","443,706,000","432,192,000","401,995,000","416,780,000","413,168,000","415,104,000","339,297,000","342,982,000","361,629,000","351,443,000","334,577,000","335,241,000","325,749,000","316,490,000","312,913,000","285,924,000","311,062,000","306,413,000","281,636,000","282,297,000","292,385,000","307,196,000","304,620,000",,,,,,,,,,,,,,,,,,,,,,,,,,,,,,,,,,,,,,,,,,,,,,,,,,,,,,,,,,,,,,,,
OperatingExpense,"894,778,000","235,644,000","228,438,000","215,351,000","215,345,000","212,922,000","211,464,000","217,811,000","226,940,000","226,512,000","222,895,000","214,837,000","219,596,000","214,249,000","207,258,000","205,444,000","212,587,000","212,643,000","196,667,000","193,522,000","193,141,000","187,839,000","191,625,000","194,423,000","189,602,000","195,173,000","211,349,000","210,012,000","214,443,000","202,741,000","200,437,000","203,888,000","202,743,000","196,013,000","291,774,000","344,071,000","221,768,000","164,814,000","177,502,000","185,732,000","188,425,000","176,068,000","174,673,000","169,995,000","179,403,000","165,312,000","183,866,000","184,884,000","163,040,000","153,675,000","159,289,000","160,110,000","160,439,000","-739,937,000","381,749,000","369,666,000","375,846,000","-136,498,000","380,849,000","383,140,000","390,590,000","374,580,000","373,081,000","351,618,000","378,960,000","375,188,000","374,505,000","358,529,000","357,546,000","335,406,000","367,114,000","347,810,000","323,345,000","295,687,000","325,050,000","323,429,000","331,377,000","301,557,000","344,424,000","330,122,000","330,769,000","347,260,000","414,048,000","349,284,000","340,663,000","325,781,000","335,091,000","299,670,000","300,766,000","1,851,212,000","-261,600,000","-257,100,000","-251,000,000","1,396,075,000","-209,300,000","-182,500,000","-171,200,000","741,160,000","-117,100,000","-94,900,000","-81,700,000","507,259,000","-77,500,000","-69,200,000","-65,100,000","-68,400,000","-61,200,000","-57,000,000","-55,900,000","-49,300,000","-38,100,000","-30,100,000","-23,500,000","-22,500,000","-21,000,000",,
	SellingGeneralAndAdministration,"56,506,000","13,404,000","13,041,000","14,678,000","15,383,000","11,093,000","10,859,000","11,835,000","14,518,000","11,630,000","11,417,000","14,329,000","15,381,000","12,393,000","12,640,000","12,502,000","16,278,000","11,858,000","12,567,000","13,626,000","14,173,000","10,432,000","12,395,000","18,296,000","16,717,000","14,140,000","15,290,000","15,730,000","19,922,000","9,652,000","9,968,000","13,752,000","17,576,000","15,161,000","14,438,000","16,086,000","16,496,000","10,070,000","10,096,000","13,394,000","13,688,000","11,144,000","10,121,000","10,908,000","11,435,000","8,852,000","10,224,000","10,090,000","10,721,000","8,518,000","9,881,000","10,201,000","10,394,000","236,353,000","9,849,000","11,774,000","12,481,000","14,639,000","13,137,000","11,549,000","9,966,000","10,827,000","14,448,000","9,584,000","13,817,000","26,787,000","14,243,000","14,211,000","17,060,000","16,156,000","12,044,000","13,048,000","9,988,000","9,956,000","8,708,000","8,970,000","11,176,000","13,492,000","10,673,000","11,527,000","10,800,000","11,810,000","9,525,000","7,325,000","6,754,000","6,946,000","6,223,000","6,518,000","6,698,000","6,596,000","5,000,000","5,000,000","5,900,000","6,118,000","5,300,000","5,400,000","4,900,000","5,064,000","3,800,000","3,200,000","3,000,000","3,157,000","2,300,000","2,000,000","2,100,000","2,000,000","2,000,000","1,900,000","2,200,000","2,100,000","1,200,000","1,300,000","2,400,000","2,700,000","800,000",,
		GeneralAndAdministrativeExpense,"56,506,000","13,404,000","13,041,000","14,678,000","15,383,000","11,093,000","10,859,000","11,835,000","14,518,000","11,630,000","11,417,000","14,329,000","15,381,000","12,393,000","12,640,000","12,502,000","16,278,000","11,858,000","12,567,000","13,626,000","14,173,000","10,432,000","12,395,000","18,296,000","16,717,000","14,140,000","15,290,000","15,730,000","19,922,000","9,652,000","9,968,000","13,752,000","17,576,000","15,161,000","14,438,000","16,086,000","16,496,000","10,072,000",,,,,,,,,,,,,"212,184,000","206,173,000",,"236,353,000","9,849,000","11,774,000","12,481,000","14,639,000","13,137,000","11,549,000","9,966,000","10,827,000","14,448,000","9,584,000","13,817,000","26,787,000","14,243,000","14,211,000","17,060,000","16,156,000","12,044,000","13,048,000","9,988,000","9,956,000","8,708,000","8,970,000","11,176,000","13,492,000","10,673,000","11,527,000","10,800,000","11,810,000","9,525,000","7,325,000","6,754,000","6,946,000","6,223,000","6,518,000","6,698,000","6,596,000","5,000,000","5,000,000","5,900,000","6,118,000","5,300,000","5,400,000","4,900,000","5,064,000","3,800,000","3,200,000","3,000,000","3,157,000","2,300,000","2,000,000","2,100,000","2,000,000","2,000,000","1,900,000","2,200,000","2,100,000","1,200,000","1,300,000","2,400,000","2,700,000","800,000",,
			SalariesAndWages,,,,,,,,,,,,,,,,,,,,,,,,,,,,,,,,,,,,,,,,,,,,,,,,,,,,,,,"9,849,000","11,774,000","12,481,000",,"13,137,000","11,549,000","9,966,000","10,827,000","14,448,000","9,584,000","13,817,000","26,787,000","14,243,000","14,211,000","17,060,000","16,156,000","12,044,000","13,048,000","9,988,000","9,956,000","8,708,000","8,970,000","11,176,000","13,492,000","10,673,000","11,527,000","10,800,000","11,810,000","9,525,000","7,325,000","6,754,000","6,946,000","6,223,000","6,518,000","6,698,000","6,600,000","5,000,000","5,000,000","5,900,000","6,100,000","5,300,000","5,400,000","4,900,000","5,100,000","3,800,000","3,200,000","3,000,000","3,200,000","2,300,000","2,000,000","2,100,000","2,000,000","2,000,000","1,900,000","2,200,000","2,100,000","1,200,000","1,300,000","2,400,000","2,700,000","800,000",,
			RentAndLandingFees,,,,,,,,,,,,,,,,,,,,,,,,,,,,,,,,,,,,,,,,,,,,,,,,,,,,,,"1,827,000","1,983,000",,,,,,,,,,,,,,,,,,,,,,,,,,,,,,,,,,,,,,,,,,,,,,,,,,,,,,,,,,,,,,
			InsuranceAndClaims,,,,,,,,,,,,,,,,,,,,,,,,,,,,,,,,,,,,,,,,,,,,,,,,,,,"55,743,000","53,824,000",,"54,991,000","55,206,000",,,,,,,,,,,,,,,,,,,,,,,,,,,,,,,,,,,,,,,,,,,,,,,,,,,,,,,,,,,,,,
			OtherGandA,"56,506,000","13,404,000","13,041,000","14,678,000","15,383,000","11,093,000","10,859,000","11,835,000","14,518,000","11,630,000","11,417,000","14,329,000","15,381,000","12,393,000","12,640,000","12,502,000","16,278,000","11,858,000","12,567,000","13,626,000","14,173,000","10,432,000","12,395,000","18,296,000","16,717,000","14,140,000","15,290,000","15,730,000","19,922,000","9,652,000","9,968,000","13,752,000","17,576,000","15,161,000","14,438,000","16,086,000","16,496,000","10,072,000",,,,,,,,,,,,,"156,441,000","152,349,000",,"213,575,000","-57,189,000",,,,,,,,,,,,,,,,,,,,,,,,,,,,,,,,,,,,,,,,,,,,,,,,,,,,,,,,,,,,,,
	DepreciationAmortizationDepletionIncomeStatement,"838,272,000","222,240,000","215,397,000","200,673,000","199,962,000","201,829,000","200,605,000","205,976,000","212,422,000","214,882,000","211,478,000","200,508,000","204,215,000","201,856,000","194,618,000","192,942,000","196,309,000","200,785,000","184,100,000","179,896,000","178,968,000","177,407,000","179,230,000","176,127,000","172,885,000","181,033,000","196,059,000","194,282,000","194,521,000","193,089,000","190,469,000","190,136,000","185,167,000","180,852,000","277,336,000","327,985,000","205,272,000","154,744,000","167,406,000","172,338,000","174,737,000","164,924,000","164,552,000","159,087,000","167,968,000","148,490,000","176,099,000","174,794,000","152,319,000","143,554,000","147,477,000","149,909,000","150,045,000","153,227,000","152,157,000","145,485,000","146,598,000","146,130,000","151,103,000","155,032,000","152,821,000","147,560,000","143,255,000","139,906,000","143,590,000","130,017,000","129,701,000","128,957,000","127,568,000","122,591,000","125,970,000","123,981,000","115,610,000","102,616,000","115,346,000","116,555,000","117,816,000","113,394,000","118,120,000","117,509,000","116,587,000","117,145,000","116,836,000","114,341,000","113,738,000","114,733,000","112,099,000","112,626,000","111,886,000",,,,,,,,,,,,,,,,,,,,,,,,,,,,
		DepreciationAndAmortizationInIncomeStatement,"838,272,000","222,240,000","215,397,000","200,673,000","199,962,000","201,829,000","200,605,000","205,976,000","212,422,000","214,882,000","211,478,000","200,508,000","204,215,000","201,856,000","194,618,000","192,942,000","196,309,000","200,785,000","184,100,000","179,896,000","178,968,000","177,407,000","179,230,000","176,127,000","172,885,000","181,033,000","196,059,000","194,282,000","194,521,000","193,089,000","190,469,000","190,136,000","185,167,000","180,852,000","277,336,000","327,985,000","205,272,000","154,744,000","167,406,000","172,338,000","174,737,000","164,924,000","164,552,000","159,087,000","167,968,000","148,490,000","176,099,000","174,794,000","152,319,000","143,554,000","147,477,000","149,909,000","150,045,000","153,227,000","152,157,000","145,485,000","146,598,000","146,130,000","151,103,000","155,032,000","152,821,000","147,560,000","143,255,000","139,906,000","143,590,000","130,017,000","129,701,000","128,957,000","127,568,000","122,591,000","125,970,000","123,981,000","115,610,000","102,616,000","115,346,000","116,555,000","117,816,000","113,394,000","118,120,000","117,509,000","116,587,000","117,145,000","116,836,000","114,341,000","113,738,000","114,733,000","112,099,000","112,626,000","111,886,000",,,,,,,,,,,,,,,,,,,,,,,,,,,,
			DepreciationIncomeStatement,"838,272,000","222,240,000","215,397,000","200,673,000","199,962,000","201,829,000","200,605,000","205,976,000","212,422,000","214,882,000","211,478,000","200,508,000","204,215,000","201,856,000","194,618,000","192,942,000","196,309,000","200,785,000","184,100,000","179,896,000","178,968,000","177,407,000","179,230,000","176,127,000","172,885,000","181,033,000","196,059,000","194,282,000","194,521,000","193,089,000","190,469,000","190,136,000","185,167,000","180,852,000","277,336,000","327,985,000","205,272,000","154,744,000","167,406,000","172,338,000","174,737,000","164,924,000","164,552,000","159,087,000","167,968,000","156,460,000","173,642,000","174,794,000","152,319,000","143,554,000","147,477,000","149,909,000","150,045,000","153,227,000","152,157,000","145,485,000","146,598,000","146,130,000","151,103,000","155,032,000","152,821,000","147,560,000","143,255,000","139,906,000","143,590,000","130,017,000","129,701,000","128,957,000","127,568,000","122,591,000","125,970,000","123,981,000","115,610,000","102,616,000","115,346,000","116,555,000","117,816,000","113,394,000","118,120,000","117,509,000","116,587,000","116,218,000","115,908,000","113,350,000","112,805,000","113,740,000","111,332,000","112,626,000","111,886,000",,,,,,,,,,,,,,,,,,,,,,,,,,,,
			Amortization,,,,,,,,,,,,,,,,,,,,,,,,,,,,,,,,,,,,,,,,,,,,,,,"2,457,000",,,,,,,,,,,,,,,,,,,,,,,,,,,,,,,"0","0","0","0","927,000","928,000","991,000","933,000","993,000","767,000",,,,,,,,,,,,,,,,,,,,,,,,,,,,,,
				AmortizationOfIntangiblesIncomeStatement,,,,,,,,,,,,,,,,,,,,,,,,,,,,,,,,,,,,,,,,,,,,,,,"2,457,000",,,,,,,,,,,,,,,,,,,,,,,,,,,,,,,"0","0","0","0","927,000","928,000","991,000","933,000","993,000","767,000",,,,,,,,,,,,,,,,,,,,,,,,,,,,,,
	OtherTaxes,,,,,"153,000","350,000","262,000","187,000","53,000","-3,030,000","265,000","246,000","238,000","111,000","280,000","274,000","213,000","-232,000","228,000","220,000","262,000","424,000","426,000","413,000","350,000","219,000","329,000","326,000","43,000","248,000","260,000","646,000","222,000","-157,000","493,000","428,000","407,000","-88,000",,,,,,,,,,,,,,,,,,,"-375,846,000",,"-382,885,000","-383,274,000","-390,590,000","-382,882,000","-373,081,000","-353,388,000","-381,750,000",,"-374,505,000","-360,126,000",,"-327,938,000","-367,114,000","-349,537,000","-330,751,000","-292,093,000","-326,900,000","-325,280,000","-332,785,000","-300,589,000","-353,637,000","-331,719,000","-332,160,000",,,"-350,697,000",,,,,"-300,766,000",,"-266,600,000","-262,100,000","-256,900,000","-254,500,000","-214,600,000","-187,900,000","-176,100,000","-146,300,000","-120,900,000","-98,100,000","-84,700,000","-81,900,000","-79,800,000","-71,200,000","-67,200,000","-70,400,000","-63,200,000","-58,900,000","-58,100,000","-51,400,000","-39,300,000","-31,400,000","-25,900,000","-25,200,000","-21,800,000",,
	OtherOperatingExpenses,,,,,,,,,,,,,,,,,,,,,,,,,,,,,,,,,,,,,,,,,,,,,,,"-2,457,000","1,646,000",,"1,603,000","1,931,000","1,982,000",,"-1,129,517,000","219,743,000","212,407,000","592,613,000","-1,417,507,000","599,494,000","599,833,000","618,393,000","599,075,000","588,459,000","555,516,000","603,303,000","-849,421,000","605,066,000","575,487,000","212,918,000","524,597,000","596,214,000","560,318,000","528,498,000","475,208,000","527,896,000","523,184,000","535,170,000","475,260,000","569,268,000","532,805,000","535,542,000","218,305,000","287,687,000","578,315,000","220,171,000","204,102,000","216,769,000","180,526,000","482,948,000",,,,,,,,,,,,,,,,,,,,,,,,,,,,
OperatingIncome,"620,427,000","174,092,000","157,626,000","153,106,000","135,603,000","177,017,000","182,435,000","212,623,000","214,132,000","230,715,000","237,798,000","230,404,000","209,990,000","219,306,000","225,433,000","217,654,000","196,869,000","216,457,000","217,786,000","210,550,000","204,371,000","224,070,000","209,373,000","206,018,000","216,625,000","286,964,000","257,501,000","246,184,000","218,171,000","250,550,000","243,269,000","228,304,000","199,252,000","220,767,000","121,394,000","71,033,000","117,529,000","178,168,000","184,127,000","165,711,000","146,152,000","159,173,000","151,076,000","146,495,000","133,510,000","120,612,000","127,196,000","121,529,000","118,596,000","128,622,000","133,096,000","147,086,000","144,181,000","649,489,000","156,570,000","165,859,000","146,966,000","650,288,000","146,607,000","148,606,000","135,575,000","138,273,000","140,784,000","140,321,000","142,019,000","117,464,000","129,901,000","140,974,000","130,956,000","127,435,000","124,371,000","140,786,000","139,316,000","123,372,000","147,926,000","159,715,000","154,673,000","169,714,000","162,311,000","184,595,000","185,432,000","188,689,000","138,334,000","195,127,000","197,238,000","188,782,000","202,163,000","193,443,000","184,644,000","-1,435,994,000","715,300,000","703,800,000","688,600,000","-1,004,026,000","550,300,000","498,700,000","459,500,000","-507,439,000","320,800,000","259,800,000","226,700,000","-375,274,000","202,000,000","183,500,000","172,700,000","193,700,000","161,800,000","151,800,000","147,600,000","127,400,000","99,600,000","80,300,000","64,800,000","60,200,000","50,500,000","23,400,000","23,400,000"
NetNonOperatingInterestIncomeExpense,"-255,544,000","-71,932,000","-69,326,000","-44,959,000","-69,327,000","-117,481,000","-82,440,000","-82,485,000","-85,695,000","-102,710,000","-88,186,000","-111,540,000","-96,493,000","-93,705,000","-106,631,000","-95,114,000","-113,903,000","-96,962,000","-89,264,000","-92,149,000","-107,905,000","-97,882,000","-83,104,000","-32,292,000","-215,828,000","-113,048,000","-116,556,000","-106,852,000","-111,091,000","-111,252,000","-120,303,000","-117,026,000","-115,236,000","-152,627,000","-123,554,000","-127,054,000","-202,452,000","-51,553,000","-43,789,000","-115,359,000","-118,531,000","-129,914,000","-108,053,000","-120,244,000","-120,404,000","-127,227,000","-122,646,000","-112,927,000","-116,269,000","-145,093,000","-121,699,000","-112,499,000","-120,841,000","-104,495,000","-119,877,000","-119,663,000",,,,,,,,,,,,,,,,,,,,,,,,,,,,,,,,,,,,,,,,,,,,,,,,,,,,,,,,,,,,,
	InterestIncomeNonOperating,"25,666,000","373,000","973,000","24,104,000","216,000","1,929,000","535,000","1,511,000","1,936,000","596,000","631,000","1,009,000","581,000","457,000","7,864,000","1,116,000","5,880,000","428,000","3,945,000","1,162,000","601,000","681,000","5,509,000","56,525,000","3,058,000","466,000","256,000","6,481,000","120,000","1,249,000","576,000","2,032,000","605,000","3,336,000","816,000","249,000","256,000","80,031,000","70,087,000","259,000","172,000","1,369,000","5,317,000","281,000","972,000","144,000","208,000","2,892,000","2,225,000","830,000","3,215,000","6,622,000","6,021,000","22,521,000","2,838,000",,,,,,,,,,,,,,,,,,,,,,,,,,,,,,,,,,,,,,,,,,,,,,,,,,,,,,,,,,,,,,
	InterestExpenseNonOperating,"272,473,000","69,740,000","68,251,000","67,124,000","67,358,000","116,724,000","80,874,000","81,885,000","85,590,000","100,300,000","85,936,000","108,902,000","94,938,000","91,906,000","111,219,000","94,131,000","116,104,000","95,311,000","91,145,000","91,224,000","106,210,000","95,930,000","86,352,000","86,472,000","213,492,000","110,447,000","114,205,000","110,795,000","108,622,000","109,967,000","118,251,000","115,924,000","113,049,000","149,402,000","120,035,000","122,950,000","195,685,000","110,214,000","113,876,000","115,618,000","118,703,000","114,277,000","113,370,000","120,525,000","121,376,000","117,002,000","122,854,000","115,819,000","118,494,000","145,923,000","124,914,000","119,121,000","126,862,000","127,016,000","122,715,000",,,,,,,,,,,,,,,,,,,,,,,,,,,,,,,,,,,,,,,,,,,,,,,,,,,,,,,,,,,,,,
	TotalOtherFinanceCost,"8,737,000","2,565,000","2,048,000","1,939,000","2,185,000","2,686,000","2,101,000","2,111,000","2,041,000","3,006,000","2,881,000","3,647,000","2,136,000","2,256,000","3,276,000","2,099,000","3,679,000","2,079,000","2,064,000","2,087,000","2,296,000","2,633,000","2,261,000","2,345,000","5,394,000","3,067,000","2,607,000","2,538,000","2,589,000","2,534,000","2,628,000","3,134,000","2,792,000","6,561,000","4,335,000","4,353,000","7,023,000","11,051,000",,,,,,,,,,,,,,,,,,"119,663,000",,,,,,,,,,,,,,,,,,,,,,,,,,,,,,,,,,,,,,,,,,,,,,,,,,,,,,,,,,,,,
OtherIncomeExpense,"1,036,139,000","459,424,000","360,472,000","220,396,000","-4,153,000","167,119,000","-4,122,000","142,572,000","205,444,000","171,265,000","127,752,000","133,739,000","-3,296,000","-2,420,000","106,309,000","-3,820,000","138,772,000","11,577,000","16,300,000","86,684,000","35,617,000","177,296,000","79,616,000","55,852,000","3,720,923,000","39,339,000","65,800,000","147,032,000","80,021,000","210,773,000","-4,971,000","-1,533,000","-657,000","-930,000","-5,923,000","-8,447,000","-67,667,000","3,636,000","-7,432,000","-13,580,000","-10,041,000","6,890,000","-7,249,000","-9,070,000","-5,187,000","-47,795,000","-3,487,000","-1,643,000","-4,383,000","-4,259,000","-1,922,000","-11,138,000","-292,000",,,,"-119,000","3,693,000","88,000","4,358,000","-465,000","-34,393,000","2,937,000","269,000","99,000",,,"-157,000",,"-7,139,000","2,000","1,580,000","2,434,000","-21,000","-293,000","3,173,000","921,000","-10,858,000","-7,851,000","-411,000","5,657,000",,,"4,787,000",,,,,"19,998,000",,"18,500,000","24,400,000","21,400,000","9,000,000","1,600,000","9,200,000",,,,,,,,,,,,,,,,,,,,,
	GainOnSaleOfSecurity,"1,072,183,000","484,560,000","363,928,000","223,738,000","-43,000","179,589,000","-25,000","144,266,000","207,977,000","178,237,000","130,565,000","138,856,000","-21,000","-24,000","114,672,000","-51,000","142,213,000","15,296,000","17,328,000","87,726,000","36,707,000","173,184,000","90,036,000","57,356,000","3,723,479,000","39,442,000","66,939,000","148,802,000","79,951,000","216,116,000","1,052,000","824,000","-30,000","48,000","-2,437,000","14,616,000","-355,000","-11,000",,,,,,,,,,,,,,,,,,,,,"714,000","4,516,000","-229,000","-391,000","2,937,000","269,000","99,000",,,"-157,000",,"-7,139,000","2,000","1,580,000","2,434,000","269,000","-2,000","3,463,000","1,212,000",,,"-411,000","5,657,000",,,"4,787,000",,,,,"19,998,000",,"18,500,000","24,400,000","21,400,000","9,000,000","1,600,000","9,200,000",,,,,,,,,,,,,,,,,,,,,
	EarningsFromEquityInterest,,,,,"-1,611,000","-839,000","-246,000","-1,042,000","-1,157,000","-961,000","-1,152,000","68,765,000","-707,000","-674,000","-985,000","-1,031,000","-977,000","-1,217,000","-398,000","-682,000","-1,073,000","-1,045,000","7,750,000","-800,000","-1,104,000","637,000","-1,041,000","12,466,000","2,963,000","2,249,000","-1,176,000","-7,616,000","-1,409,000","777,000","-1,771,000","-1,175,000","-355,000","-11,000",,,,,,,,,,,,,,,,,,,,,,,,,,,,,,,,,,,,,,,,,,,,,,,,,,,,,,,,,,,,,,,,,,,,,,,,,,,,,,,
	SpecialIncomeCharges,"-16,769,000","-16,769,000",,,,,,,,"0","0",,,"0","-702,000",,,"-1,693,000",,,,,,,,,,,,,,,,"-132,000","-166,000","-7,466,000","-65,103,000","30,997,000","-7,432,000","-13,580,000","-10,041,000","6,890,000","-7,249,000","-9,070,000","-5,187,000","-47,795,000","-3,487,000","-1,643,000","-4,383,000","-4,259,000","-1,922,000","-11,138,000","-292,000",,,,"-119,000","8,923,000","-626,000","-158,000","-236,000",,,,,,,,,,,,,"-290,000","-291,000","-290,000","-291,000","-15,912,000","-7,851,000",,,,,,,,"0",,,,,,,,,,,,,,,,,,,,,,,,,,,,,,
		RestructuringAndMergernAcquisition,,,,,,,,,,,,,,,,,,,,,,,,,,,,,,,,,,"123,000","182,000","467,000","19,092,000",,,,,,,,,,,,,,,,,,,,,,,,,,,,,,,,,,,,,,,,,,,,,,,,,,,,,,,,,,,,,,,,,,,,,,,,,,,,,,,,
		ImpairmentOfCapitalAssets,"16,769,000","16,769,000",,,,,,,,"0","0",,,"0","702,000",,,"1,693,000",,,,,,,,,,,,,,,,,,,,,,,,,,,,,"0","0",,"0","0","11,124,000",,,,,,,,,,,,,,,,,,,,,,,,,,,,,,,,,,,,,,,,,,,,,,,,,,,,,,,,,,,,,,,,,
		OtherSpecialCharges,,,,,,,,,,,,,,,,,,,,,,,,,,,,,,,,,,,,,,,,,"10,041,000",,,,,,"3,487,000","1,643,000",,"4,259,000","1,922,000","14,000",,,,,,,,,,,,,,,,,,,,,,,,,,,,,,,,,,,,,,,,,,,,,,,,,,,,,,,,,,,,,,,,,
		GainOnSaleOfBusiness,,,,,,,,,,,,,,,,,,,,,,,,,,,,,,,,,,"-9,000","16,000","-6,999,000","-46,011,000",,,,,,,,,,,,,,,,,,,,,,,,,,,,,,,,,,,,,,,,,,,,,,,,,,,,,,,,,,,,,,,,,,,,,,,,,,,,,,,,
	OtherNonOperatingIncomeExpenses,"-19,275,000","-8,367,000","-3,456,000","-3,342,000","-4,110,000","-9,186,000","-4,097,000","-1,694,000","-2,533,000","-6,972,000","-2,813,000","-5,117,000","-3,275,000","-2,396,000","-7,661,000","-3,769,000","-3,441,000","-2,026,000","-1,028,000","-1,042,000","-1,090,000","4,112,000","-10,420,000","-1,504,000","-2,556,000","-103,000","-1,139,000","-1,770,000","70,000","-1,912,000","-4,971,000","-1,533,000","-657,000","-1,575,000","-3,986,000","-981,000","-2,564,000","-6,803,000",,,,,,,,,,,,,,,,,,,,,,,,,,,,,,,,,,,,,,,,,,,,,,,,,,,,,,,,,,,,,,,,,,,,,,,,,,,,,,,
PretaxIncome,"1,401,022,000","561,584,000","448,772,000","328,543,000","62,123,000","226,655,000","95,873,000","272,710,000","333,881,000","299,270,000","277,364,000","252,603,000","110,201,000","123,181,000","225,111,000","118,720,000","221,738,000","131,072,000","144,822,000","205,085,000","132,083,000","303,484,000","205,885,000","229,578,000","3,721,720,000","213,255,000","206,745,000","286,364,000","187,101,000","350,071,000","117,995,000","109,745,000","83,359,000","67,210,000","-8,083,000","-64,468,000","-152,590,000","130,251,000","132,906,000","36,772,000","17,580,000","36,149,000","35,774,000","17,181,000","7,919,000","-46,440,000","-1,394,000","4,640,000","-2,056,000","-20,730,000","9,475,000","23,449,000","23,048,000","-65,911,000","36,693,000","51,009,000","30,807,000",,,,,,,,,,,,,,,,,,,,,,,,,,,,,,"105,729,000",,,,,,,,,,,,,,,,,,,,,,,,,,,,,,
TaxProvision,"915,000","236,000","284,000","242,000","153,000","350,000","262,000","187,000","53,000","-3,030,000","265,000","246,000","238,000","111,000","280,000","274,000","213,000","-232,000","228,000","220,000","262,000","424,000","426,000","413,000","350,000","219,000","329,000","326,000","43,000","248,000","260,000","646,000","222,000","-157,000","493,000","428,000","407,000","-88,000","222,000","214,000","191,000","59,000","283,000","203,000","192,000","23,000","293,000","-146,000","166,000","-38,000","459,000","259,000","2,131,000","-655,000","1,317,000","1,628,000","2,898,000",,,,,,,,,,,,,,,,,,,,,,,,,,,,,,"-518,000",,,,,,,,,,,,,,,,,,,,,,,,,,,,,,
EarningsFromEquityInterestNetOfTax,"-3,398,000","-370,000","-1,156,000","-261,000","-1,611,000","-839,000","-246,000","-1,042,000","-1,157,000","-961,000","-1,152,000","68,765,000","-707,000","-674,000","-985,000","-1,031,000","-977,000","-1,217,000","-398,000","-682,000","-1,073,000","-1,045,000","7,750,000","-800,000","-1,104,000","637,000","-1,041,000","12,466,000","2,963,000","2,249,000","-1,176,000","-7,616,000","-1,409,000","-1,175,000","-1,454,000","-1,175,000","-355,000","-11,000","-3,000","0",,"0","0","4,217,000","0","26,706,000","188,000","4,620,000","14,000","3,528,000","3,808,000","-2,032,000","-195,000",,,,,,,,,,,,,,,,,,,,,,,,,,,,,,,,,,,,,,,,,,,,,,,,,,,,,,,,,,,,,,,,
NetIncomeCommonStockholders,"1,329,760,000","526,202,000","431,178,000","315,614,000","56,766,000","252,084,000","90,513,000","260,116,000","307,833,000","288,992,000","266,333,000","308,196,000","103,766,000","116,415,000","214,164,000","112,830,000","211,036,000","124,669,000","137,457,000","195,268,000","142,969,000","276,477,000","207,543,000","218,067,000","3,586,985,000","202,989,000","195,859,000","285,587,000","178,842,000","216,703,000","220,707,000","111,654,000","78,099,000","109,940,000","376,155,000","323,723,000","1,016,650,000","365,979,000","218,603,000","99,797,000","141,833,000","99,016,000","104,382,000","552,457,000","123,865,000","185,870,000","25,166,000","6,343,000","51,863,000","41,672,000","132,362,000","96,585,000","77,175,000","-34,863,000","174,613,000","128,986,000","136,849,000","119,632,000","447,246,000","274,985,000","118,813,000","457,606,000","56,356,000","150,084,000","367,720,000","215,205,000","250,247,000","128,326,000","214,014,000","137,558,000","74,163,000","108,553,000","98,309,000","90,743,000","112,575,000","112,154,000","111,167,000","94,295,000","64,473,000","89,041,000","76,353,000","117,163,000","69,511,000","74,038,000","106,754,000","61,334,000","178,032,000","125,393,000","72,751,000","80,285,000","67,900,000","68,900,000","64,200,000","48,489,000","34,900,000","46,000,000","35,900,000","38,980,000","30,900,000","23,800,000","23,900,000","34,309,000","12,500,000","13,900,000","18,400,000","25,100,000","10,900,000","11,300,000","10,300,000","10,400,000","9,500,000","7,500,000","7,000,000","3,900,000","2,100,000",,
	NetIncome,"1,332,850,000","526,974,000","431,951,000","316,386,000","57,539,000","252,856,000","91,286,000","260,888,000","308,606,000","289,764,000","267,106,000","308,968,000","104,539,000","117,187,000","214,937,000","113,602,000","211,809,000","125,442,000","138,229,000","196,041,000","143,742,000","277,250,000","208,316,000","218,839,000","3,587,758,000","204,486,000","196,692,000","286,420,000","182,522,000","217,739,000","221,744,000","112,690,000","79,135,000","110,976,000","377,192,000","324,759,000","1,017,686,000","367,017,000","226,139,000","103,264,000","145,299,000","102,482,000","107,848,000","555,924,000","127,331,000","189,383,000","28,783,000","9,961,000","55,483,000","45,292,000","135,981,000","100,205,000","80,795,000","-31,243,000","178,241,000","132,612,000","140,482,000","123,277,000","457,707,000","282,401,000","126,237,000","465,061,000","69,811,000","160,157,000","377,815,000","225,886,000","267,524,000","141,344,000","227,039,000","150,633,000","87,509,000","127,290,000","117,065,000","134,836,000","137,273,000","136,391,000","135,347,000","118,477,000","88,661,000","113,297,000","100,878,000","141,523,000","93,851,000","102,931,000","135,280,000","89,678,000","205,975,000","152,659,000","101,139,000","108,281,000","95,900,000","96,600,000","93,600,000","76,306,000","56,600,000","67,700,000","57,600,000","60,692,000","47,200,000","35,700,000","33,000,000","43,324,000","19,600,000","20,300,000","18,400,000","30,400,000","14,500,000","12,500,000","10,300,000","10,400,000","9,500,000","7,500,000","7,000,000","3,900,000","2,100,000",,
		NetIncomeIncludingNoncontrollingInterests,"1,396,714,000","560,978,000","447,332,000","328,040,000","60,364,000","262,984,000","95,365,000","271,481,000","332,671,000","301,306,000","277,846,000","321,299,000","109,257,000","122,388,000","223,846,000","118,410,000","220,548,000","130,084,000","144,196,000","204,160,000","149,941,000","302,381,000","217,492,000","228,400,000","3,731,831,000","213,720,000","205,456,000","298,618,000","190,224,000","227,041,000","231,190,000","117,720,000","82,732,000","115,870,000","391,717,000","336,732,000","1,061,034,000","384,399,000","236,323,000","108,315,000","152,167,000","107,401,000","112,977,000","581,753,000","133,066,000","198,212,000","29,826,000","10,089,000","57,856,000","47,311,000","143,365,000","105,932,000","85,421,000","-34,499,000","180,475,000","132,612,000","142,272,000","126,607,000","458,835,000","284,248,000","127,991,000","466,176,000","72,144,000","162,843,000","382,310,000","242,375,000","288,411,000","153,657,000","246,803,000","164,223,000","98,357,000","134,945,000","124,852,000","141,712,000","146,260,000","145,690,000","144,572,000","126,555,000","94,203,000","121,159,000","108,125,000","152,412,000","101,328,000","109,742,000","145,181,000","95,627,000","222,680,000","164,583,000","108,190,000","159,417,000","88,900,000","89,200,000","86,500,000","107,635,000","52,100,000","63,100,000","53,900,000","83,352,000","44,100,000","32,800,000","29,600,000","66,023,000","17,100,000","17,300,000","15,500,000","23,800,000","11,400,000","9,400,000","7,400,000","7,700,000","6,700,000","4,600,000","3,900,000","100,000","2,100,000",,
			NetIncomeContinuousOperations,"1,396,709,000","560,978,000","447,332,000","328,040,000","60,359,000","228,750,000","95,365,000","271,481,000","332,671,000","301,339,000","275,947,000","321,122,000","109,256,000","122,396,000","223,846,000","117,415,000","220,548,000","130,087,000","144,196,000","204,183,000","130,748,000","302,015,000","213,209,000","228,365,000","3,720,266,000","213,673,000","205,375,000","298,504,000","190,021,000","352,072,000","116,559,000","101,483,000","81,728,000","66,192,000","-10,030,000","-66,071,000","-153,352,000","130,328,000","132,681,000","36,558,000","17,389,000","36,090,000","35,491,000","21,195,000","7,727,000","-46,697,000","19,884,000","9,406,000","-2,208,000","-17,164,000","12,824,000","21,158,000","23,487,000","-59,291,000","36,368,000","45,157,000","26,024,000","35,137,000","23,869,000","29,133,000","21,576,000","11,563,000","36,426,000","36,569,000","31,364,000","32,559,000","11,930,000","35,431,000","79,913,000","24,696,000","29,003,000","49,363,000","47,381,000","31,016,000","59,297,000","65,934,000","64,259,000","118,801,000","88,661,000","113,668,000","100,975,000","141,057,000","93,979,000","103,136,000","136,239,000","178,867,000","178,032,000","125,393,000","72,751,000","137,768,000","95,900,000","97,100,000","93,600,000","94,835,000","56,600,000","67,700,000","57,600,000","73,952,000","47,200,000","35,700,000","33,000,000","61,135,000","19,600,000","20,300,000","18,400,000","30,400,000","14,500,000","12,500,000","10,300,000","10,400,000","9,500,000","7,500,000","7,000,000","4,300,000","1,600,000",,
			NetIncomeDiscontinuousOperations,,,,,,,,,,,,,,,,,,"0","0","0","0","394,000","246,000","35,000","-157,000","47,000","81,000","114,000","204,000","-128,462,000","113,579,000","15,413,000","1,034,000","49,630,000","404,184,000","388,187,000","1,214,386,000","254,071,000","103,642,000","71,757,000","134,778,000","71,311,000","77,486,000","560,558,000","125,339,000","244,909,000","9,942,000","683,000","60,064,000","64,475,000","130,541,000","84,774,000","61,934,000","28,048,000","141,873,000","87,455,000","114,458,000","88,140,000","433,838,000","253,268,000","104,661,000","453,498,000","33,385,000","126,274,000","2,993,000","193,327,000","255,594,000","105,913,000","147,126,000","125,937,000","58,506,000","77,927,000","69,684,000","103,820,000","77,976,000","70,457,000","71,088,000","52,549,000","33,109,000","26,165,000","3,093,000",,,,,,,,,,,,,,,,,,,,,,,,,,,,,,,,,,,,
			NetIncomeExtraordinary,"5,000","0","0","0","5,000","34,234,000","0","0","0","-33,000","1,899,000","177,000","1,000","-8,000","0","995,000","0","-3,000","0","-23,000","19,193,000","-28,000","4,037,000","0","11,722,000","0","0","0","-1,000","3,431,000","1,052,000","824,000","-30,000","48,000","-2,437,000","14,616,000",,"0",,,,,,,,,,,,,,,,,,,,,,,,,,,,,,,,,,,,,,,,"-324,000","0","-371,000","-97,000","466,000","-128,000","-205,000","-959,000",,,,,,,,,,,,,,,,,,,,,,,,,,,,,,,,
			NetIncomeFromTaxLossCarryforward,,,,,,,,,,,,,,,,,,,,,,,,,,,,,,,,,,,,,,,,,,,,,,,,,,,,,,,,,,,,,,,,,,,,,,,,,,,,,,"-324,000",,"-371,000","-97,000",,,"-205,000",,,,,,,,"-500,000",,,,,,,,,,,,,,,,,,,,,,,"500,000",,
		MinorityInterests,"-63,864,000","-34,004,000","-15,381,000","-11,654,000","-2,825,000","-10,128,000","-4,079,000","-10,593,000","-24,065,000","-11,542,000","-10,740,000","-12,331,000","-4,718,000","-5,201,000","-8,909,000","-4,808,000","-8,739,000","-4,642,000","-5,967,000","-8,119,000","-6,199,000","-25,131,000","-9,176,000","-9,561,000","-144,073,000","-9,234,000","-8,764,000","-12,198,000","-7,702,000","-9,302,000","-9,446,000","-5,030,000","-3,597,000","-4,894,000","-14,525,000","-11,973,000","-43,348,000","-17,382,000","-10,184,000","-5,051,000","-6,868,000","-4,919,000","-5,129,000","-25,829,000","-5,735,000","-8,829,000","-1,043,000","-128,000","-2,373,000","-2,019,000","-7,384,000","-5,727,000","-4,626,000","3,256,000","-2,234,000",,"-1,790,000","-3,330,000","-1,128,000","-1,847,000","-1,754,000","-1,115,000","-2,333,000","-2,686,000","-4,495,000","-16,489,000","-20,887,000","-12,313,000","-19,764,000","-13,590,000","-10,848,000","-7,655,000","-7,787,000","-6,876,000","-8,987,000","-9,299,000","-9,225,000","-8,078,000","-5,542,000","-7,862,000","-7,247,000","-10,889,000","-7,477,000","-6,811,000","-9,901,000","-5,949,000","-16,705,000","-11,924,000","-7,051,000","-51,136,000","7,000,000","7,400,000","7,100,000","-31,329,000","4,500,000","4,600,000","3,700,000","-22,660,000","3,100,000","2,900,000","3,400,000","-22,699,000","2,500,000","3,000,000","2,900,000","6,600,000","3,100,000","3,100,000","2,900,000","2,700,000","2,800,000","2,900,000","3,100,000",,,,
	PreferredStockDividends,"3,090,000","772,000","773,000","772,000","773,000","772,000","773,000","772,000","773,000","772,000","773,000","772,000","773,000","772,000","773,000","772,000","773,000","773,000","772,000","773,000","773,000","773,000","773,000","772,000","773,000","1,497,000","833,000","833,000","3,680,000","1,036,000","1,037,000","1,036,000","1,036,000","1,036,000","1,037,000","1,036,000","1,036,000","1,038,000","7,536,000","3,467,000","3,466,000","3,466,000","3,466,000","3,467,000","3,466,000","3,513,000","3,617,000","3,618,000","3,620,000","3,620,000","3,619,000","3,620,000","3,620,000","3,620,000","3,628,000","3,626,000","3,633,000","9,789,000","4,317,000","7,416,000","7,424,000","7,431,000","9,514,000","10,073,000","10,095,000","10,638,000","12,961,000","13,018,000","13,025,000","13,075,000","13,346,000","18,737,000","18,756,000","23,856,000","24,698,000","24,237,000","24,180,000","24,182,000","24,188,000","24,256,000","24,525,000","24,360,000","24,340,000","28,893,000","28,526,000","28,344,000","27,943,000","27,266,000","28,388,000","27,996,000","28,000,000","27,700,000","29,400,000","27,817,000","21,700,000","21,700,000","21,700,000","21,712,000","16,300,000","11,900,000","9,100,000","9,015,000","7,100,000","6,400,000",,"5,300,000","3,600,000","1,200,000",,,,,,,,,
	OtherunderPreferredStockDividend,,,,,,,,,,,,,,,,,,,,,,,,,,,,,,,,,,,,,,,,,,,,,,,,,,,,"5,727,000",,,,,,,"6,144,000",,,"24,000","3,941,000",,,"43,000","4,316,000",,,,,,,,,,,,,,,,,,,,,,,,,,,,,,,,,,,,,,,,,,,,,,,,,,
AverageDilutionEarnings,,,"14,847,000","10,913,000","2,143,000","9,386,000","3,376,000","9,713,000","11,535,000","10,695,000","9,910,000","11,510,000","3,919,000",,"8,159,000","4,299,000","8,059,000",,"5,166,000","7,354,000","5,411,000","11,069,000","8,353,000","8,780,000","143,309,000","8,050,000","7,778,000","11,354,000","7,059,000","8,558,000","8,738,000","4,442,000","3,093,000","0","0",,,,,,,,,,,,,,,,,,,,,,,,,,,,,,,,,,,,,,,,,,,,,,,,,,,,,,,,,,,,,,,,,,,,,,,,,,,,,,,,,,
DilutedNIAvailtoComStockholders,"1,329,760,000","498,299,000","446,025,000","326,527,000","58,909,000","261,470,000","93,889,000","269,829,000","319,368,000","299,687,000","276,243,000","319,706,000","107,685,000","95,898,000","222,323,000","117,129,000","219,095,000","106,738,000","142,623,000","202,622,000","148,380,000","287,546,000","215,896,000","226,847,000","3,730,294,000","211,039,000","203,637,000","296,941,000","185,901,000","225,261,000","229,445,000","116,096,000","81,192,000","109,940,000","376,155,000","323,723,000","1,016,650,000","404,620,000","218,603,000","99,797,000","141,833,000","99,016,000","104,382,000","552,457,000","123,865,000","185,870,000","25,166,000","6,343,000","51,863,000","41,672,000","132,362,000","96,585,000","77,175,000","-34,863,000","174,613,000","128,986,000","136,849,000","119,632,000","447,246,000","274,985,000","118,813,000","457,606,000","56,356,000","150,084,000","367,720,000","215,205,000","250,247,000","128,326,000","214,014,000","137,558,000","74,163,000","108,553,000","98,309,000","90,743,000","112,575,000","112,154,000","111,167,000","94,295,000","64,473,000","89,041,000","76,353,000","117,163,000","69,511,000","74,038,000","106,754,000","61,334,000","178,032,000","125,393,000","72,751,000","80,285,000","67,900,000","68,900,000","64,200,000","48,489,000","34,900,000","46,000,000","35,900,000","38,980,000","30,900,000","23,800,000","23,900,000","34,309,000","12,500,000","13,900,000","18,400,000","25,100,000","10,900,000","11,300,000","10,300,000","10,400,000","9,500,000","7,500,000","7,000,000","3,900,000","2,100,000",,
BasicEPS,,"1.4","1.15","0.84","0.15","0.68","0.24","0.7","0.83","0.78","0.72","0.83","0.28","0.32","0.58","0.31","0.57","0.34","0.37","0.53","0.39","0.76","0.57","0.6","9.84","0.56","0.54","0.79","0.49","0.6","0.61","0.31","0.22","0.31","1.05","0.9","3.01","1.18","0.73","0.33","0.47",,"0.35","1.88","0.42",,"0.09","0.02","0.18",,"0.48","0.35","0.28",,"0.65","0.48","0.51",,"1.64","0.97","0.41",,"0.19","0.52","1.27",,"0.87","0.45","0.75",,"0.26","0.39","0.35",,"0.41","0.41","0.41",,"0.24","0.33","0.28",,"0.26","0.28","0.405",,"0.675","0.485","0.285",,"0.28","0.285","0.27",,"0.18","0.235","0.19",,"0.21","0.2","0.23",,"0.145","0.17","0.16",,"0.16","0.165","0.15",,"0.165","0.175","-0.185",,"0.075","0","0"
DilutedEPS,,"1.4","1.15","0.84","0.15","0.68","0.24","0.7","0.83","0.77","0.71","0.83","0.28","0.31","0.58","0.31","0.57","0.34","0.37","0.53","0.39","0.75","0.56","0.59","9.76","0.55","0.53","0.78","0.49","0.59","0.61","0.31","0.22","0.3","1.05","0.9","3.01","1.17","0.72","0.33","0.47",,"0.35","1.85","0.42",,"0.09","0.02","0.18",,"0.48","0.35","0.28",,"0.64","0.47","0.51",,"1.62","0.95","0.4",,"0.19","0.51","1.25",,"0.86","0.44","0.74",,"0.26","0.39","0.35",,"0.41","0.41","0.41",,"0.23","0.32","0.28",,"0.26","0.275","0.4",,"0.665","0.48","0.285",,"0.275","0.285","0.27",,"0.18","0.235","0.19",,"0.205","0.2","0.225",,"0.14","0.165","0.155",,"0.16","0.165","0.15",,"0.165","0.175","-0.185",,"0.075","0","0"
BasicAverageShares,,"374,897,000","374,308,000","373,812,000","372,280,000","371,915,000","371,869,000","371,795,000","371,582,000","371,155,000","370,768,000","370,342,000","369,558,000","368,445,000","368,028,000","367,930,000","367,800,000","367,442,000","366,996,000","366,820,000","366,605,000","365,256,000","365,109,000","365,047,000","364,592,000","363,828,000","363,579,000","363,476,000","363,098,000","362,018,000","361,409,000","360,809,000","360,470,000","359,919,000","359,811,000","359,653,000","337,532,000","310,398,000","301,336,000","300,193,000","298,805,000",,"295,831,000","294,663,000","292,895,000",,"282,717,000","282,217,000","280,645,000",,"273,658,000","272,901,000","272,324,000",,"270,345,000","269,608,000","268,784,000",,"272,086,000","284,424,000","292,251,000",,"290,036,000","289,460,000","288,880,000",,"286,182,000","285,283,000","284,511,000",,"280,167,000","278,949,000","277,498,000",,"272,787,000","271,380,000","270,678,000",,"273,943,000","273,146,000","271,094,000",,"268,253,000","266,358,000","265,198,000",,"262,824,000","258,144,000","255,596,000",,"242,500,000","241,754,386","237,777,778",,"193,888,889","195,744,681","188,947,368",,"147,142,857","119,000,000","103,913,043",,"86,206,897","81,764,706","79,120,000",,"68,125,000","68,484,848","68,666,667",,"57,575,758","42,857,143","29,202,000",,"28,000,000","29,202,000","29,202,000"
DilutedAverageShares,,"389,000,000","388,374,000","387,820,000","386,916,000","385,756,000","385,652,000","385,913,000","386,949,000","387,143,000","386,896,000","386,107,000","385,184,000","384,296,000","383,884,000","383,423,000","383,018,000","383,105,000","382,945,000","382,692,000","382,280,000","381,860,000","382,373,000","382,065,000","382,243,000","381,220,000","380,663,000","380,491,000","380,327,000","378,886,000","377,954,000","377,118,000","376,384,000","375,860,000","359,811,000","359,653,000","337,532,000","327,108,000","318,773,000","317,648,000","315,230,000",,"312,844,000","312,199,000","310,467,000",,"300,379,000","299,642,000","280,645,000",,"290,215,000","289,338,000","288,853,000",,"290,795,000","290,445,000","289,317,000",,"294,331,000","307,631,000","316,265,000",,"315,886,000","314,698,000","314,049,000",,"311,564,000","309,979,000","308,576,000",,"304,028,000","302,201,000","301,781,000",,"297,941,000","299,217,000","297,646,000",,"299,057,000","299,494,000","297,229,000",,"296,391,000","293,940,000","297,184,000",,"267,717,293","261,235,417","255,596,000",,"246,909,091","241,754,386","237,777,778",,"193,888,889","195,744,681","188,947,368",,"150,731,707","119,000,000","106,222,222",,"89,285,714","84,242,424","79,120,000",,"68,125,000","68,484,848","68,666,667",,"57,575,758","42,857,143","37,837,838",,"28,000,000","29,202,000","29,202,000"
TotalOperatingIncomeAsReported,"1,675,841,000","641,883,000","521,554,000","376,844,000","135,560,000","356,606,000","182,410,000","356,889,000","422,109,000","408,952,000","368,363,000","369,260,000","209,969,000","219,306,000","224,731,000","217,654,000","196,869,000","214,764,000","217,786,000","210,550,000","204,371,000","224,070,000","209,373,000","206,018,000","216,625,000","286,964,000","257,501,000","246,184,000","218,171,000","250,550,000","243,269,000","228,304,000","199,252,000","220,767,000","121,394,000","71,033,000","117,529,000","178,168,000","184,127,000","165,711,000","146,152,000","159,173,000","151,076,000","146,495,000","133,510,000","75,232,000","127,196,000","121,529,000","118,596,000","128,622,000","133,096,000","135,962,000","144,181,000","38,584,000","156,570,000","165,859,000","146,847,000","154,592,000","145,981,000","148,448,000","135,339,000","104,271,000","140,784,000","140,321,000","142,019,000","117,464,000","129,901,000","140,974,000","130,956,000","127,435,000","124,371,000","140,786,000","139,316,000","123,082,000","147,635,000","159,425,000","154,382,000","153,802,000","154,460,000","184,595,000","185,432,000","188,689,000","138,334,000","195,127,000","197,238,000","188,782,000","202,163,000","193,443,000","184,644,000",,,,,,,,,,,,,,,,,,,,,,,,,,,,
RentExpenseSupplemental,,,,,,,,,,,,,,,,,,,,,,,,,,,,,,,,,,,,,,,,,,,,,,,,,,,,,,"1,827,000","1,983,000",,,,,,,,,,,,,,,,,,,,,,,,,,,,,,,,,,,,,,,,,,,,,,,,,,,,,,,,,,,,,,
TotalExpenses,"1,843,570,000","471,038,000","465,580,000","444,953,000","461,999,000","436,418,000","439,998,000","440,909,000","468,197,000","453,204,000","447,347,000","439,113,000","452,504,000","433,437,000","427,434,000","422,154,000","436,147,000","414,247,000","406,336,000","401,930,000","399,729,000","381,419,000","396,701,000","389,136,000","402,458,000","416,229,000","438,788,000","432,928,000","448,200,000","414,110,000","420,809,000","424,264,000","434,190,000","410,162,000","508,052,000","564,045,000","421,633,000","335,584,000","372,017,000","378,070,000","381,507,000","353,210,000","360,882,000","351,564,000","387,113,000","350,009,000","400,160,000","389,408,000","370,094,000","335,778,000","359,661,000","358,064,000","370,963,000","-120,503,000","381,749,000","369,666,000","375,846,000","-136,498,000","380,849,000","383,140,000","390,590,000","374,580,000","373,081,000","351,618,000","378,960,000","375,188,000","374,505,000","358,529,000","357,546,000","335,406,000","367,114,000","347,810,000","323,345,000","295,687,000","325,050,000","323,429,000","331,377,000","301,557,000","344,424,000","330,122,000","330,769,000","347,260,000","414,048,000","349,284,000","340,663,000","325,781,000","335,091,000","299,670,000","300,766,000","1,851,212,000","-261,600,000","-257,100,000","-251,000,000","1,396,075,000","-209,300,000","-182,500,000","-171,200,000","741,160,000","-117,100,000","-94,900,000","-81,700,000","507,259,000","-77,500,000","-69,200,000","-65,100,000","-68,400,000","-61,200,000","-57,000,000","-55,900,000","-49,300,000","-38,100,000","-30,100,000","-23,500,000","-22,500,000","-21,000,000",,
NetIncomeFromContinuingAndDiscontinuedOperation,"1,332,845,000","526,974,000","431,951,000","316,386,000","57,534,000","218,622,000","91,286,000","260,888,000","308,606,000","289,797,000","265,207,000","308,791,000","104,538,000","117,195,000","214,937,000","112,607,000","211,809,000","125,445,000","138,229,000","196,064,000","124,549,000","277,278,000","204,279,000","218,839,000","3,576,036,000","204,486,000","196,692,000","286,420,000","182,523,000","214,308,000","220,692,000","111,866,000","79,165,000","110,928,000","379,629,000","310,143,000","1,017,686,000","367,017,000","226,139,000","103,264,000","145,299,000","102,482,000","107,848,000","555,924,000","127,331,000","189,383,000","28,783,000","9,961,000","55,483,000","45,292,000","135,981,000","100,205,000","80,795,000","-31,243,000","178,241,000","132,612,000","140,482,000","123,277,000","457,707,000","282,401,000","126,237,000","465,061,000","69,811,000","160,157,000","377,815,000","225,886,000","267,524,000","141,344,000","227,039,000","150,633,000","87,509,000","127,290,000","117,065,000","134,836,000","137,273,000","136,391,000","135,347,000","119,125,000","88,661,000","114,039,000","101,072,000","141,057,000","93,979,000","103,341,000","136,239,000","95,270,000","205,975,000","152,659,000","101,139,000","107,781,000","95,900,000","97,100,000","93,600,000","76,306,000","56,600,000","67,700,000","57,600,000","60,692,000","47,200,000","35,700,000","33,000,000","46,836,000","19,600,000","20,300,000","18,400,000","30,400,000","14,500,000","12,500,000","10,300,000","10,400,000","9,500,000","7,500,000","7,000,000","4,300,000","1,600,000",,
NormalizedIncome,"278,120,285.257","59,379,584.44","68,253,307.488","92,812,802.16","57,576,894.097","39,310,320.818","91,310,931.68","116,720,924.653","100,662,014.101","159,683,990","134,766,744.83","170,070,226.327","104,558,954.647","117,218,978.373","101,108,759.399","112,657,882.294","69,732,608.831","117,283,200","120,928,280.275","108,432,105.956","87,914,812.05","103,941,956.795","114,183,294.951","161,551,180.74","-146,935,834.579","165,037,504.551","129,778,522.194","137,673,397.871","102,386,374.53","342,770,000","107,113,000","96,453,000","78,131,000","61,383,800","-24,447,100","-73,191,100","-154,383,050","92,797,950","129,916,585.933","45,007,969.216","20,452,908.362","24,292,245.401","37,553,654.805","4,328,834.527","7,053,238.666","-24,459,250","21,107,550","10,345,950","-1,732,050","-14,931,807.139","7,268,892.032","26,445,978.037","19,126,001.909","-59,291,000","36,368,000","45,157,000","26,131,805.726","32,736,550","23,811,800","26,300,300","21,878,250","32,198,800","34,663,800","33,721,600","374,762,600","32,559,000","11,930,000","35,525,200","79,913,000","28,979,400","29,001,800","48,415,000","45,920,600","31,028,600","59,472,800","64,030,200","63,706,400","73,090,800","60,262,600","88,120,600","94,584,800","141,057,000","93,979,000","100,468,800","136,239,000","95,270,000","205,975,000","152,659,000","89,140,200","107,781,000","84,800,000","82,460,000","80,760,000","70,906,000","55,640,000","62,180,000","57,600,000","60,692,000","47,200,000","35,700,000","33,000,000","46,836,000","19,600,000","20,300,000","18,400,000","30,400,000","14,500,000","12,500,000","10,300,000","10,400,000","9,500,000","7,500,000","7,000,000","4,300,000","1,600,000",,
InterestIncome,"25,666,000","373,000","973,000","24,104,000","216,000","1,929,000","535,000","1,511,000","1,936,000","596,000","631,000","1,009,000","581,000","457,000","7,864,000","1,116,000","5,880,000","428,000","3,945,000","1,162,000","601,000","681,000","5,509,000","56,525,000","3,058,000","466,000","256,000","6,481,000","120,000","1,249,000","576,000","2,032,000","605,000","3,336,000","816,000","249,000","256,000","80,031,000","70,087,000","259,000","172,000","1,369,000","5,317,000","281,000","972,000","144,000","208,000","2,892,000","2,225,000","830,000","3,215,000","6,622,000","6,021,000","22,521,000","2,838,000",,,,,,,,,,,,,,,,,,,,,,,,,,,,,,,,,,,,,,,,,,,,,,,,,,,,,,,,,,,,,,
InterestExpense,"272,473,000","69,740,000","68,251,000","67,124,000","67,358,000","116,724,000","80,874,000","81,885,000","85,590,000","100,300,000","85,936,000","108,902,000","94,938,000","91,906,000","111,219,000","94,131,000","116,104,000","95,311,000","91,145,000","91,224,000","106,210,000","95,930,000","86,352,000","86,472,000","213,492,000","110,447,000","114,205,000","110,795,000","108,622,000","109,967,000","118,251,000","115,924,000","113,049,000","149,402,000","120,035,000","122,950,000","195,685,000","110,214,000","113,876,000","115,618,000","118,703,000","114,277,000","113,370,000","120,525,000","121,376,000","117,002,000","122,854,000","115,819,000","118,494,000","145,923,000","124,914,000","119,121,000","126,862,000","127,016,000","122,715,000",,,,,,,,,,,,,,,,,,,,,,,,,,,,,,,,,,,,,,,,,,,,,,,,,,,,,,,,,,,,,,
NetInterestIncome,"-255,544,000","-71,932,000","-69,326,000","-44,959,000","-69,327,000","-117,481,000","-82,440,000","-82,485,000","-85,695,000","-102,710,000","-88,186,000","-111,540,000","-96,493,000","-93,705,000","-106,631,000","-95,114,000","-113,903,000","-96,962,000","-89,264,000","-92,149,000","-107,905,000","-97,882,000","-83,104,000","-32,292,000","-215,828,000","-113,048,000","-116,556,000","-106,852,000","-111,091,000","-111,252,000","-120,303,000","-117,026,000","-115,236,000","-152,627,000","-123,554,000","-127,054,000","-202,452,000","-51,553,000","-43,789,000","-115,359,000","-118,531,000","-129,914,000","-108,053,000","-120,244,000","-120,404,000","-127,227,000","-122,646,000","-112,927,000","-116,269,000","-145,093,000","-121,699,000","-112,499,000","-120,841,000","-104,495,000","-119,877,000","-119,663,000",,,,,,,,,,,,,,,,,,,,,,,,,,,,,,,,,,,,,,,,,,,,,,,,,,,,,,,,,,,,,
EBIT,"1,673,495,000","631,324,000","517,023,000","395,667,000","129,481,000","343,379,000","176,747,000","354,595,000","419,471,000","399,570,000","363,300,000","361,505,000","205,139,000","215,087,000","336,330,000","212,851,000","337,842,000","226,383,000","235,967,000","296,309,000","238,293,000","399,414,000","292,237,000","316,050,000","3,935,212,000","323,702,000","320,950,000","397,159,000","295,723,000","460,038,000","236,246,000","225,669,000","196,408,000","216,612,000","111,952,000","58,482,000","43,095,000","240,465,000","246,782,000","152,390,000","136,283,000","150,426,000","149,144,000","137,706,000","129,295,000","70,562,000","121,460,000","120,459,000","116,438,000","125,193,000","134,389,000","142,570,000","149,910,000","61,105,000","159,408,000","165,859,000","146,966,000","650,288,000","146,607,000","148,606,000","135,575,000","138,273,000","140,784,000","140,321,000","142,019,000","117,464,000","129,901,000","140,974,000","130,956,000","127,435,000","124,371,000","140,786,000","139,316,000","123,372,000","147,926,000","159,715,000","154,673,000","169,714,000","162,311,000","184,595,000","185,432,000","188,689,000","138,334,000","195,127,000","197,238,000","188,782,000","202,163,000","193,443,000","184,644,000","-1,435,994,000","715,300,000","703,800,000","688,600,000","-1,004,026,000","550,300,000","498,700,000","459,500,000","-507,439,000","320,800,000","259,800,000","226,700,000","-375,274,000","202,000,000","183,500,000","172,700,000","193,700,000","161,800,000","151,800,000","147,600,000","127,400,000","99,600,000","80,300,000","64,800,000","60,200,000","50,500,000","23,400,000","23,400,000"
EBITDA,"2,524,879,000"
ReconciledCostOfRevenue,"935,680,000","232,414,000","234,164,000","225,410,000","243,692,000","220,617,000","225,659,000","220,230,000","238,268,000","224,912,000","221,456,000","221,363,000","228,904,000","218,090,000","219,078,000","215,612,000","222,462,000","200,505,000","208,657,000","207,547,000","205,732,000","192,720,000","204,218,000","193,856,000","212,005,000","220,208,000","226,596,000","222,071,000","232,911,000","210,523,000","219,526,000","219,675,000","230,618,000","213,061,000","213,007,000","216,585,000","184,807,000","157,462,000","193,087,000","191,678,000","192,711,000","174,833,000","185,308,000","179,089,000","206,315,000","161,479,000","218,374,000","204,376,000","206,639,000","176,769,000","198,197,000","196,516,000","210,081,000",,,,,,,,,,,,,,,,,,,,,,,,,,,,,,,,,,,,,,,,,,,,,,,,,,,,,,,,,,,,,,,,
ReconciledDepreciation,"851,384,000","225,220,000","218,375,000","204,865,000","202,924,000","204,708,000","203,480,000","208,844,000","215,411,000","216,662,000","214,474,000","203,421,000","208,219,000","202,954,000","195,716,000","194,040,000","197,407,000","201,884,000","185,112,000","180,757,000","179,824,000","178,267,000","180,088,000","176,984,000","173,736,000","181,881,000","196,902,000","195,127,000","195,367,000","193,935,000","191,315,000","190,837,000","185,996,000","181,940,000","280,607,000","331,374,000","220,330,000","168,052,000","168,834,000","172,998,000","175,108,000","167,233,000","165,453,000","161,567,000","169,363,000","171,708,000","174,019,000","174,942,000","152,734,000","148,888,000","149,652,000","151,347,000","150,488,000","158,298,000","155,384,000","148,954,000","147,748,000","157,347,000","154,398,000","157,211,000","154,892,000","152,123,000","143,437,000","150,903,000","147,015,000","137,046,000","132,166,000","130,442,000","129,304,000","127,932,000","126,890,000","124,576,000","117,185,000","116,671,000","117,506,000","118,474,000","118,918,000","119,750,000","118,360,000","118,079,000","116,767,000","119,556,000","119,436,000","116,767,000","115,962,000","114,733,000","112,099,000","112,626,000","111,886,000","109,388,000","101,200,000","100,700,000","97,400,000","82,069,000","88,600,000","66,900,000","64,300,000","51,344,000","42,000,000","34,500,000","28,800,000","23,353,000","24,900,000","23,400,000","21,600,000","21,400,000","14,900,000","22,400,000","17,400,000","14,300,000","10,200,000","8,400,000","6,400,000","6,500,000",,,
NetIncomeFromContinuingOperationNetMinorityInterest,"1,332,845,000","526,974,000","431,951,000","316,386,000","57,534,000","218,622,000","91,286,000","260,888,000","308,606,000","289,797,000","265,207,000","308,791,000","104,538,000","117,195,000","214,937,000","112,607,000","211,809,000","125,445,000","138,229,000","196,064,000","124,549,000","276,884,000","204,033,000","218,804,000","3,576,193,000","204,439,000","196,611,000","286,306,000","182,319,000","342,770,000","107,113,000","96,453,000","78,131,000","61,298,000","-24,555,000","-78,044,000","-196,700,000","112,946,000","122,497,000","31,507,000","10,521,000","31,171,000","30,362,000","-4,634,000","1,992,000","-55,526,000","18,841,000","9,278,000","-4,581,000","-19,183,000","5,440,000","15,431,000","18,861,000","-59,291,000","36,368,000","45,157,000","26,024,000","35,137,000","23,869,000","29,133,000","21,576,000","11,563,000","36,426,000","33,883,000","374,822,000","32,559,000","11,930,000","35,431,000","79,913,000","24,696,000","29,003,000","49,363,000","47,381,000","31,016,000","59,297,000","65,934,000","64,259,000","66,576,000","55,552,000","87,874,000","97,979,000","141,057,000","93,979,000","103,341,000","136,239,000","95,270,000","205,975,000","152,659,000","101,139,000","107,781,000","95,900,000","97,100,000","93,600,000","76,306,000","56,600,000","67,700,000","57,600,000","60,692,000","47,200,000","35,700,000","33,000,000","46,836,000","19,600,000","20,300,000","18,400,000","30,400,000","14,500,000","12,500,000","10,300,000","10,400,000","9,500,000","7,500,000","7,000,000","4,300,000","1,600,000",,
TotalUnusualItemsExcludingGoodwill,"1,055,414,000","467,791,000","363,928,000","223,738,000","-43,000","179,589,000","-25,000","144,266,000","207,977,000","178,237,000","130,565,000","138,856,000","-21,000","-24,000","113,970,000","-51,000","142,213,000","13,603,000","17,328,000","87,726,000","36,707,000","173,184,000","90,036,000","57,356,000","3,723,479,000","39,442,000","66,939,000","148,802,000","79,951,000","216,116,000","1,052,000","824,000","-30,000","-132,000","-166,000","-7,466,000","-65,103,000","30,997,000","-7,432,000","-13,580,000","-10,041,000","6,890,000","-7,249,000","-9,070,000","-5,187,000","-47,795,000","-3,487,000","-1,643,000","-4,383,000","-4,259,000","-1,922,000","-11,138,000","-292,000",,,,"-119,000","3,693,000","88,000","4,358,000","-465,000","-34,393,000","2,937,000","269,000","99,000",,,"-157,000",,"-7,139,000","2,000","1,580,000","2,434,000","-21,000","-293,000","3,173,000","921,000","-10,858,000","-7,851,000","-411,000","5,657,000",,,"4,787,000",,,"0",,"19,998,000",,"18,500,000","24,400,000","21,400,000","9,000,000","1,600,000","9,200,000",,,,,,,,,,,,,,,,,,,,,
TotalUnusualItems,"1,055,414,000","467,791,000","363,928,000","223,738,000","-43,000","179,589,000","-25,000","144,266,000","207,977,000","178,237,000","130,565,000","138,856,000","-21,000","-24,000","113,970,000","-51,000","142,213,000","13,603,000","17,328,000","87,726,000","36,707,000","173,184,000","90,036,000","57,356,000","3,723,479,000","39,442,000","66,939,000","148,802,000","79,951,000","216,116,000","1,052,000","824,000","-30,000","-132,000","-166,000","-7,466,000","-65,103,000","30,997,000","-7,432,000","-13,580,000","-10,041,000","6,890,000","-7,249,000","-9,070,000","-5,187,000","-47,795,000","-3,487,000","-1,643,000","-4,383,000","-4,259,000","-1,922,000","-11,138,000","-292,000",,,,"-119,000","3,693,000","88,000","4,358,000","-465,000","-34,393,000","2,937,000","269,000","99,000",,,"-157,000",,"-7,139,000","2,000","1,580,000","2,434,000","-21,000","-293,000","3,173,000","921,000","-10,858,000","-7,851,000","-411,000","5,657,000",,,"4,787,000",,,"0",,"19,998,000",,"18,500,000","24,400,000","21,400,000","9,000,000","1,600,000","9,200,000",,,,,,,,,,,,,,,,,,,,,
NormalizedEBITDA,"1,469,465,000","388,753,000","371,470,000","376,794,000","332,448,000","368,498,000","380,252,000","419,173,000","426,905,000","437,995,000","447,209,000","426,070,000","413,379,000","418,065,000","418,076,000","406,942,000","393,036,000","414,664,000","403,751,000","389,340,000","381,410,000","404,497,000","382,289,000","435,678,000","385,469,000","466,141,000","450,913,000","443,484,000","411,139,000","653,973,000","427,561,000","416,506,000","382,404,000","398,684,000","392,725,000","397,322,000","328,528,000","377,520,000","423,048,000","338,968,000","321,432,000","310,769,000","321,846,000","308,343,000","303,845,000","290,065,000","301,046,000","297,044,000","273,555,000","278,340,000","285,963,000","305,055,000","300,690,000","219,403,000","314,792,000","314,813,000","294,833,000","803,942,000","300,917,000","301,459,000","290,932,000","324,789,000","281,284,000","290,955,000","288,935,000","254,510,000","262,067,000","271,573,000","260,260,000","262,506,000","251,259,000","263,782,000","254,067,000","240,064,000","265,725,000","275,016,000","272,670,000","300,322,000","288,522,000","303,085,000","296,542,000","308,245,000","257,770,000","307,107,000","313,200,000","303,515,000","314,262,000","306,069,000","276,532,000","-1,326,606,000","798,000,000","780,100,000","764,600,000","-930,957,000","637,300,000","556,400,000","523,800,000","-456,095,000","362,800,000","294,300,000","255,500,000","-351,921,000","226,900,000","206,900,000","194,300,000","215,100,000","176,700,000","174,200,000","165,000,000","141,700,000","109,800,000","88,700,000","71,200,000","66,700,000","50,500,000","23,400,000","23,400,000"
TaxRateForCalcs,"0.001","0","0.001","0.001","0.002","0.002","0.003","0.001","0","0.27","0.001","0.001","0.002","0.001","0.001","0.002","0.001","0.4","0.002","0.001","0.002","0.001","0.002","0.002","0","0.001","0.002","0.001","0","0.001","0.002","0.006","0.003","0.35","0.35","0.35","0.35","0.35","0.002","0.006","0.011","0.002","0.008","0.012","0.024","0.35","0.35","0.35","0.35","0.002","0.048","0.011","0.092","0.01","0.036","0.032","0.094","0.35","0.35","0.35","0.35","0.4","0.4","0.4","0.4","0.4","0.4","0.4","0.4","0.4","0.4","0.4","0.4","0.4","0.4","0.4","0.4","0.4","0.4","0.4","0.4","0.4","0.4","0.4","0.4","0.4","0.4","0.4","0.4","0.4","0.4","0.4","0.4","0.4","0.4","0.4","0.4","0.4","0.4","0.4","0.4","0.4","0.4","0.4","0.4","0.4","0.4","0.4","0.4","0.4","0.4","0.4","0.4","0.4","0.4",,
TaxEffectOfUnusualItems,"689,285.257","196,584.44","230,307.488","164,802.16","-105.903","277,320.818","-68.32","98,924.653","33,014.101","48,123,990","124,744.83","135,226.327","-45.353","-21.627","141,759.399","-117.706","136,608.831","5,441,200","27,280.275","94,105.956","72,812.05","241,956.795","186,294.951","103,180.74","350,165.421","40,504.551","106,522.194","169,397.871","18,374.53","0","0","0","0","-46,200","-58,100","-2,613,100","-22,786,050","10,848,950","-12,414.067","-79,030.784","-109,091.638","11,245.401","-57,345.195","-107,165.473","-125,761.334","-16,728,250","-1,220,450","-575,050","-1,534,050","-7,807.139","-93,107.968","-123,021.963","-26,998.091","0","0","0","-11,194.274","1,292,550","30,800","1,525,300","-162,750","-13,757,200","1,174,800","107,600","39,600","0","0","-62,800","0","-2,855,600","800","632,000","973,600","-8,400","-117,200","1,269,200","368,400","-4,343,200","-3,140,400","-164,400","2,262,800","0","0","1,914,800","0","0","0","0","7,999,200","0","7,400,000","9,760,000","8,560,000","3,600,000","640,000","3,680,000","0","0","0","0","0","0","0","0","0","0","0","0","0","0","0","0","0","0","0",,