name,ttm,12/31/2021,09/30/2021,06/30/2021,03/31/2021,12/31/2020,09/30/2020,06/30/2020,03/31/2020,12/31/2019,09/30/2019,06/30/2019,03/31/2019,12/31/2018,09/30/2018,06/30/2018,03/31/2018,12/31/2017,09/30/2017,06/30/2017,03/31/2017,12/31/2016,09/30/2016,06/30/2016,03/31/2016,12/31/2015,09/30/2015,06/30/2015,03/31/2015,12/31/2014,09/30/2014,06/30/2014,03/31/2014,12/31/2013,09/30/2013,06/30/2013,03/31/2013,12/31/2012,09/30/2012,06/30/2012,03/31/2012,12/31/2011,09/30/2011,06/30/2011,03/31/2011,12/31/2010,09/30/2010,06/30/2010,03/31/2010,12/31/2009,09/30/2009,06/30/2009,03/31/2009,12/31/2008,09/30/2008,06/30/2008,03/31/2008,12/31/2007,09/30/2007,06/30/2007,03/31/2007,12/31/2006,09/30/2006,06/30/2006,03/31/2006,12/31/2005,09/30/2005,06/30/2005,03/31/2005,12/31/2004,09/30/2004,06/30/2004,03/31/2004,12/31/2003,09/30/2003,06/30/2003,03/31/2003,12/31/2002,09/30/2002,06/30/2002,03/31/2002,12/31/2001,09/30/2001,06/30/2001,03/31/2001,12/31/2000,09/30/2000,06/30/2000,03/31/2000,12/31/1999,09/30/1999,06/30/1999,03/31/1999,12/31/1998,09/30/1998,06/30/1998,03/31/1998,12/31/1997,09/30/1997,06/30/1997,03/31/1997,12/31/1996,09/30/1996,06/30/1996,03/31/1996,12/31/1995,09/30/1995,06/30/1995,03/31/1995,12/31/1994,09/30/1994,06/30/1994,03/31/1994,12/31/1993,09/30/1993,06/30/1993,03/31/1993,12/31/1992,09/30/1992,06/30/1992,03/31/1992,12/31/1991,09/30/1991,06/30/1991,03/31/1991,12/31/1990,09/30/1990,06/30/1990,03/31/1990,12/31/1989,09/30/1989,06/30/1989,03/31/1989,12/31/1988,09/30/1988,06/30/1988,03/31/1988,12/31/1987,09/30/1987,06/30/1987,03/31/1987,12/31/1986,09/30/1986,06/30/1986,03/31/1986,12/31/1985,09/30/1985
TotalRevenue,"19,628,000,000","4,798,000,000","4,923,000,000","5,215,000,000","4,692,000,000","4,687,000,000","4,526,000,000","3,856,000,000","4,789,000,000","5,238,000,000","5,314,000,000","5,533,000,000","5,305,000,000","5,459,000,000","5,412,000,000","5,487,000,000","5,251,000,000","5,213,000,000","5,211,000,000","5,132,000,000","4,848,000,000","4,867,000,000","4,987,000,000","5,080,000,000","4,813,000,000","5,057,000,000","5,203,000,000","5,372,000,000","5,223,000,000","5,565,000,000","5,728,000,000","5,767,000,000","5,492,000,000","5,527,000,000","5,607,000,000","5,602,000,000","5,310,000,000","4,333,000,000","3,950,000,000","4,068,000,000","3,960,000,000","4,033,000,000","4,123,000,000","4,090,000,000","3,803,000,000","3,663,000,000","3,571,000,000","3,378,000,000","3,103,000,000","3,131,000,000","3,028,000,000","2,901,000,000","2,813,000,000","3,487,000,000","4,114,000,000","4,279,000,000","3,496,000,000","3,374,000,000","3,298,000,000","3,248,000,000","3,153,000,000","3,102,000,000","3,115,000,000","3,186,000,000","3,013,000,000","2,838,000,000","2,789,000,000","2,834,000,000","2,654,000,000","2,633,000,000","2,543,000,000","2,403,000,000","2,238,000,000","2,083,000,000","2,026,000,000","2,027,000,000","1,925,000,000","1,775,000,000","1,830,000,000","1,881,000,000","1,723,000,000","1,695,000,000","1,750,000,000","1,871,000,000","1,983,000,000","1,458,000,000","2,191,000,000","2,335,000,000","2,325,000,000","2,214,000,000","2,227,000,000","2,300,000,000","1,661,000,000","1,606,000,000","1,620,000,000","1,712,000,000","1,687,000,000","1,934,000,000","1,931,000,000","1,909,000,000","1,789,000,000","1,724,000,000","1,719,000,000","1,782,000,000","1,736,000,000","1,661,000,000","1,672,000,000","1,758,000,000","1,731,000,000","1,605,000,000","1,531,000,000","1,545,000,000","1,371,000,000","1,115,000,000","1,053,000,000","1,147,000,000","1,034,000,000","964,000,000","945,000,000","1,011,000,000","949,000,000","866,000,000","842,000,000","855,000,000","818,000,000","875,500,000","869,100,000","952,800,000","941,600,000","879,800,000","864,100,000","969,400,000","957,700,000","890,900,000","840,400,000","880,100,000","857,100,000","805,100,000","753,500,000","807,700,000","771,600,000","1,028,300,000","897,600,000","1,003,300,000","882,400,000","983,600,000","869,100,000"
	OperatingRevenue,"19,628,000,000","4,798,000,000","4,923,000,000","5,215,000,000","4,692,000,000","4,687,000,000","4,526,000,000","3,856,000,000","4,789,000,000","5,238,000,000","5,314,000,000","5,533,000,000","5,305,000,000","5,459,000,000","5,412,000,000","5,487,000,000","5,251,000,000","5,213,000,000","5,211,000,000","5,132,000,000","4,848,000,000","4,867,000,000","4,987,000,000","5,080,000,000","4,813,000,000","5,057,000,000","5,203,000,000","5,372,000,000","5,223,000,000","5,565,000,000","5,728,000,000","5,767,000,000","5,492,000,000","5,527,000,000","5,607,000,000","5,602,000,000","5,310,000,000","4,333,000,000","3,950,000,000","4,068,000,000","3,960,000,000","4,033,000,000","4,123,000,000","4,090,000,000","3,803,000,000","3,663,000,000","3,571,000,000","3,378,000,000","3,103,000,000","3,131,000,000","3,028,000,000","2,901,000,000","2,813,000,000","3,487,000,000","4,114,000,000","4,279,000,000","3,496,000,000","3,374,000,000","3,298,000,000","3,248,000,000","3,153,000,000","3,102,000,000","3,115,000,000","3,186,000,000","3,013,000,000","2,838,000,000","2,789,000,000","2,834,000,000","2,654,000,000","2,633,000,000","2,543,000,000","2,403,000,000","2,238,000,000","2,083,000,000","2,026,000,000","2,027,000,000","1,925,000,000","1,775,000,000","1,830,000,000","1,881,000,000","1,723,000,000","1,695,000,000","1,750,000,000","1,871,000,000","1,983,000,000","1,458,000,000","2,191,000,000","2,335,000,000","2,325,000,000","2,214,000,000","2,227,000,000","2,300,000,000","1,661,000,000","1,606,000,000","1,620,000,000","1,712,000,000","1,687,000,000","1,934,000,000","1,931,000,000","1,909,000,000","1,789,000,000","1,724,000,000","1,719,000,000","1,782,000,000","1,736,000,000","1,661,000,000","1,672,000,000","1,758,000,000","1,731,000,000","1,605,000,000","1,531,000,000","1,545,000,000","1,371,000,000","1,115,000,000","1,053,000,000","1,147,000,000","1,034,000,000","964,000,000","945,000,000","1,011,000,000","949,000,000","866,000,000","842,000,000","855,000,000","818,000,000","875,500,000","869,100,000","952,800,000","941,600,000","879,800,000","864,100,000","969,400,000","957,700,000","890,900,000","840,400,000","880,100,000","857,100,000","805,100,000","753,500,000","807,700,000","771,600,000","1,028,300,000","897,600,000","1,003,300,000","882,400,000","983,600,000","869,100,000"
CostOfRevenue,"13,293,000,000","3,226,000,000","3,338,000,000","3,545,000,000","3,184,000,000","3,178,000,000","3,051,000,000","2,877,000,000","3,302,000,000","3,556,000,000","3,512,000,000","3,697,000,000","3,573,000,000","3,670,000,000","3,597,000,000","3,671,000,000","3,573,000,000","3,527,000,000","3,469,000,000","3,450,000,000","3,310,000,000","3,319,000,000","3,371,000,000","3,419,000,000","3,291,000,000","3,427,000,000","3,597,000,000","3,675,000,000","3,593,000,000","3,847,000,000","3,916,000,000","4,025,000,000","3,858,000,000","3,881,000,000","3,883,000,000","3,870,000,000","3,735,000,000","3,132,000,000","2,747,000,000","2,815,000,000","2,754,000,000","2,817,000,000","2,900,000,000","2,862,000,000","2,682,000,000","2,565,000,000","2,480,000,000","2,387,000,000","2,201,000,000","2,241,000,000","2,178,000,000","2,189,000,000","2,174,000,000","2,626,000,000","2,964,000,000","3,069,000,000","2,532,000,000","2,428,000,000","2,381,000,000","2,346,000,000","2,256,000,000","2,300,000,000","2,313,000,000","2,307,000,000","2,167,000,000","2,059,000,000","2,001,000,000","2,039,000,000","1,913,000,000","1,899,000,000","1,836,000,000","1,726,000,000","1,621,000,000","1,505,000,000","1,479,000,000","1,498,000,000","1,415,000,000","1,306,000,000","1,316,000,000","1,364,000,000","1,286,000,000","1,280,000,000","1,326,000,000","1,311,000,000","1,407,000,000","1,064,000,000","1,473,000,000","1,547,000,000","1,546,000,000","1,496,000,000","1,490,000,000","1,528,000,000","1,086,000,000","1,074,000,000","1,110,000,000","1,118,000,000","1,133,000,000","1,296,000,000","1,305,000,000","1,288,000,000","1,225,000,000","1,216,000,000","1,199,000,000","1,227,000,000","1,203,000,000","1,157,000,000","1,173,000,000","1,218,000,000","1,199,000,000","1,099,000,000","1,058,000,000","1,053,000,000","936,000,000","769,000,000","738,000,000","819,000,000","723,000,000","695,000,000","682,000,000","718,000,000","678,000,000","618,000,000","609,000,000","733,000,000","715,000,000","626,100,000","628,500,000","653,600,000","679,800,000","603,500,000","593,600,000","787,100,000",,,,,,,,,,,,,,,
GrossProfit,"6,335,000,000","1,572,000,000","1,585,000,000","1,670,000,000","1,508,000,000","1,509,000,000","1,475,000,000","979,000,000","1,487,000,000","1,682,000,000","1,802,000,000","1,836,000,000","1,732,000,000","1,789,000,000","1,815,000,000","1,816,000,000","1,678,000,000","1,686,000,000","1,742,000,000","1,682,000,000","1,538,000,000","1,548,000,000","1,616,000,000","1,661,000,000","1,522,000,000","1,630,000,000","1,606,000,000","1,697,000,000","1,630,000,000","1,718,000,000","1,812,000,000","1,742,000,000","1,634,000,000","1,646,000,000","1,724,000,000","1,732,000,000","1,575,000,000","1,201,000,000","1,203,000,000","1,253,000,000","1,206,000,000","1,216,000,000","1,223,000,000","1,228,000,000","1,121,000,000","1,098,000,000","1,091,000,000","991,000,000","902,000,000","890,000,000","850,000,000","712,000,000","639,000,000","861,000,000","1,150,000,000","1,210,000,000","964,000,000","946,000,000","917,000,000","902,000,000","897,000,000","802,000,000","802,000,000","879,000,000","846,000,000","779,000,000","788,000,000","795,000,000","741,000,000","734,000,000","707,000,000","677,000,000","617,000,000","578,000,000","547,000,000","529,000,000","510,000,000","469,000,000","514,000,000","517,000,000","437,000,000","415,000,000","424,000,000","560,000,000","576,000,000","394,000,000","718,000,000","788,000,000","779,000,000","718,000,000","737,000,000","772,000,000","575,000,000","532,000,000","510,000,000","594,000,000","554,000,000","638,000,000","626,000,000","621,000,000","564,000,000","508,000,000","520,000,000","555,000,000","533,000,000","504,000,000","499,000,000","540,000,000","532,000,000","506,000,000","473,000,000","492,000,000","435,000,000","346,000,000","315,000,000","328,000,000","311,000,000","269,000,000","263,000,000","293,000,000","271,000,000","248,000,000","233,000,000","122,000,000","103,000,000","249,400,000","240,600,000","299,200,000","261,800,000","276,300,000","270,500,000","182,300,000",,,,,,,,,,,,,,,
OperatingExpense,"3,872,000,000","913,000,000","986,000,000","1,030,000,000","943,000,000","905,000,000","886,000,000","817,000,000","1,018,000,000","1,026,000,000","1,032,000,000","1,058,000,000","1,073,000,000","1,014,000,000","1,027,000,000","1,046,000,000","1,045,000,000","1,006,000,000","1,063,000,000","1,052,000,000","1,028,000,000","1,008,000,000","999,000,000","1,046,000,000","1,041,000,000","1,026,000,000","1,063,000,000","1,059,000,000","1,073,000,000","1,057,000,000","1,124,000,000","1,152,000,000","1,124,000,000","1,166,000,000","1,133,000,000","1,121,000,000","1,110,000,000","941,000,000","789,000,000","796,000,000","807,000,000","808,000,000","772,000,000","805,000,000","770,000,000","761,000,000","755,000,000","707,000,000","688,000,000","690,000,000","652,000,000","649,000,000","656,000,000","698,000,000","776,000,000","815,000,000","641,000,000","658,000,000","616,000,000","613,000,000","591,000,000","574,000,000","554,000,000","581,000,000","561,000,000","527,000,000","514,000,000","515,000,000","488,000,000","496,000,000","478,000,000","453,000,000","421,000,000","411,000,000","384,000,000","395,000,000","384,000,000","347,000,000","353,000,000","355,000,000","365,000,000","347,000,000","356,000,000","445,000,000","479,000,000","364,000,000","546,000,000","557,000,000","563,000,000","542,000,000","553,000,000","546,000,000","432,000,000","447,000,000","414,000,000","428,000,000","426,000,000","463,000,000","438,000,000","434,000,000","414,000,000","418,000,000","393,000,000","392,000,000","379,000,000","364,000,000","349,000,000","367,000,000","352,000,000","357,000,000","335,000,000","345,000,000","309,000,000","295,000,000","234,000,000","238,000,000","216,000,000","226,000,000","220,000,000","215,000,000","206,000,000","235,000,000","189,000,000","73,000,000","113,000,000","199,300,000","182,600,000","205,500,000","170,600,000","194,900,000","197,700,000","72,100,000",,,,,,,,,,,,,,,
	SellingGeneralAndAdministration,"3,256,000,000","751,000,000","834,000,000","876,000,000","795,000,000","765,000,000","754,000,000","691,000,000","865,000,000","874,000,000","885,000,000","907,000,000","917,000,000","869,000,000","889,000,000","901,000,000","889,000,000","862,000,000","916,000,000","902,000,000","885,000,000","863,000,000","853,000,000","897,000,000","892,000,000","873,000,000","907,000,000","901,000,000","915,000,000","903,000,000","961,000,000","984,000,000","962,000,000","1,001,000,000","967,000,000","960,000,000","958,000,000","815,000,000","687,000,000","690,000,000","702,000,000","707,000,000","668,000,000","698,000,000","665,000,000","644,000,000","651,000,000","604,000,000","587,000,000","587,000,000","553,000,000","554,000,000","558,000,000","598,000,000","659,000,000","704,000,000","552,000,000","581,000,000","528,000,000","525,000,000","508,000,000","501,000,000","468,000,000","499,000,000","480,000,000","453,000,000","439,000,000","446,000,000","419,000,000","431,000,000","406,000,000","389,000,000","361,000,000","356,000,000","327,000,000","339,000,000","329,000,000","300,000,000","302,000,000","305,000,000","310,000,000","296,000,000","300,000,000","303,000,000","321,000,000","244,000,000","337,000,000","356,000,000","362,000,000","340,000,000","349,000,000","354,000,000","275,000,000","276,000,000","247,000,000","264,000,000","263,000,000","287,000,000","272,000,000","272,000,000","257,000,000","267,000,000","244,000,000","245,000,000","239,000,000","231,000,000","226,000,000","238,000,000","229,000,000","237,000,000","221,000,000","227,000,000","197,000,000","246,000,000","185,000,000","189,000,000","171,000,000","180,000,000","174,000,000","168,000,000","161,000,000","191,000,000","150,000,000","30,000,000","70,000,000","151,200,000","146,600,000","149,900,000","147,300,000","144,700,000","140,900,000","30,100,000",,,,,,,,,,,,,,,
	ResearchAndDevelopment,"616,000,000","162,000,000","152,000,000","154,000,000","148,000,000","140,000,000","132,000,000","126,000,000","153,000,000","152,000,000","147,000,000","151,000,000","156,000,000","145,000,000","138,000,000","145,000,000","156,000,000","144,000,000","147,000,000","150,000,000","143,000,000","145,000,000","146,000,000","149,000,000","149,000,000","153,000,000","156,000,000","158,000,000","158,000,000","154,000,000","163,000,000","168,000,000","162,000,000","165,000,000","166,000,000","161,000,000","152,000,000","126,000,000","102,000,000","106,000,000","105,000,000","101,000,000","104,000,000","107,000,000","105,000,000","117,000,000","104,000,000","103,000,000","101,000,000","103,000,000","99,000,000","95,000,000","98,000,000","100,000,000","117,000,000","111,000,000","89,000,000","77,000,000","88,000,000","88,000,000","83,000,000","73,000,000","86,000,000","82,000,000","81,000,000","74,000,000","75,000,000","69,000,000","69,000,000","65,000,000","72,000,000","64,000,000","60,000,000","55,000,000","57,000,000","56,000,000","55,000,000","47,000,000","51,000,000","50,000,000","55,000,000","51,000,000","56,000,000","53,000,000","68,000,000","12,000,000","86,000,000","87,000,000","84,000,000","84,000,000","82,000,000","77,000,000","71,000,000","85,000,000","85,000,000","82,000,000","82,000,000","84,000,000","81,000,000","79,000,000","75,000,000","67,000,000","67,000,000","68,000,000","65,000,000","59,000,000","53,000,000","58,000,000","57,000,000","56,000,000","52,000,000","55,000,000","50,000,000",,,,,,,,,,,,,,,,,,,,,,,,,,,,,,,,,,
	DepreciationAmortizationDepletionIncomeStatement,,,,,,,,,,,,,,,,,,,,,,,,,,,,,,,,,,,,,,,,,,,,,,,,,,,,,,,,,,,,,,,,,,,,,,,,,,,,,,,,,,,,"89,000,000","90,000,000","108,000,000","123,000,000","114,000,000","117,000,000","118,000,000","122,000,000","115,000,000","86,000,000","86,000,000","82,000,000","82,000,000","81,000,000","92,000,000","85,000,000","83,000,000","82,000,000","84,000,000","82,000,000","79,000,000","75,000,000","74,000,000","70,000,000","71,000,000","66,000,000","64,000,000","62,000,000","63,000,000","62,000,000","49,000,000","49,000,000","49,000,000","45,000,000","46,000,000","46,000,000","47,000,000","45,000,000","44,000,000","39,000,000","43,000,000","43,000,000","48,100,000","36,000,000","55,600,000","23,300,000","50,200,000","56,800,000","42,000,000",,,,,,,,,,,,,,,
		DepreciationAndAmortizationInIncomeStatement,,,,,,,,,,,,,,,,,,,,,,,,,,,,,,,,,,,,,,,,,,,,,,,,,,,,,,,,,,,,,,,,,,,,,,,,,,,,,,,,,,,,"89,000,000","90,000,000","108,000,000","123,000,000","114,000,000","117,000,000","118,000,000","122,000,000","115,000,000","86,000,000","86,000,000","82,000,000","82,000,000","81,000,000","92,000,000","85,000,000","83,000,000","82,000,000","84,000,000","82,000,000","79,000,000","75,000,000","74,000,000","70,000,000","71,000,000","66,000,000","64,000,000","62,000,000","63,000,000","62,000,000","49,000,000","49,000,000","49,000,000","45,000,000","46,000,000","46,000,000","47,000,000","45,000,000","44,000,000","39,000,000","43,000,000","43,000,000","48,100,000","36,000,000","55,600,000","23,300,000","50,200,000","56,800,000","42,000,000",,,,,,,,,,,,,,,
OperatingIncome,"2,463,000,000","659,000,000","599,000,000","640,000,000","565,000,000","604,000,000","589,000,000","162,000,000","469,000,000","656,000,000","770,000,000","778,000,000","659,000,000","775,000,000","788,000,000","770,000,000","633,000,000","680,000,000","679,000,000","630,000,000","510,000,000","540,000,000","617,000,000","615,000,000","481,000,000","604,000,000","543,000,000","638,000,000","557,000,000","661,000,000","688,000,000","590,000,000","510,000,000","480,000,000","591,000,000","611,000,000","465,000,000","260,000,000","414,000,000","457,000,000","399,000,000","408,000,000","451,000,000","423,000,000","351,000,000","337,000,000","336,000,000","284,000,000","214,000,000","200,000,000","198,000,000","63,000,000","-17,000,000","163,000,000","374,000,000","395,000,000","323,000,000","288,000,000","301,000,000","289,000,000","306,000,000","228,000,000","248,000,000","298,000,000","285,000,000","252,000,000","274,000,000","280,000,000","253,000,000","238,000,000","229,000,000","224,000,000","196,000,000","167,000,000","163,000,000","134,000,000","126,000,000","122,000,000","161,000,000","162,000,000","72,000,000","68,000,000","68,000,000","115,000,000","97,000,000","30,000,000","172,000,000","231,000,000","216,000,000","176,000,000","184,000,000","226,000,000","143,000,000","85,000,000","96,000,000","166,000,000","128,000,000","175,000,000","188,000,000","187,000,000","150,000,000","90,000,000","127,000,000","163,000,000","154,000,000","140,000,000","150,000,000","173,000,000","180,000,000","149,000,000","138,000,000","147,000,000","126,000,000","51,000,000","81,000,000","90,000,000","95,000,000","43,000,000","43,000,000","78,000,000","65,000,000","13,000,000","44,000,000","49,000,000","-10,000,000","50,100,000","58,000,000","93,700,000","91,200,000","81,400,000","72,800,000","110,200,000","957,700,000","-2,177,200,000","840,400,000","880,100,000","857,100,000","-1,957,100,000","753,500,000","807,700,000","771,600,000","-2,473,900,000","897,600,000","1,003,300,000","882,400,000","-2,325,400,000","869,100,000"
NetNonOperatingInterestIncomeExpense,"-144,000,000","-32,000,000","-37,000,000","-37,000,000","-38,000,000","-36,000,000","-41,000,000","-38,000,000","-34,000,000","-53,000,000","-54,000,000","-63,000,000","-66,000,000","-66,000,000","-67,000,000","-68,000,000","-70,000,000","-65,000,000","-60,000,000","-60,000,000","-61,000,000","-60,000,000","-59,000,000","-57,000,000","-57,000,000","-57,000,000","-59,000,000","-59,000,000","-57,000,000","-54,000,000","-56,000,000","-55,000,000","-62,000,000","-62,000,000","-63,000,000","-71,000,000","-75,000,000","-108,000,000","-42,000,000","-30,000,000","-28,000,000","-26,000,000","-29,000,000","-31,000,000","-32,000,000","-34,000,000","-33,000,000","-34,000,000","-35,000,000","-34,000,000","-38,000,000","-41,000,000","-37,000,000",,,,,,,,,,,,,,,,,,,,,,,,,,,,,,,,,,,,,,,,,,,,,,,,,,,,,,,,,,,,,,,,,,,,,,,,,,,,,,,,,,,,,,,,,,,,,,
	InterestExpenseNonOperating,"144,000,000","32,000,000","37,000,000","37,000,000","38,000,000","36,000,000","41,000,000","38,000,000","34,000,000","53,000,000","54,000,000","63,000,000","66,000,000","66,000,000","67,000,000","68,000,000","70,000,000","65,000,000","60,000,000","60,000,000","61,000,000","60,000,000","59,000,000","57,000,000","57,000,000","57,000,000","59,000,000","59,000,000","57,000,000","54,000,000","56,000,000","55,000,000","62,000,000","62,000,000","63,000,000","71,000,000","75,000,000","108,000,000","42,000,000","30,000,000","28,000,000",,"29,000,000",,"32,000,000",,"33,000,000","34,000,000","35,000,000",,"38,000,000",,"37,000,000",,,,,,,,,,,,,,,,,,,,,,,,,,,,,,,,,,,,,,,,,,,,,,,,,,,,,,,,,,,,,,,,,,,,,,,,,,,,,,,,,,,,,,,,,,,,,,
	TotalOtherFinanceCost,,,,,,,,,,"53,000,000","54,000,000","63,000,000","66,000,000","66,000,000","67,000,000","68,000,000","70,000,000","65,000,000","60,000,000","60,000,000","61,000,000","60,000,000","59,000,000","57,000,000","57,000,000","57,000,000","59,000,000","59,000,000","57,000,000","54,000,000","56,000,000","55,000,000","62,000,000","62,000,000","63,000,000","71,000,000","75,000,000","108,000,000",,,,,"29,000,000","31,000,000","32,000,000",,"33,000,000","34,000,000",,,,"41,000,000",,,,,,,,,,,,,,,,,,,,,,,,,,,,,,,,,,,,,,,,,,,,,,,,,,,,,,,,,,,,,,,,,,,,,,,,,,,,,,,,,,,,,,,,,,,,,,,
OtherIncomeExpense,"577,000,000","-2,000,000","551,000,000","17,000,000","11,000,000","-15,000,000","-23,000,000","-77,000,000","186,000,000","-71,000,000","2,000,000","23,000,000","10,000,000","17,000,000","-282,000,000","-8,000,000","2,000,000","28,000,000","1,072,000,000",,"15,000,000","79,000,000","15,000,000","-5,000,000","18,000,000","8,000,000","3,000,000","19,000,000","5,000,000","2,000,000","10,000,000","-478,000,000","5,000,000","11,000,000","-7,000,000","-6,000,000","10,000,000","-64,000,000","4,000,000","-8,000,000","-3,000,000","8,000,000","10,000,000","4,000,000","16,000,000","-12,000,000","2,000,000","1,000,000","8,000,000","4,000,000","6,000,000","8,000,000","-9,000,000","9,000,000","17,000,000","3,000,000","1,000,000","10,000,000","-1,000,000","8,000,000","-7,000,000","34,000,000","2,000,000","8,000,000","-4,000,000","14,000,000","-1,000,000","9,000,000","5,000,000","-24,000,000","2,000,000","-2,000,000","-4,000,000","-3,000,000","-1,000,000","12,000,000","-3,000,000","-6,000,000","-3,000,000","-8,000,000","3,000,000","0","26,000,000","-3,000,000","49,000,000","11,000,000","8,000,000","32,000,000","29,000,000","232,000,000","149,000,000","4,000,000","1,000,000","26,000,000","6,000,000","18,000,000","48,000,000","93,000,000","-73,000,000","14,000,000","13,000,000","10,000,000","7,000,000","7,000,000","6,000,000","6,000,000","9,000,000","12,000,000","5,000,000","-1,000,000","11,000,000",,"2,000,000","5,000,000","4,000,000","9,000,000","1,000,000","4,000,000","20,000,000","3,000,000","5,000,000","45,000,000","6,000,000","8,000,000","7,000,000","5,900,000","14,600,000","4,400,000","11,100,000","10,100,000","10,100,000","4,900,000",,,,,,,,,,,,,,,
	SpecialIncomeCharges,"617,000,000","0","617,000,000","0","0","0","0","0","221,000,000","0","0",,,"0","-275,000,000",,,"0","1,077,000,000",,,,,,,"0","0","0",,"0","0","-644,000,000",,,,,,,"4,000,000","-8,000,000","-3,000,000","8,000,000","10,000,000","4,000,000","16,000,000","-12,000,000","2,000,000","1,000,000","8,000,000","4,000,000","6,000,000","8,000,000","-9,000,000","9,000,000","17,000,000","3,000,000","1,000,000","10,000,000","-1,000,000","8,000,000","-7,000,000","34,000,000","2,000,000","8,000,000","-4,000,000","14,000,000","-1,000,000","9,000,000","5,000,000","-24,000,000","2,000,000","-2,000,000","-4,000,000","-3,000,000","-1,000,000","12,000,000","-3,000,000","-6,000,000","-3,000,000","-8,000,000","3,000,000","0","26,000,000","-3,000,000","49,000,000","11,000,000","8,000,000","32,000,000","29,000,000","232,000,000","149,000,000","4,000,000","1,000,000","26,000,000","6,000,000","18,000,000","48,000,000","93,000,000","-73,000,000","14,000,000","13,000,000","10,000,000","7,000,000","7,000,000","6,000,000","6,000,000","9,000,000","12,000,000","5,000,000","-1,000,000","11,000,000",,"2,000,000","5,000,000","4,000,000","9,000,000","1,000,000","4,000,000","20,000,000","3,000,000","5,000,000","45,000,000","6,000,000","8,000,000","7,000,000","5,900,000","14,600,000","4,400,000","11,100,000","10,100,000","10,100,000","4,900,000",,,,,,,,,,,,,,,
		OtherSpecialCharges,,,,,,,,,,,,,,"0","275,000,000",,,,,,,,,,,,,,,"0",,"644,000,000",,,,,,,,,,,,,,,,,,,,,,,,,,,,,,,,,,,,,,,,,,,,,,,,,,,,,,,,,,,,,,,,,,,,,,,,,,,,,,,,,,,,,,,,,,,,,,,,,,,,,,,,,,,,,,,,,,,
		GainOnSaleOfBusiness,"617,000,000","0","617,000,000","0","0","0","0","0","221,000,000",,,,,"0","0",,,"0","1,077,000,000",,,,,,,,,,,,,,,,,,,,,,,,,,,,,,,,,,,,,,,,,,,,,,,,,,,,,,,,,,,,,,,,,,,,,,,,,,,,,,,,,,,,,,,,,,,,,,,,,,,,,,,,,,,,,,,,,,,,,,,,,,,,,,,,
	OtherNonOperatingIncomeExpenses,"-40,000,000","-2,000,000","-66,000,000","17,000,000","11,000,000","-15,000,000","-23,000,000","-77,000,000","-35,000,000","-71,000,000","2,000,000","23,000,000","10,000,000","17,000,000","-7,000,000","-8,000,000","2,000,000","28,000,000","-5,000,000",,"15,000,000","79,000,000","15,000,000","-5,000,000","18,000,000","8,000,000","3,000,000","19,000,000","5,000,000","2,000,000","10,000,000","166,000,000","5,000,000","11,000,000","-7,000,000","-6,000,000","10,000,000","-64,000,000",,,,,,,,,,,,,,,,,,,,,,,,,,,,,,,,,,,,,,,,,,,,,,,,,,,,,,,,,,,,,,,,,,,,,,,,,,,,,,,,,,,,,,,,,,,,,,,,,,,,,,,,,,,,,
PretaxIncome,"2,896,000,000","625,000,000","1,113,000,000","620,000,000","538,000,000","553,000,000","525,000,000","47,000,000","621,000,000","532,000,000","718,000,000","738,000,000","603,000,000","726,000,000","439,000,000","694,000,000","565,000,000","643,000,000","1,691,000,000","570,000,000","464,000,000","559,000,000","573,000,000","553,000,000","442,000,000","555,000,000","487,000,000","598,000,000","505,000,000","609,000,000","642,000,000","57,000,000","453,000,000","429,000,000","521,000,000","534,000,000","400,000,000","88,000,000","376,000,000","419,000,000","368,000,000","390,000,000","432,000,000","396,000,000","335,000,000","293,000,000","305,000,000","251,000,000","187,000,000","170,000,000","166,000,000","30,000,000","-63,000,000","134,000,000","354,000,000","354,000,000","286,000,000","259,000,000","263,000,000","256,000,000","269,000,000","239,000,000","225,000,000","278,000,000","253,000,000","244,000,000","249,000,000","267,000,000","236,000,000","194,000,000","211,000,000","203,000,000","173,000,000","145,000,000","142,000,000","122,000,000","99,000,000","92,000,000","132,000,000","127,000,000","48,000,000","39,000,000","61,000,000","74,000,000","104,000,000","-7,000,000","140,000,000","218,000,000","201,000,000","368,000,000","286,000,000","186,000,000","123,000,000","90,000,000","79,000,000","161,000,000","155,000,000","246,000,000","95,000,000","182,000,000","145,000,000","80,000,000","115,000,000","149,000,000","141,000,000","127,000,000","138,000,000","164,000,000","163,000,000","130,000,000","126,000,000","125,000,000","107,000,000","42,000,000","65,000,000","80,000,000","75,000,000","27,000,000","42,000,000","61,000,000","48,000,000","37,000,000","30,000,000","38,000,000","-23,000,000","38,100,000","52,500,000","79,700,000","79,700,000","71,300,000","63,900,000","97,000,000",,,,,,,,,,,,,,,
TaxProvision,"750,000,000","74,000,000","483,000,000","114,000,000","79,000,000","77,000,000","78,000,000","-7,000,000","183,000,000","79,000,000","116,000,000","102,000,000","81,000,000","94,000,000","23,000,000","83,000,000","78,000,000","4,000,000","292,000,000","54,000,000","32,000,000","51,000,000","51,000,000","61,000,000","39,000,000","21,000,000","42,000,000","63,000,000","38,000,000","24,000,000","37,000,000","-115,000,000","12,000,000","-53,000,000","7,000,000","37,000,000","20,000,000","-92,000,000","29,000,000","37,000,000","57,000,000","29,000,000","65,000,000","58,000,000","49,000,000","10,000,000","36,000,000","22,000,000","31,000,000","-42,000,000","-28,000,000","-1,000,000","-11,000,000","-29,000,000","39,000,000","21,000,000","42,000,000","7,000,000","25,000,000","16,000,000","35,000,000","-2,000,000","12,000,000","25,000,000","45,000,000","34,000,000","50,000,000","58,000,000","49,000,000","11,000,000","41,000,000","42,000,000","39,000,000","31,000,000","35,000,000","29,000,000","27,000,000","25,000,000","39,000,000","39,000,000","15,000,000","9,000,000","21,000,000","25,000,000","54,000,000","-1,000,000","47,000,000","73,000,000","70,000,000","144,000,000","102,000,000","61,000,000","39,000,000","18,000,000","21,000,000","47,000,000","50,000,000","63,000,000","41,000,000","56,000,000","44,000,000","14,000,000","30,000,000","46,000,000","46,000,000","37,000,000","47,000,000","54,000,000","55,000,000","41,000,000","42,000,000","39,000,000","33,000,000","9,000,000","21,000,000","27,000,000","25,000,000","-7,000,000","14,000,000","19,000,000","15,000,000","9,000,000","9,000,000","11,000,000","-9,000,000","3,400,000","18,600,000","29,500,000","29,500,000","26,700,000","24,000,000","35,100,000",,,,,,,,,,,,,,,
NetIncomeCommonStockholders,"2,144,000,000","551,000,000","629,000,000","506,000,000","458,000,000","475,000,000","446,000,000","51,000,000","438,000,000","452,000,000","601,000,000","636,000,000","522,000,000","631,000,000","416,000,000","610,000,000","488,000,000","639,000,000","1,399,000,000","515,000,000","432,000,000","504,000,000","523,000,000","491,000,000","404,000,000","532,000,000","446,000,000","535,000,000","466,000,000","581,000,000","602,000,000","171,000,000","439,000,000","479,000,000","510,000,000","494,000,000","378,000,000","179,000,000","345,000,000","382,000,000","311,000,000","362,000,000","365,000,000","336,000,000","287,000,000","280,000,000","268,000,000","226,000,000","155,000,000","211,000,000","193,000,000","29,000,000","-50,000,000","163,000,000","315,000,000","333,000,000","247,000,000","256,000,000","258,000,000","246,000,000","234,000,000","241,000,000","248,000,000","253,000,000","208,000,000","210,000,000","199,000,000","209,000,000","187,000,000","183,000,000","170,000,000","161,000,000","134,000,000","114,000,000","107,000,000","93,000,000","72,000,000","67,000,000","93,000,000","88,000,000","33,000,000","30,000,000","40,000,000","49,000,000","50,000,000","84,000,000","93,000,000","145,000,000","131,000,000","224,000,000","184,000,000","125,000,000","84,000,000","72,000,000","58,000,000","114,000,000","105,000,000","129,000,000","54,000,000","126,000,000","101,000,000","66,000,000","85,000,000","103,000,000","95,000,000","90,000,000","91,000,000","110,000,000","108,000,000","89,000,000","84,000,000","86,000,000","74,000,000","40,000,000","44,000,000","53,000,000","50,000,000","-232,000,000","29,000,000","42,000,000","33,000,000","33,000,000","23,000,000","30,000,000","-12,000,000","35,900,000","35,800,000","53,600,000","53,700,000","54,300,000","40,000,000","63,400,000",,,,,,,,,,,,,,,
	NetIncome,"2,144,000,000","551,000,000","629,000,000","506,000,000","458,000,000","475,000,000","446,000,000","51,000,000","438,000,000","452,000,000","601,000,000","636,000,000","522,000,000","631,000,000","416,000,000","610,000,000","488,000,000","639,000,000","1,399,000,000","515,000,000","432,000,000","504,000,000","523,000,000","491,000,000","404,000,000","532,000,000","446,000,000","535,000,000","466,000,000","581,000,000","602,000,000","171,000,000","439,000,000","479,000,000","510,000,000","494,000,000","378,000,000","179,000,000","345,000,000","382,000,000","311,000,000","362,000,000","365,000,000","336,000,000","287,000,000","280,000,000","268,000,000","226,000,000","155,000,000","211,000,000","193,000,000","29,000,000","-50,000,000","163,000,000","315,000,000","333,000,000","247,000,000","256,000,000","258,000,000","246,000,000","234,000,000","241,000,000","248,000,000","253,000,000","208,000,000","210,000,000","199,000,000","209,000,000","187,000,000","183,000,000","170,000,000","161,000,000","134,000,000","114,000,000","107,000,000","93,000,000","72,000,000","67,000,000","93,000,000","88,000,000","33,000,000","30,000,000","40,000,000","49,000,000","50,000,000","84,000,000","93,000,000","145,000,000","131,000,000","224,000,000","184,000,000","125,000,000","84,000,000","72,000,000","58,000,000","114,000,000","105,000,000","129,000,000","54,000,000","126,000,000","101,000,000","66,000,000","85,000,000","103,000,000","95,000,000","90,000,000","91,000,000","110,000,000","108,000,000","89,000,000","84,000,000","86,000,000","74,000,000","40,000,000","44,000,000","53,000,000","50,000,000","-232,000,000","29,000,000","42,000,000","33,000,000","33,000,000","23,000,000","30,000,000","-12,000,000","35,900,000","35,800,000","53,600,000","53,700,000","54,300,000","40,000,000","63,400,000",,,,,,,,,,,,,,,
		NetIncomeIncludingNoncontrollingInterests,"2,146,000,000","551,000,000","630,000,000","506,000,000","459,000,000","476,000,000","447,000,000","54,000,000","438,000,000","453,000,000","602,000,000","636,000,000","522,000,000","632,000,000","416,000,000","611,000,000","487,000,000","639,000,000","1,399,000,000","516,000,000","432,000,000","508,000,000","522,000,000","492,000,000","403,000,000","534,000,000","445,000,000","535,000,000","467,000,000","585,000,000","605,000,000","172,000,000","441,000,000","482,000,000","514,000,000","497,000,000","380,000,000","180,000,000","347,000,000","382,000,000","311,000,000","361,000,000","367,000,000","338,000,000","286,000,000","283,000,000","269,000,000","229,000,000","156,000,000","212,000,000","194,000,000","31,000,000","-52,000,000","163,000,000","315,000,000","333,000,000","247,000,000","256,000,000","258,000,000","246,000,000","234,000,000","241,000,000","248,000,000","253,000,000","208,000,000","210,000,000","199,000,000","209,000,000","187,000,000","183,000,000","170,000,000","161,000,000","134,000,000","114,000,000","107,000,000","93,000,000","72,000,000","67,000,000","93,000,000","88,000,000","33,000,000","30,000,000","40,000,000","49,000,000","50,000,000","84,000,000","93,000,000","145,000,000","131,000,000","224,000,000","184,000,000","125,000,000","84,000,000","72,000,000","58,000,000","114,000,000","105,000,000","129,000,000","54,000,000","126,000,000","101,000,000","66,000,000","85,000,000","103,000,000","95,000,000","90,000,000","91,000,000","110,000,000","108,000,000","89,000,000","84,000,000","86,000,000","74,000,000","40,000,000","44,000,000","53,000,000","50,000,000","-232,000,000","29,000,000","42,000,000","33,000,000","33,000,000","23,000,000","30,000,000","-12,000,000","35,900,000","35,800,000","53,600,000","53,700,000","54,300,000","40,000,000","63,400,000","67,200,000","51,000,000","54,400,000","64,300,000","60,300,000","25,800,000","49,100,000","66,100,000","60,200,000","46,800,000","-11,800,000","52,500,000","50,100,000","55,200,000","50,200,000"
			NetIncomeContinuousOperations,"2,146,000,000","551,000,000","630,000,000","506,000,000","459,000,000","476,000,000","447,000,000","54,000,000","438,000,000","453,000,000","602,000,000","636,000,000","522,000,000","632,000,000","416,000,000","611,000,000","487,000,000","639,000,000","1,399,000,000","516,000,000","432,000,000","508,000,000","522,000,000","492,000,000","403,000,000","534,000,000","445,000,000","535,000,000","467,000,000","585,000,000","605,000,000","172,000,000","441,000,000","482,000,000","514,000,000","497,000,000","380,000,000","180,000,000","347,000,000","382,000,000","311,000,000","361,000,000","367,000,000","338,000,000","286,000,000","283,000,000","269,000,000","229,000,000","156,000,000","212,000,000","194,000,000","31,000,000","-52,000,000","163,000,000","315,000,000","333,000,000","244,000,000","252,000,000","238,000,000","240,000,000","234,000,000","241,000,000","213,000,000","253,000,000","208,000,000","210,000,000","199,000,000","209,000,000","187,000,000","183,000,000","170,000,000","161,000,000","134,000,000","114,000,000","107,000,000","93,000,000","72,000,000","67,000,000","93,000,000","88,000,000","33,000,000","30,000,000","40,000,000","49,000,000","50,000,000","-6,000,000","93,000,000","145,000,000","131,000,000","224,000,000","184,000,000","125,000,000","84,000,000","72,000,000","58,000,000","114,000,000","105,000,000","183,000,000","54,000,000","126,000,000","101,000,000","66,000,000","85,000,000","103,000,000","95,000,000","90,000,000","91,000,000","110,000,000","108,000,000","89,000,000","84,000,000","86,000,000","74,000,000","33,000,000","44,000,000","53,000,000","50,000,000","34,000,000","28,000,000","42,000,000","33,000,000","28,000,000","21,000,000","27,000,000","-14,000,000","34,700,000","33,900,000","50,200,000","50,200,000","44,600,000","39,900,000","61,900,000","63,300,000","50,200,000","53,800,000","63,600,000","60,100,000","43,900,000","46,400,000","61,800,000","54,100,000","46,800,000","-11,800,000","52,500,000","50,100,000","55,200,000","50,200,000"
			NetIncomeDiscontinuousOperations,,,,,,,,,,,,,,,,,,,,,,,,,,,,,,,,,,,,,,,,,,,,,,,,,,"0","0","0","0","0",,,"3,000,000","4,000,000","20,000,000","6,000,000",,"0","35,000,000",,,,,,,,,,,,,,,,,,,,,,,,,,,,,,,,,,,,,,,,,,,,,,,,,,,,,,,"2,000,000","1,000,000",,,"5,000,000","2,000,000","3,000,000","2,000,000","1,200,000","1,900,000","3,400,000","3,500,000","9,700,000","100,000","1,500,000","3,900,000","800,000","600,000","700,000","200,000","-18,100,000","2,700,000","4,300,000","6,100,000",,,,,,
		MinorityInterests,"-2,000,000","0","-1,000,000","0","-1,000,000","-1,000,000","-1,000,000","-3,000,000","0","-1,000,000","-1,000,000","0","0","-1,000,000","0","-1,000,000","1,000,000","0","0","-1,000,000","0","-4,000,000","1,000,000","-1,000,000","1,000,000","-2,000,000","1,000,000","0","-1,000,000","-4,000,000","-3,000,000","-1,000,000","-2,000,000","-3,000,000","-4,000,000","-3,000,000","-2,000,000","-1,000,000","-2,000,000","0","0","1,000,000","-2,000,000","-2,000,000","1,000,000","-3,000,000","-1,000,000","-3,000,000","-1,000,000","-1,000,000","-1,000,000","-2,000,000","2,000,000",,,,,,,,,,,,,,,,,,,,,,,,,,,,,,,,,,,,,,,,,,,,,,,,,,,,,,,,,,,,,,,,,,,,,,,,,,,,,,,,,,,,,,,,,,,,,,
DilutedNIAvailtoComStockholders,"2,144,000,000","551,000,000","629,000,000","506,000,000","458,000,000","475,000,000","446,000,000","51,000,000","438,000,000","452,000,000","601,000,000","636,000,000","522,000,000","631,000,000","416,000,000","610,000,000","488,000,000","639,000,000","1,399,000,000","515,000,000","432,000,000","504,000,000","523,000,000","491,000,000","404,000,000","532,000,000","446,000,000","535,000,000","466,000,000","581,000,000","602,000,000","171,000,000","439,000,000","479,000,000","510,000,000","494,000,000","378,000,000","179,000,000","345,000,000","382,000,000","311,000,000","362,000,000","365,000,000","336,000,000","287,000,000","280,000,000","268,000,000","226,000,000","155,000,000","211,000,000","193,000,000","29,000,000","-50,000,000","163,000,000","315,000,000","333,000,000","247,000,000","256,000,000","258,000,000","246,000,000","234,000,000","241,000,000","248,000,000","253,000,000","208,000,000","210,000,000","199,000,000","209,000,000","187,000,000","183,000,000","170,000,000","161,000,000","134,000,000","114,000,000","107,000,000","93,000,000","72,000,000","67,000,000","93,000,000","88,000,000","33,000,000","30,000,000","40,000,000","49,000,000","50,000,000","84,000,000","93,000,000","145,000,000","131,000,000","224,000,000","184,000,000","125,000,000","84,000,000","72,000,000","58,000,000","114,000,000","105,000,000","129,000,000","54,000,000","126,000,000","101,000,000","66,000,000","85,000,000","103,000,000","95,000,000","90,000,000","91,000,000","110,000,000","108,000,000","89,000,000","84,000,000","86,000,000","74,000,000","40,000,000","44,000,000","53,000,000","50,000,000","-232,000,000","29,000,000","42,000,000","33,000,000","33,000,000","23,000,000","30,000,000","-12,000,000","35,900,000","35,800,000","53,600,000","53,700,000","54,300,000","40,000,000","63,400,000",,,,,,,,,,,,,,,
BasicEPS,,"1.38","1.58","1.27","1.15","1.19","1.11","0.13","1.07","1.09","1.44","1.51","1.23","1.46","0.96","1.4","1.11","1.44","3.16","1.15","0.96","1.12","1.15","1.08","0.88","1.15","0.96","1.14","1","1.24","1.27","0.36","0.92","1.01","1.08","1.04","0.8","0.47","1.02","1.13","0.93",,"1.07","0.99","0.84",,"0.795","0.675","0.46",,"0.58","0.085","-0.15",,"0.95","1.035","0.835",,"0.875","0.835","0.795",,"0.825","0.835","0.69",,"0.665","0.7","0.61",,"0.56","0.53","0.435",,"0.353","0.323","0.253",,"0.33","0.31","0.12",,"0.145","0.175","0.183",,"0.323","0.498","0.45",,"0.63","0.435","0.295",,"0.205","0.4","0.363",,"0.175","0.41","0.328",,"0.278","0.33","0.308",,"0.295","0.353","0.348",,"0.275","0.283","0.253",,"0.158","0.193","0.18",,"0.105","0.155","0.123",,"0.085","0.113","-0.043",,"0.128","0.188","0.185",,"0.13","0.215","0.228",,"0.185","0.215","0.203",,"0.15","0.193","0.17",,"-0.033","0.135","0.128",,"0.128"
DilutedEPS,,"1.37","1.57","1.26","1.14","1.18","1.11","0.13","1.07","1.09","1.44","1.5","1.23","1.46","0.95","1.39","1.1","1.43","3.14","1.15","0.96","1.12","1.15","1.07","0.88","1.15","0.96","1.14","0.99","1.23","1.26","0.36","0.92","1","1.07","1.04","0.79","0.46","1.02","1.12","0.91",,"1.07","0.97","0.83",,"0.785","0.665","0.455",,"0.57","0.085","-0.15",,"0.935","1.015","0.82",,"0.855","0.82","0.78",,"0.81","0.82","0.68",,"0.65","0.685","0.595",,"0.545","0.515","0.425",,"0.348","0.318","0.25",,"0.325","0.303","0.118",,"0.143","0.173","0.18",,"0.32","0.49","0.443",,"0.615","0.428","0.293",,"0.2","0.393","0.355",,"0.173","0.403","0.323",,"0.273","0.328","0.305",,"0.295","0.353","0.348",,"0.275","0.283","0.253",,"0.158","0.193","0.18",,"0.105","0.155","0.123",,"0.085","0.113","-0.043",,"0.128","0.188","0.185",,"0.13","0.215","0.228",,"0.185","0.215","0.203",,"0.148","0.19","0.168",,"-0.033","0.13","0.123",,"0.123"
BasicAverageShares,,"398,900,000","398,900,000","398,800,000","398,300,000","398,700,000","400,400,000","400,400,000","409,300,000","413,600,000","416,600,000","421,600,000","424,000,000","429,900,000","433,500,000","435,200,000","438,800,000","440,300,000","442,600,000","446,300,000","448,800,000","450,500,000","453,900,000","457,000,000","458,600,000","461,400,000","465,100,000","467,600,000","467,900,000","470,000,000","474,800,000","475,900,000","475,800,000","474,700,000","474,000,000","473,400,000","471,900,000","381,300,000","337,600,000","337,000,000","335,400,000",,"338,100,000","340,900,000","340,100,000",,"335,200,000","334,800,000","334,200,000",,"334,000,000","333,800,000","332,200,000",,"332,400,000","322,400,000","295,400,000",,"294,000,000","294,800,000","295,200,000",,"301,000,000","303,400,000","300,800,000",,"298,200,000","299,600,000","306,200,000",,"305,600,000","304,200,000","306,200,000",,"303,600,000","290,000,000","288,400,000",,"283,200,000","288,400,000","280,400,000",,"278,400,000","278,000,000","276,000,000",,"288,000,000","292,800,000","291,600,000",,"292,800,000","286,800,000","284,800,000",,"284,400,000","284,400,000","288,000,000",,"308,400,000","308,400,000","308,400,000",,"309,200,000","310,800,000","310,800,000",,"310,800,000","311,600,000","311,600,000",,"305,200,000","305,200,000","292,400,000",,"279,365,079","275,324,675","277,777,778",,"276,190,476","270,967,742","269,387,755",,"270,588,235","266,666,667","282,352,941",,"280,784,314","285,866,667","290,270,270",,"307,692,308","294,883,721","296,816,000",,"297,920,000","298,280,000","299,024,000",,"342,560,000","375,792,000","375,792,000",,"393,064,000","393,752,000","393,752,000",,"393,712,000"
DilutedAverageShares,,"402,100,000","401,900,000","401,400,000","400,900,000","401,300,000","402,300,000","401,300,000","411,100,000","415,800,000","418,400,000","423,100,000","425,900,000","432,400,000","436,300,000","437,300,000","441,700,000","443,300,000","445,200,000","448,600,000","451,000,000","452,400,000","455,600,000","458,300,000","459,800,000","462,700,000","466,400,000","469,200,000","470,000,000","472,500,000","477,200,000","478,500,000","478,800,000","478,200,000","477,200,000","476,300,000","475,100,000","384,400,000","339,800,000","339,500,000","339,800,000",,"341,900,000","345,700,000","345,700,000",,"340,600,000","340,400,000","339,200,000",,"338,400,000","335,200,000","332,200,000",,"336,800,000","327,200,000","301,000,000",,"300,800,000","300,600,000","300,000,000",,"306,000,000","308,600,000","306,200,000",,"304,800,000","306,800,000","314,400,000",,"313,800,000","312,400,000","314,200,000",,"308,800,000","294,000,000","288,400,000",,"287,600,000","288,400,000","284,800,000",,"283,600,000","282,800,000","280,400,000",,"291,200,000","296,400,000","295,200,000",,"299,600,000","291,200,000","288,800,000",,"289,200,000","291,200,000","294,800,000",,"314,800,000","313,200,000","312,800,000",,"309,200,000","310,800,000","310,800,000",,"310,800,000","311,600,000","311,600,000",,"305,200,000","305,200,000","292,400,000",,"279,365,079","275,324,675","277,777,778",,"276,190,476","270,967,742","269,387,755",,"270,588,235","266,666,667","282,352,941",,"280,784,314","285,866,667","290,270,270",,"307,692,308","294,883,721","296,816,000",,"297,920,000","298,280,000","299,024,000",,"342,560,000","375,792,000","375,792,000",,"393,064,000","393,752,000","393,752,000",,"393,712,000"
TotalExpenses,"17,165,000,000","4,139,000,000","4,324,000,000","4,575,000,000","4,127,000,000","4,083,000,000","3,937,000,000","3,694,000,000","4,320,000,000","4,582,000,000","4,544,000,000","4,755,000,000","4,646,000,000","4,684,000,000","4,624,000,000","4,717,000,000","4,618,000,000","4,533,000,000","4,532,000,000","4,502,000,000","4,338,000,000","4,327,000,000","4,370,000,000","4,465,000,000","4,332,000,000","4,453,000,000","4,660,000,000","4,734,000,000","4,666,000,000","4,904,000,000","5,040,000,000","5,177,000,000","4,982,000,000","5,047,000,000","5,016,000,000","4,991,000,000","4,845,000,000","4,073,000,000","3,536,000,000","3,611,000,000","3,561,000,000","3,625,000,000","3,672,000,000","3,667,000,000","3,452,000,000","3,326,000,000","3,235,000,000","3,094,000,000","2,889,000,000","2,931,000,000","2,830,000,000","2,838,000,000","2,830,000,000","3,324,000,000","3,740,000,000","3,884,000,000","3,173,000,000","3,086,000,000","2,997,000,000","2,959,000,000","2,847,000,000","2,874,000,000","2,867,000,000","2,888,000,000","2,728,000,000","2,586,000,000","2,515,000,000","2,554,000,000","2,401,000,000","2,395,000,000","2,314,000,000","2,179,000,000","2,042,000,000","1,916,000,000","1,863,000,000","1,893,000,000","1,799,000,000","1,653,000,000","1,669,000,000","1,719,000,000","1,651,000,000","1,627,000,000","1,682,000,000","1,756,000,000","1,886,000,000","1,428,000,000","2,019,000,000","2,104,000,000","2,109,000,000","2,038,000,000","2,043,000,000","2,074,000,000","1,518,000,000","1,521,000,000","1,524,000,000","1,546,000,000","1,559,000,000","1,759,000,000","1,743,000,000","1,722,000,000","1,639,000,000","1,634,000,000","1,592,000,000","1,619,000,000","1,582,000,000","1,521,000,000","1,522,000,000","1,585,000,000","1,551,000,000","1,456,000,000","1,393,000,000","1,398,000,000","1,245,000,000","1,064,000,000","972,000,000","1,057,000,000","939,000,000","921,000,000","902,000,000","933,000,000","884,000,000","853,000,000","798,000,000","806,000,000","828,000,000","825,400,000","811,100,000","859,100,000","850,400,000","798,400,000","791,300,000","859,200,000",,,,,,,,,,,,,,,
NetIncomeFromContinuingAndDiscontinuedOperation,"2,144,000,000","551,000,000","629,000,000","506,000,000","458,000,000","475,000,000","446,000,000","51,000,000","438,000,000","452,000,000","601,000,000","636,000,000","522,000,000","631,000,000","416,000,000","610,000,000","488,000,000","639,000,000","1,399,000,000","515,000,000","432,000,000","504,000,000","523,000,000","491,000,000","404,000,000","532,000,000","446,000,000","535,000,000","466,000,000","581,000,000","602,000,000","171,000,000","439,000,000","479,000,000","510,000,000","494,000,000","378,000,000","179,000,000","345,000,000","382,000,000","311,000,000","362,000,000","365,000,000","336,000,000","287,000,000","280,000,000","268,000,000","226,000,000","155,000,000","211,000,000","193,000,000","29,000,000","-50,000,000","163,000,000","315,000,000","333,000,000","247,000,000","256,000,000","258,000,000","246,000,000","234,000,000","241,000,000","248,000,000","253,000,000","208,000,000","210,000,000","199,000,000","209,000,000","187,000,000","183,000,000","170,000,000","161,000,000","134,000,000","114,000,000","107,000,000","93,000,000","72,000,000","67,000,000","93,000,000","88,000,000","33,000,000","30,000,000","40,000,000","49,000,000","50,000,000","84,000,000","93,000,000","145,000,000","131,000,000","224,000,000","184,000,000","125,000,000","84,000,000","72,000,000","58,000,000","114,000,000","105,000,000","183,000,000","54,000,000","126,000,000","101,000,000","66,000,000","85,000,000","103,000,000","95,000,000","90,000,000","91,000,000","110,000,000","108,000,000","89,000,000","84,000,000","86,000,000","74,000,000","33,000,000","44,000,000","53,000,000","50,000,000","36,000,000","29,000,000","42,000,000","33,000,000","33,000,000","23,000,000","30,000,000","-12,000,000","35,900,000","35,800,000","53,600,000","53,700,000","54,300,000","40,000,000","63,400,000",,,,,,,,,,,,,,,
NormalizedIncome,"1,686,803,000","551,000,000","178,590,000","506,000,000","458,000,000","475,000,000","446,000,000","51,000,000","282,195,000","452,000,000","601,000,000","636,000,000","522,000,000","631,000,000","676,700,000","610,000,000","488,000,000","639,000,000","508,321,000","515,000,000","432,000,000","504,000,000","523,000,000","491,000,000","404,000,000","532,000,000","446,000,000","535,000,000","466,000,000","581,000,000","602,000,000","589,600,000","439,000,000","479,000,000","510,000,000","494,000,000","378,000,000","179,000,000","341,308,510.638","389,293,556.086","313,535,326.087","354,594,871.795","356,504,629.63","332,585,858.586","273,340,298.507","291,590,443.686","266,236,065.574","225,087,649.402","148,326,203.209","208,400,000","189,100,000","23,800,000","-42,571,428.571","157,150,000","299,872,881.356","330,177,966.102","243,146,853.147","242,270,270.27","238,904,942.966","232,500,000","240,089,219.331","220,600,000","211,106,666.667","245,719,424.46","211,288,537.549","197,950,819.672","199,799,196.787","201,955,056.18","183,038,135.593","205,639,175.258","168,388,625.592","162,586,206.897","137,098,265.896","116,358,620.69","107,753,521.127","83,852,459.016","74,181,818.182","71,369,565.217","95,113,636.364","93,543,307.087","30,937,500","30,000,000","22,950,819.672","50,986,486.486","20,600,000","-15,428,571.429","87,685,714.286","123,715,596.33","112,099,502.488","82,782,608.696","88,139,860.14","122,311,827.957","83,317,073.171","51,200,000","53,594,936.709","101,254,658.385","72,483,870.968","113,817,073.171","97,800,000","116,307,692.308","91,944,827.586","57,750,000","79,826,086.957","98,161,073.826","90,957,446.809","85,748,031.496","85,065,217.391","101,951,219.512","104,687,116.564","89,684,615.385","76,666,666.667","86,000,000","72,616,822.43","29,071,428.571","41,292,307.692","47,037,500","49,333,333.333","31,600,000","14,666,666.667","39,934,426.23","29,562,500","-6,054,054.054","16,800,000","21,315,789.474","-18,260,869.565","29,326,509.186","24,472,571.429","47,428,607.277","43,208,531.995","38,282,187.938","33,593,427.23","58,773,092.784",,,,,,,,,,,,,,,
InterestExpense,"144,000,000","32,000,000","37,000,000","37,000,000","38,000,000","36,000,000","41,000,000","38,000,000","34,000,000","53,000,000","54,000,000","63,000,000","66,000,000","66,000,000","67,000,000","68,000,000","70,000,000","65,000,000","60,000,000","60,000,000","61,000,000","60,000,000","59,000,000","57,000,000","57,000,000","57,000,000","59,000,000","59,000,000","57,000,000","54,000,000","56,000,000","55,000,000","62,000,000","62,000,000","63,000,000","71,000,000","75,000,000","108,000,000","42,000,000","30,000,000","28,000,000",,"29,000,000",,"32,000,000",,"33,000,000","34,000,000","35,000,000",,"38,000,000",,"37,000,000",,,,,,,,,,,,,,,,,,,,,,,,,,,,,,,,,,,,,,,,,,,,,,,,,,,,,,,,,,,,,,,,,,,,,,,,,,,,,,,,,,,,,,,,,,,,,,
NetInterestIncome,"-144,000,000","-32,000,000","-37,000,000","-37,000,000","-38,000,000","-36,000,000","-41,000,000","-38,000,000","-34,000,000","-53,000,000","-54,000,000","-63,000,000","-66,000,000","-66,000,000","-67,000,000","-68,000,000","-70,000,000","-65,000,000","-60,000,000","-60,000,000","-61,000,000","-60,000,000","-59,000,000","-57,000,000","-57,000,000","-57,000,000","-59,000,000","-59,000,000","-57,000,000","-54,000,000","-56,000,000","-55,000,000","-62,000,000","-62,000,000","-63,000,000","-71,000,000","-75,000,000","-108,000,000","-42,000,000","-30,000,000","-28,000,000","-26,000,000","-29,000,000","-31,000,000","-32,000,000","-34,000,000","-33,000,000","-34,000,000","-35,000,000","-34,000,000","-38,000,000","-41,000,000","-37,000,000",,,,,,,,,,,,,,,,,,,,,,,,,,,,,,,,,,,,,,,,,,,,,,,,,,,,,,,,,,,,,,,,,,,,,,,,,,,,,,,,,,,,,,,,,,,,,,
EBIT,"3,040,000,000","657,000,000","1,150,000,000","657,000,000","576,000,000","589,000,000","566,000,000","85,000,000","655,000,000","585,000,000","772,000,000","801,000,000","669,000,000","792,000,000","506,000,000","762,000,000","635,000,000","708,000,000","1,751,000,000","630,000,000","525,000,000","619,000,000","632,000,000","610,000,000","499,000,000","612,000,000","546,000,000","657,000,000","562,000,000","663,000,000","698,000,000","112,000,000","515,000,000","491,000,000","584,000,000","605,000,000","475,000,000","196,000,000","418,000,000","449,000,000","396,000,000","378,000,000","461,000,000","423,000,000","367,000,000","326,000,000","338,000,000","285,000,000","222,000,000","195,000,000","204,000,000","63,000,000","-26,000,000","163,000,000","374,000,000","395,000,000","323,000,000","288,000,000","301,000,000","289,000,000","306,000,000","228,000,000","248,000,000","298,000,000","285,000,000","252,000,000","274,000,000","280,000,000","253,000,000","238,000,000","229,000,000","224,000,000","196,000,000","167,000,000","163,000,000","134,000,000","126,000,000","122,000,000","161,000,000","162,000,000","72,000,000","68,000,000","68,000,000","115,000,000","97,000,000","30,000,000","172,000,000","231,000,000","216,000,000","176,000,000","184,000,000","226,000,000","143,000,000","85,000,000","96,000,000","166,000,000","128,000,000","175,000,000","188,000,000","187,000,000","150,000,000","90,000,000","127,000,000","163,000,000","154,000,000","140,000,000","150,000,000","173,000,000","180,000,000","149,000,000","138,000,000","147,000,000","126,000,000","51,000,000","81,000,000","90,000,000","95,000,000","43,000,000","43,000,000","78,000,000","65,000,000","13,000,000","44,000,000","49,000,000","-10,000,000","50,100,000","58,000,000","93,700,000","91,200,000","81,400,000","72,800,000","110,200,000","957,700,000","-2,177,200,000","840,400,000","880,100,000","857,100,000","-1,957,100,000","753,500,000","807,700,000","771,600,000","-2,473,900,000","897,600,000","1,003,300,000","882,400,000","-2,325,400,000","869,100,000"
EBITDA,"3,962,000,000"
ReconciledCostOfRevenue,"13,293,000,000","3,226,000,000","3,338,000,000","3,545,000,000","3,184,000,000","3,178,000,000","3,051,000,000","2,877,000,000","3,302,000,000","3,556,000,000","3,512,000,000","3,697,000,000","3,573,000,000","3,670,000,000","3,597,000,000","3,671,000,000","3,573,000,000","3,527,000,000","3,469,000,000","3,450,000,000","3,310,000,000","3,319,000,000","3,371,000,000","3,419,000,000","3,291,000,000","3,427,000,000","3,597,000,000","3,675,000,000","3,593,000,000","3,847,000,000","3,916,000,000","4,025,000,000","3,858,000,000","3,881,000,000","3,883,000,000","3,870,000,000","3,735,000,000","3,132,000,000","2,747,000,000","2,815,000,000","2,754,000,000","2,817,000,000","2,900,000,000","2,862,000,000","2,682,000,000","2,565,000,000","2,480,000,000","2,387,000,000","2,201,000,000","2,241,000,000","2,178,000,000","2,189,000,000","2,174,000,000","2,626,000,000","2,964,000,000","3,069,000,000","2,532,000,000","2,428,000,000","2,381,000,000","2,346,000,000","2,256,000,000","2,300,000,000","2,313,000,000","2,307,000,000","2,167,000,000","2,059,000,000","2,001,000,000","2,039,000,000","1,913,000,000","1,899,000,000","1,836,000,000","1,726,000,000","1,621,000,000","1,505,000,000","1,479,000,000","1,498,000,000","1,415,000,000","1,306,000,000","1,316,000,000","1,364,000,000","1,286,000,000","1,280,000,000","1,326,000,000","1,288,000,000","1,382,000,000","1,064,000,000","1,473,000,000","1,547,000,000","1,546,000,000","1,496,000,000","1,490,000,000","1,528,000,000","1,086,000,000","1,074,000,000","1,110,000,000","1,118,000,000","1,133,000,000","1,296,000,000","1,305,000,000","1,288,000,000","1,225,000,000","1,216,000,000","1,199,000,000","1,227,000,000","1,203,000,000","1,157,000,000","1,173,000,000","1,218,000,000","1,199,000,000","1,099,000,000","1,058,000,000","1,053,000,000","936,000,000","769,000,000","738,000,000","815,000,000","723,000,000","695,000,000","682,000,000","718,000,000","678,000,000","618,000,000","609,000,000","733,000,000","715,000,000","626,100,000","628,500,000","653,600,000","679,800,000","603,500,000","609,300,000","787,100,000",,,,,,,,,,,,,,,
ReconciledDepreciation,"922,000,000","238,000,000","247,000,000","229,000,000","208,000,000","208,000,000","206,000,000","198,000,000","199,000,000","216,000,000","226,000,000","221,000,000","221,000,000","223,000,000","223,000,000","227,000,000","230,000,000","229,000,000","232,000,000","228,000,000","225,000,000","229,000,000","233,000,000","234,000,000","233,000,000","233,000,000","232,000,000","234,000,000","226,000,000","240,000,000","244,000,000","250,000,000","249,000,000","257,000,000","250,000,000","245,000,000","245,000,000","179,000,000","141,000,000","138,000,000","140,000,000","137,000,000","139,000,000","141,000,000","139,000,000","138,000,000","136,000,000","136,000,000","141,000,000","130,000,000","153,000,000","147,000,000","143,000,000","157,000,000","155,000,000","154,000,000","126,000,000","125,000,000","117,000,000","118,000,000","109,000,000","112,000,000","108,000,000","108,000,000","106,000,000","109,000,000","101,000,000","99,000,000","100,000,000","102,000,000","100,000,000","98,000,000","100,000,000","96,000,000","97,000,000","103,000,000","98,000,000","95,000,000","94,000,000","92,000,000","95,000,000","110,000,000","112,000,000","112,000,000","115,000,000","108,000,000","123,000,000","114,000,000","117,000,000","118,000,000","122,000,000","115,000,000","86,000,000","86,000,000","82,000,000","82,000,000","81,000,000","92,000,000","85,000,000","83,000,000","82,000,000","84,000,000","82,000,000","79,000,000","75,000,000","74,000,000","70,000,000","71,000,000","66,000,000","64,000,000","62,000,000","63,000,000","62,000,000","49,000,000","49,000,000","53,000,000","45,000,000","46,000,000","46,000,000","47,000,000","45,000,000","44,000,000","39,000,000","43,000,000","43,000,000","48,100,000","36,000,000","55,600,000","23,300,000","50,200,000","41,100,000","42,000,000",,,,,,,,,,,,,,,
NetIncomeFromContinuingOperationNetMinorityInterest,"2,144,000,000","551,000,000","629,000,000","506,000,000","458,000,000","475,000,000","446,000,000","51,000,000","438,000,000","452,000,000","601,000,000","636,000,000","522,000,000","631,000,000","416,000,000","610,000,000","488,000,000","639,000,000","1,399,000,000","515,000,000","432,000,000","504,000,000","523,000,000","491,000,000","404,000,000","532,000,000","446,000,000","535,000,000","466,000,000","581,000,000","602,000,000","171,000,000","439,000,000","479,000,000","510,000,000","494,000,000","378,000,000","179,000,000","345,000,000","382,000,000","311,000,000","362,000,000","365,000,000","336,000,000","287,000,000","280,000,000","268,000,000","226,000,000","155,000,000","211,000,000","193,000,000","29,000,000","-50,000,000","163,000,000","315,000,000","333,000,000","244,000,000","252,000,000","238,000,000","240,000,000","234,000,000","241,000,000","213,000,000","253,000,000","208,000,000","210,000,000","199,000,000","209,000,000","187,000,000","183,000,000","170,000,000","161,000,000","134,000,000","114,000,000","107,000,000","93,000,000","72,000,000","67,000,000","93,000,000","88,000,000","33,000,000","30,000,000","40,000,000","49,000,000","50,000,000","-6,000,000","93,000,000","145,000,000","131,000,000","224,000,000","184,000,000","125,000,000","84,000,000","72,000,000","58,000,000","114,000,000","105,000,000","183,000,000","54,000,000","126,000,000","101,000,000","66,000,000","85,000,000","103,000,000","95,000,000","90,000,000","91,000,000","110,000,000","108,000,000","89,000,000","84,000,000","86,000,000","74,000,000","33,000,000","44,000,000","53,000,000","50,000,000","34,000,000","28,000,000","42,000,000","33,000,000","28,000,000","21,000,000","27,000,000","-14,000,000","34,700,000","33,900,000","50,200,000","50,200,000","44,600,000","39,900,000","61,900,000",,,,,,,,,,,,,,,
TotalUnusualItemsExcludingGoodwill,"617,000,000","0","617,000,000","0","0","0","0","0","221,000,000","0","0",,,"0","-275,000,000",,,"0","1,077,000,000",,,,,,,"0","0","0",,"0","0","-644,000,000",,,,,,,"4,000,000","-8,000,000","-3,000,000","8,000,000","10,000,000","4,000,000","16,000,000","-12,000,000","2,000,000","1,000,000","8,000,000","4,000,000","6,000,000","8,000,000","-9,000,000","9,000,000","17,000,000","3,000,000","1,000,000","10,000,000","-1,000,000","8,000,000","-7,000,000","34,000,000","2,000,000","8,000,000","-4,000,000","14,000,000","-1,000,000","9,000,000","5,000,000","-24,000,000","2,000,000","-2,000,000","-4,000,000","-3,000,000","-1,000,000","12,000,000","-3,000,000","-6,000,000","-3,000,000","-8,000,000","3,000,000","0","26,000,000","-3,000,000","49,000,000","11,000,000","8,000,000","32,000,000","29,000,000","232,000,000","149,000,000","4,000,000","1,000,000","26,000,000","6,000,000","18,000,000","48,000,000","93,000,000","-73,000,000","14,000,000","13,000,000","10,000,000","7,000,000","7,000,000","6,000,000","6,000,000","9,000,000","12,000,000","5,000,000","-1,000,000","11,000,000",,"2,000,000","5,000,000","4,000,000","9,000,000","1,000,000","4,000,000","20,000,000","3,000,000","5,000,000","45,000,000","6,000,000","8,000,000","7,000,000","5,900,000","14,600,000","4,400,000","11,100,000","10,100,000","10,100,000","4,900,000",,,,,,,,,,,,,,,
TotalUnusualItems,"617,000,000","0","617,000,000","0","0","0","0","0","221,000,000","0","0",,,"0","-275,000,000",,,"0","1,077,000,000",,,,,,,"0","0","0",,"0","0","-644,000,000",,,,,,,"4,000,000","-8,000,000","-3,000,000","8,000,000","10,000,000","4,000,000","16,000,000","-12,000,000","2,000,000","1,000,000","8,000,000","4,000,000","6,000,000","8,000,000","-9,000,000","9,000,000","17,000,000","3,000,000","1,000,000","10,000,000","-1,000,000","8,000,000","-7,000,000","34,000,000","2,000,000","8,000,000","-4,000,000","14,000,000","-1,000,000","9,000,000","5,000,000","-24,000,000","2,000,000","-2,000,000","-4,000,000","-3,000,000","-1,000,000","12,000,000","-3,000,000","-6,000,000","-3,000,000","-8,000,000","3,000,000","0","26,000,000","-3,000,000","49,000,000","11,000,000","8,000,000","32,000,000","29,000,000","232,000,000","149,000,000","4,000,000","1,000,000","26,000,000","6,000,000","18,000,000","48,000,000","93,000,000","-73,000,000","14,000,000","13,000,000","10,000,000","7,000,000","7,000,000","6,000,000","6,000,000","9,000,000","12,000,000","5,000,000","-1,000,000","11,000,000",,"2,000,000","5,000,000","4,000,000","9,000,000","1,000,000","4,000,000","20,000,000","3,000,000","5,000,000","45,000,000","6,000,000","8,000,000","7,000,000","5,900,000","14,600,000","4,400,000","11,100,000","10,100,000","10,100,000","4,900,000",,,,,,,,,,,,,,,
NormalizedEBITDA,"3,345,000,000","895,000,000","780,000,000","886,000,000","784,000,000","797,000,000","772,000,000","283,000,000","633,000,000","801,000,000","998,000,000","1,022,000,000","890,000,000","1,015,000,000","1,004,000,000","989,000,000","865,000,000","937,000,000","906,000,000","858,000,000","750,000,000","848,000,000","865,000,000","844,000,000","732,000,000","845,000,000","778,000,000","891,000,000","788,000,000","903,000,000","942,000,000","1,006,000,000","764,000,000","748,000,000","834,000,000","850,000,000","720,000,000","375,000,000","555,000,000","595,000,000","539,000,000","507,000,000","590,000,000","560,000,000","490,000,000","476,000,000","472,000,000","420,000,000","355,000,000","321,000,000","351,000,000","202,000,000","126,000,000","311,000,000","512,000,000","546,000,000","448,000,000","403,000,000","419,000,000","399,000,000","422,000,000","306,000,000","354,000,000","398,000,000","395,000,000","347,000,000","376,000,000","370,000,000","348,000,000","364,000,000","327,000,000","324,000,000","300,000,000","266,000,000","261,000,000","225,000,000","227,000,000","223,000,000","258,000,000","262,000,000","164,000,000","178,000,000","154,000,000","230,000,000","163,000,000","127,000,000","287,000,000","313,000,000","304,000,000","62,000,000","157,000,000","337,000,000","228,000,000","145,000,000","172,000,000","230,000,000","161,000,000","174,000,000","346,000,000","256,000,000","219,000,000","164,000,000","202,000,000","235,000,000","223,000,000","208,000,000","211,000,000","232,000,000","241,000,000","214,000,000","189,000,000","210,000,000","186,000,000","95,000,000","126,000,000","134,000,000","139,000,000","85,000,000","69,000,000","122,000,000","105,000,000","12,000,000","77,000,000","84,000,000","26,000,000","92,300,000","79,400,000","144,900,000","103,400,000","121,500,000","119,500,000","147,300,000","957,700,000","-2,177,200,000","840,400,000","880,100,000","857,100,000","-1,957,100,000","753,500,000","807,700,000","771,600,000","-2,473,900,000","897,600,000","1,003,300,000","882,400,000","-2,325,400,000","869,100,000"
TaxRateForCalcs,"0.259","0.118","0.27","0.184","0.147","0.139","0.148","0.27","0.295","0.148","0.16","0.139","0.135","0.129","0.052","0.12","0.138","0.006","0.173","0.1","0.07","0.091","0.09","0.11","0.09","0.038","0.09","0.11","0.08","0.039","0.06","0.35","0.03","0.35","0.014","0.07","0.05","0.35","0.077","0.088","0.155","0.074","0.15","0.146","0.146","0.034","0.118","0.088","0.166","0.35","0.35","0.35","0.175","0.35","0.11","0.059","0.147","0.027","0.095","0.063","0.13","0.4","0.053","0.09","0.178","0.139","0.201","0.217","0.208","0.057","0.194","0.207","0.225","0.214","0.246","0.238","0.273","0.272","0.295","0.307","0.313","0.231","0.344","0.338","0.4","0.143","0.336","0.335","0.348","0.391","0.357","0.328","0.317","0.2","0.266","0.292","0.323","0.256","0.4","0.308","0.303","0.175","0.261","0.309","0.326","0.291","0.341","0.329","0.337","0.315","0.333","0.312","0.308","0.214","0.323","0.338","0.333","0.4","0.333","0.311","0.313","0.243","0.3","0.289","0.391","0.089","0.354","0.37","0.37","0.374","0.376","0.362",,,,,,,,,,,,,,,
TaxEffectOfUnusualItems,"159,803,000","0","166,590,000","0","0","0","0","0","65,195,000","0","0","0","0","0","-14,300,000","0","0","0","186,321,000","0","0","0","0","0","0","0","0","0","0","0","0","-225,400,000","0","0","0","0","0","0","308,510.638","-706,443.914","-464,673.913","594,871.795","1,504,629.63","585,858.586","2,340,298.507","-409,556.314","236,065.574","87,649.402","1,326,203.209","1,400,000","2,100,000","2,800,000","-1,571,428.571","3,150,000","1,872,881.356","177,966.102","146,853.147","270,270.27","-95,057.034","500,000","-910,780.669","13,600,000","106,666.667","719,424.46","-711,462.451","1,950,819.672","-200,803.213","1,955,056.18","1,038,135.593","-1,360,824.742","388,625.592","-413,793.103","-901,734.104","-641,379.31","-246,478.873","2,852,459.016","-818,181.818","-1,630,434.783","-886,363.636","-2,456,692.913","937,500","0","8,950,819.672","-1,013,513.514","19,600,000","1,571,428.571","2,685,714.286","10,715,596.33","10,099,502.488","90,782,608.696","53,139,860.14","1,311,827.957","317,073.171","5,200,000","1,594,936.709","5,254,658.385","15,483,870.968","23,817,073.171","-29,200,000","4,307,692.308","3,944,827.586","1,750,000","1,826,086.957","2,161,073.826","1,957,446.809","1,748,031.496","3,065,217.391","3,951,219.512","1,687,116.564","-315,384.615","3,666,666.667","0","616,822.43","1,071,428.571","1,292,307.692","3,037,500","333,333.333","1,600,000","6,666,666.667","934,426.23","1,562,500","10,945,945.946","1,800,000","2,315,789.474","2,739,130.435","526,509.186","5,172,571.429","1,628,607.277","4,108,531.995","3,782,187.938","3,793,427.23","1,773,092.784",,,,,,,,,,,,,,,