name,ttm,12/31/2021,09/30/2021,06/30/2021,03/31/2021,12/31/2020,09/30/2020,06/30/2020,03/31/2020,12/31/2019,09/30/2019,06/30/2019,03/31/2019,12/31/2018,09/30/2018,06/30/2018,03/31/2018,12/31/2017,09/30/2017,06/30/2017,03/31/2017,12/31/2016,09/30/2016,06/30/2016,03/31/2016,12/31/2015,09/30/2015,06/30/2015,03/31/2015,12/31/2014,09/30/2014,06/30/2014,03/31/2014,12/31/2013,09/30/2013,06/30/2013,03/31/2013,12/31/2012,09/30/2012,06/30/2012,03/31/2012,12/31/2011,09/30/2011,06/30/2011,03/31/2011,12/31/2010,09/30/2010,06/30/2010,03/31/2010,12/31/2009,09/30/2009,06/30/2009,03/31/2009,12/31/2008,09/30/2008,06/30/2008,03/31/2008,12/31/2007,09/30/2007,06/30/2007,03/31/2007,12/31/2006,09/30/2006,06/30/2006,03/31/2006,12/31/2005,09/30/2005,06/30/2005,03/31/2005,12/31/2004,09/30/2004,06/30/2004,03/31/2004,12/31/2003,09/30/2003,06/30/2003,03/31/2003,12/31/2002,09/30/2002,06/30/2002,03/31/2002,12/31/2001,09/30/2001,06/30/2001,03/31/2001,12/31/2000,09/30/2000,06/30/2000,03/31/2000,12/31/1999,09/30/1999,06/30/1999,03/31/1999,12/31/1998,09/30/1998,06/30/1998,03/31/1998,12/31/1997,09/30/1997,06/30/1997,03/31/1997,12/31/1996,09/30/1996,06/30/1996,03/31/1996,12/31/1995,09/30/1995,06/30/1995,03/31/1995,12/31/1994,09/30/1994,06/30/1994,03/31/1994,12/31/1993,09/30/1993,06/30/1993,03/31/1993,12/31/1992,09/30/1992,06/30/1992,03/31/1992,12/31/1991,09/30/1991,06/30/1991,03/31/1991,12/31/1990,09/30/1990,06/30/1990,03/31/1990,12/31/1989,09/30/1989,06/30/1989,03/31/1989,12/31/1988,09/30/1988,06/30/1988,03/31/1988,12/31/1987,09/30/1987,06/30/1987,03/31/1987,12/31/1986,09/30/1986,06/30/1986,03/31/1986,12/31/1985,09/30/1985
TotalRevenue,"11,742,896,000","2,722,456,000","3,353,532,000","2,822,070,000","2,844,838,000","2,370,102,000","2,903,568,000","2,412,788,000","2,427,179,000","2,462,306,000","3,140,575,000","2,666,209,000","2,609,584,000","2,512,482,000","3,104,319,000","2,668,770,000","2,723,881,000","2,623,845,000","3,243,628,000","2,618,550,000","2,588,458,000","2,648,527,000","3,124,703,000","2,462,562,000","2,609,852,000","2,508,523,000","3,371,406,000","2,713,231,000","2,920,090,000","2,831,318,000","3,458,110,000","2,996,650,000","3,208,843,000","2,691,906,000","3,351,959,000","2,738,208,000","2,608,874,000","2,436,259,000","2,963,560,000","2,518,600,000","2,383,659,000","2,489,032,000","3,395,553,000","2,803,279,000","2,541,208,000","2,533,104,000","3,332,176,000","2,862,950,000","2,759,347,000","2,498,654,000","2,937,095,000","2,520,789,000","2,789,112,000","3,000,868,000","3,963,884,000","3,264,271,000","2,864,734,000","2,731,900,000","3,289,087,000","2,769,352,000","2,600,230,000","2,480,904,000","3,254,719,000","2,628,502,000","2,568,031,000","2,156,640,000","3,129,731,000","2,709,519,000","2,323,414,000","2,423,496,000","2,963,581,000","2,485,097,000","2,251,549,000","2,103,160,000","2,700,125,000","2,353,909,000","2,037,723,000","1,878,746,000","2,468,875,000","2,096,581,000","1,860,834,000","1,897,461,000","2,575,736,000","2,495,276,000","2,652,427,000","2,635,313,000","3,431,555,000","2,137,788,000","1,811,492,000","1,752,500,000","3,064,500,000","2,316,400,000","1,639,900,000","2,085,500,000","4,587,400,000","2,508,800,000","2,313,100,000","2,540,200,000","2,797,600,000","2,178,100,000","2,045,600,000","1,573,700,000","2,138,200,000","1,852,500,000","1,599,000,000","1,418,800,000","1,937,400,000","1,572,100,000","1,346,100,000","1,165,400,000","1,805,400,000","1,586,400,000","1,406,100,000","1,077,800,000","1,410,900,000","1,070,100,000","926,400,000","1,004,000,000","1,237,900,000","958,100,000","916,500,000","921,900,000","1,255,100,000","981,400,000","893,000,000","926,200,000","1,227,200,000","939,300,000","889,400,000","883,900,000","1,102,200,000","931,000,000","931,000,000","843,800,000","1,095,300,000","819,700,000","806,600,000","778,500,000","1,075,000,000","831,600,000","769,700,000","796,900,000","1,073,400,000","810,800,000","804,800,000","809,600,000","809,600,000"
	OperatingRevenue,"11,742,896,000","2,722,456,000","3,353,532,000","2,822,070,000","2,844,838,000","2,370,102,000","2,903,568,000","2,412,788,000","2,427,179,000","2,462,306,000","3,140,575,000","2,666,209,000","2,609,584,000","2,512,482,000","3,104,319,000","2,668,770,000","2,723,881,000","2,623,845,000","3,243,628,000","2,618,550,000","2,588,458,000","2,648,527,000","3,124,703,000","2,462,562,000","2,609,852,000","2,508,523,000","3,371,406,000","2,713,231,000","2,920,090,000","2,831,318,000","3,458,110,000","2,996,650,000","3,208,843,000","2,691,906,000","3,351,959,000","2,738,208,000","2,608,874,000","2,436,259,000","2,963,560,000","2,518,600,000","2,383,659,000","2,489,032,000","3,395,553,000","2,803,279,000","2,541,208,000","2,533,104,000","3,332,176,000","2,862,950,000","2,759,347,000","2,498,654,000","2,937,095,000","2,520,789,000","2,789,112,000","3,000,868,000","3,963,884,000","3,264,271,000","2,864,734,000","2,731,900,000","3,289,087,000","2,769,352,000","2,600,230,000","2,480,904,000","3,254,719,000","2,628,502,000","2,568,031,000","2,156,640,000","3,129,731,000","2,709,519,000","2,323,414,000","2,423,496,000","2,963,581,000","2,485,097,000","2,251,549,000","2,103,160,000","2,700,125,000","2,353,909,000","2,037,723,000","1,878,746,000","2,468,875,000","2,096,581,000","1,860,834,000","1,897,461,000","2,575,736,000","2,495,276,000","2,652,427,000","2,635,313,000","3,431,555,000","2,137,788,000","1,811,492,000","1,752,500,000","3,064,500,000","2,316,400,000","1,639,900,000","2,085,500,000","4,587,400,000","2,508,800,000","2,313,100,000","2,540,200,000","2,797,600,000","2,178,100,000","2,045,600,000","1,573,700,000","2,138,200,000","1,852,500,000","1,599,000,000","1,418,800,000","1,937,400,000","1,572,100,000","1,346,100,000","1,165,400,000","1,805,400,000","1,586,400,000","1,406,100,000","1,077,800,000","1,410,900,000","1,070,100,000","926,400,000","1,004,000,000","1,237,900,000","958,100,000","916,500,000","921,900,000","1,255,100,000","981,400,000","893,000,000","926,200,000","1,227,200,000","939,300,000","889,400,000","883,900,000","1,102,200,000","931,000,000","931,000,000","843,800,000","1,095,300,000","819,700,000","806,600,000","778,500,000","1,075,000,000","831,600,000","769,700,000","796,900,000","1,073,400,000","810,800,000","804,800,000","809,600,000","809,600,000"
CostOfRevenue,"6,871,030,000","1,743,331,000","1,793,021,000","1,703,253,000","1,631,426,000","1,472,670,000","1,482,313,000","1,334,121,000","1,366,319,000","1,571,443,000","1,771,018,000","1,706,016,000","1,651,329,000","2,057,494,000","2,215,814,000","1,827,242,000","1,738,588,000","1,902,796,000","1,885,119,000","1,864,600,000","1,897,235,000","4,630,758,000","1,744,789,000","1,437,409,000","1,557,796,000","2,226,691,000","3,752,399,000","1,767,632,000","1,807,456,000","1,983,443,000","2,401,432,000","2,005,085,000","1,915,980,000","1,939,564,000","2,406,410,000","1,886,011,000","1,698,439,000","4,215,782,000","995,404,000","840,277,000","887,687,000","911,595,000","1,389,883,000","1,077,526,000","934,296,000","927,594,000","1,298,442,000","1,112,225,000","1,095,860,000","805,715,000","1,008,878,000","904,224,000","1,226,366,000","1,620,258,000","2,034,282,000","1,475,039,000","1,161,143,000","1,163,626,000","1,329,905,000","1,196,602,000","1,187,734,000","1,188,391,000","1,638,380,000","1,281,573,000","1,301,541,000","791,115,000","1,626,400,000","1,213,989,000","1,079,860,000","1,174,780,000","1,448,261,000","1,082,906,000","985,944,000","1,026,461,000","1,125,483,000","976,738,000","756,739,000","674,907,000","918,872,000","729,618,000","663,534,000","761,920,000","1,228,796,000","1,294,591,000","1,506,949,000","1,538,420,000","1,971,366,000","983,586,000","885,855,000","876,700,000","1,743,500,000","1,184,700,000","796,300,000","1,043,500,000","3,024,300,000","1,157,100,000","1,150,300,000","1,179,200,000","1,184,300,000","822,600,000","836,900,000","521,300,000","717,800,000","608,400,000","548,200,000","415,400,000","591,700,000","439,400,000","387,000,000","404,400,000","517,800,000","483,800,000","456,200,000","350,800,000","390,600,000","276,300,000","250,800,000",,,,,,,,,,,,,,,,,,,,,,,,,,,,,,
GrossProfit,"4,871,866,000","979,125,000","1,560,511,000","1,118,817,000","1,213,412,000","897,432,000","1,421,255,000","1,078,667,000","1,060,860,000","890,863,000","1,369,557,000","960,193,000","958,255,000","454,988,000","888,505,000","841,528,000","985,293,000","721,049,000","1,358,509,000","753,950,000","691,223,000","-1,982,231,000","1,379,914,000","1,025,153,000","1,052,056,000","281,832,000","-380,993,000","945,599,000","1,112,634,000","847,875,000","1,056,678,000","991,565,000","1,292,863,000","752,342,000","945,549,000","852,197,000","910,435,000","-1,779,523,000","1,968,156,000","1,678,323,000","1,495,972,000","1,577,437,000","2,005,670,000","1,725,753,000","1,606,912,000","1,605,510,000","2,033,734,000","1,750,725,000","1,663,487,000","1,692,939,000","1,928,217,000","1,616,565,000","1,562,746,000","1,380,610,000","1,929,602,000","1,789,232,000","1,703,591,000","1,568,274,000","1,959,182,000","1,572,750,000","1,412,496,000","1,292,513,000","1,616,339,000","1,346,929,000","1,266,490,000","1,365,525,000","1,503,331,000","1,495,530,000","1,243,554,000","1,248,716,000","1,515,320,000","1,402,191,000","1,265,605,000","1,076,699,000","1,574,642,000","1,377,171,000","1,280,984,000","1,203,839,000","1,550,003,000","1,366,963,000","1,197,300,000","1,135,541,000","1,346,940,000","1,200,685,000","1,145,478,000","1,096,893,000","1,460,189,000","1,154,202,000","925,637,000","875,800,000","1,321,000,000","1,131,700,000","843,600,000","1,042,000,000","1,563,100,000","1,351,700,000","1,162,800,000","1,361,000,000","1,613,300,000","1,355,500,000","1,208,700,000","1,052,400,000","1,420,400,000","1,244,100,000","1,050,800,000","1,003,400,000","1,345,700,000","1,132,700,000","959,100,000","761,000,000","1,287,600,000","1,102,600,000","949,900,000","727,000,000","1,020,300,000","793,800,000","675,600,000",,,,,,,,,,,,,,,,,,,,,,,,,,,,,,
OperatingExpense,"2,762,615,000","719,177,000","732,780,000","608,517,000","702,142,000","735,030,000","638,778,000","632,581,000","656,009,000","640,779,000","651,542,000","604,999,000","601,022,000","683,920,000","617,470,000","749,931,000","649,629,000","509,148,000","629,040,000","610,441,000","532,690,000","616,770,000","607,854,000","582,895,000","553,838,000","690,170,000","584,023,000","568,216,000","569,865,000","528,202,000","563,819,000","537,088,000","552,986,000","570,364,000","556,655,000","505,685,000","516,390,000","-1,748,201,000","1,277,304,000","1,335,339,000","1,196,923,000","1,233,121,000","1,200,913,000","1,161,414,000","1,101,132,000","1,226,537,000","1,264,906,000","1,135,206,000","1,158,681,000","1,211,465,000","1,127,913,000","1,142,069,000","1,056,219,000","1,023,877,000","1,177,510,000","1,140,068,000","1,097,358,000","1,238,872,000","1,148,850,000","1,094,710,000","981,476,000","1,011,788,000","993,494,000","918,565,000","915,745,000","1,088,089,000","859,494,000","965,920,000","938,640,000","1,130,380,000","943,848,000","907,879,000","886,771,000","1,036,131,000","955,637,000","881,234,000","709,558,000","1,272,164,000","886,314,000","870,809,000","1,242,975,000","986,722,000","740,437,000","743,635,000","759,447,000","865,293,000","866,352,000","720,664,000","639,033,000","803,300,000","719,100,000","757,600,000","640,100,000","554,800,000","1,040,900,000","879,000,000","877,400,000","748,400,000","1,174,700,000","921,500,000","836,600,000","621,300,000","820,800,000","744,000,000","903,000,000","777,200,000","719,700,000","687,000,000","688,000,000","730,700,000","820,300,000","686,900,000","662,300,000","548,700,000","510,300,000","462,300,000","452,300,000",,,,,,,,,,,,,,,,,,,,,,,,,,,,,,
	SellingGeneralAndAdministration,,,,,,,,,,,,,,,,,,,,,,,,,,,,,,,,,,,,,,,"81,273,000","149,592,000","57,903,000","23,366,000","56,467,000","55,497,000","55,265,000","54,313,000","53,380,000","52,467,000","51,576,000",,,,,,,,,,,,,,,,,,,,,,,,,,,,,,,,,,,,,,,,,,,,,,,,,,,,,,,,,,,,,,,,,,,,,,,,,,,,,,,,,,,,,,,,,,,,,,,,,,
	DepreciationAmortizationDepletionIncomeStatement,"1,684,286,000","426,477,000","421,745,000","421,545,000","414,519,000","408,029,000","401,578,000","403,769,000","399,710,000","380,026,000","379,219,000","363,496,000","357,274,000","347,343,000","324,628,000","350,485,000","347,065,000","337,646,000","354,739,000","350,328,000","347,265,000","336,848,000","340,399,000","335,668,000","334,273,000","330,095,000","334,841,000","340,354,000","331,986,000","326,094,000","332,079,000","331,742,000","328,724,000","337,503,000","325,149,000","297,516,000","300,876,000","307,874,000","281,740,000","274,755,000","280,215,000","289,530,000","283,581,000","264,206,000","264,885,000","280,502,000","264,621,000","255,567,000","269,204,000","283,592,000","280,641,000","260,689,000","257,852,000","274,243,000","263,656,000","247,977,000","244,985,000","253,585,000","239,064,000","238,653,000","224,331,000","232,418,000","232,042,000","217,943,000","205,388,000","217,560,000","217,883,000","213,902,000","224,177,000","232,979,000","236,325,000","215,640,000","210,648,000","213,344,000","220,667,000","205,446,000","211,046,000","213,774,000","214,408,000","205,876,000","205,124,000","208,336,000","133,679,000","196,974,000","207,530,000","204,750,000","199,464,000","192,800,000","196,610,000","201,100,000","184,000,000","276,700,000","205,400,000","248,800,000","327,700,000","313,100,000","332,600,000","685,700,000","246,700,000","241,300,000","228,000,000","204,300,000","196,900,000","195,100,000","194,600,000","175,600,000","176,100,000","169,600,000","169,500,000","168,700,000","166,400,000","156,500,000","150,500,000","103,400,000","98,300,000","98,600,000","100,800,000",,,,,,,,,,,,,,,,,,,,,,,,,,,,,,
		DepreciationAndAmortizationInIncomeStatement,"1,684,286,000","426,477,000","421,745,000","421,545,000","414,519,000","408,029,000","401,578,000","403,769,000","399,710,000","380,026,000","379,219,000","363,496,000","357,274,000","347,343,000","324,628,000","350,485,000","347,065,000","337,646,000","354,739,000","350,328,000","347,265,000","336,848,000","340,399,000","335,668,000","334,273,000","330,095,000","334,841,000","340,354,000","331,986,000","326,094,000","332,079,000","331,742,000","328,724,000","337,503,000","325,149,000","297,516,000","300,876,000","307,874,000","281,740,000","274,755,000","280,215,000","289,530,000","283,581,000","264,206,000","264,885,000","280,502,000","264,621,000","255,567,000","269,204,000","283,592,000","280,641,000","260,689,000","257,852,000",,,,,,,,,,,,,,,,,,,,,,,,,,,,,,,,,,,,,,,,,,,,,,,,,,,,,,,,,,,,,,,,,,,,,,,,,,,,,,,,,,,,,,,,,,,,,,
	OtherTaxes,"660,290,000","165,330,000","182,347,000","155,911,000","156,702,000","152,476,000","171,425,000","158,646,000","170,294,000","156,030,000","165,731,000","163,408,000","158,575,000","156,270,000","161,916,000","158,547,000","165,218,000","148,466,000","159,474,000","153,264,000","156,353,000","144,399,000","149,076,000","149,249,000","149,778,000","147,387,000","158,134,000","156,378,000","157,523,000","137,667,000","159,735,000","152,736,000","154,468,000","147,416,000","156,950,000","144,888,000","151,095,000","132,969,000","149,049,000","138,111,000","137,170,000","129,533,000","152,044,000","129,215,000","125,234,000","133,702,000","138,217,000","126,968,000","135,412,000","118,210,000","128,851,000","122,401,000","134,397,000","121,620,000","140,819,000","125,942,000","108,571,000","120,905,000","129,123,000","116,348,000","112,909,000","100,566,000","133,527,000","91,130,000","103,338,000","92,284,000","101,155,000","107,465,000","102,989,000","96,733,000","112,568,000","103,283,000","97,303,000","102,058,000","105,360,000","100,505,000","97,737,000","88,709,000","107,189,000","82,194,000","102,370,000","104,132,000","103,593,000","89,662,000","102,463,000","103,998,000","103,188,000","83,540,000","79,618,000","80,200,000","93,000,000","83,100,000","83,100,000","85,100,000","91,000,000","90,300,000","95,800,000","90,000,000","92,200,000","90,200,000","93,000,000","83,800,000","90,600,000","89,900,000","89,000,000","73,200,000","76,200,000","73,900,000","76,600,000","69,800,000","71,400,000","70,100,000","72,900,000","53,600,000","48,600,000","48,600,000","48,400,000",,,,,,,,,,,,,,,,,,,,,,,,,,,,,,
	OtherOperatingExpenses,"418,039,000","127,370,000","128,688,000","31,061,000","130,921,000","174,525,000","65,775,000","70,166,000","86,005,000","104,723,000","106,592,000","78,095,000","85,173,000","180,307,000","130,926,000","240,899,000","137,346,000","23,036,000","114,827,000","106,849,000","29,072,000","135,523,000","118,379,000","97,978,000","69,787,000","212,688,000","91,048,000","71,484,000","80,356,000","64,441,000","72,005,000","52,610,000","69,794,000","85,445,000","74,556,000","63,281,000","64,419,000",,,"137,650,000","722,017,000",,,,,,,,,,"718,421,000","758,979,000","663,970,000","378,722,000","773,035,000","766,149,000","743,802,000","864,382,000","780,663,000","739,709,000","644,236,000","532,920,000","627,925,000","609,492,000","607,019,000","778,245,000","540,456,000","644,553,000","611,474,000","800,668,000","594,955,000","588,956,000","578,820,000","720,729,000","629,610,000","575,283,000","400,775,000","969,681,000","564,717,000","582,739,000","935,481,000","674,254,000","503,165,000","456,999,000","449,454,000","556,545,000","563,700,000","444,324,000","362,805,000","522,000,000","442,100,000","397,800,000","351,600,000","220,900,000","622,200,000","475,600,000","449,000,000","-27,300,000","835,800,000","590,000,000","515,600,000","333,200,000","533,300,000","459,000,000","619,400,000","528,400,000","467,400,000","443,500,000","441,900,000","492,200,000","582,500,000","460,300,000","438,900,000","391,700,000","363,400,000","315,100,000","303,100,000",,,,,,,,,,,,,,,,,,,,,,,,,,,,,,
OperatingIncome,"2,109,251,000","259,948,000","827,731,000","510,300,000","511,270,000","162,402,000","782,477,000","446,086,000","404,851,000","250,084,000","718,015,000","355,194,000","357,233,000","-228,932,000","271,035,000","91,597,000","335,664,000","211,901,000","729,469,000","143,509,000","158,533,000","-2,599,001,000","772,060,000","442,258,000","498,218,000","-408,338,000","-965,016,000","377,383,000","542,769,000","319,673,000","492,859,000","454,477,000","739,877,000","181,978,000","388,894,000","346,512,000","394,045,000","-31,322,000","690,852,000","342,984,000","299,049,000","344,316,000","804,757,000","564,339,000","505,780,000","378,973,000","768,828,000","615,519,000","504,806,000","481,474,000","800,304,000","474,496,000","506,527,000","356,733,000","752,092,000","649,164,000","606,233,000","329,402,000","810,332,000","478,040,000","431,020,000","280,725,000","622,845,000","428,364,000","350,745,000","277,436,000","643,837,000","529,610,000","304,914,000","118,336,000","571,472,000","494,312,000","378,834,000","40,568,000","619,005,000","495,937,000","571,426,000","-68,325,000","663,689,000","496,154,000","-45,675,000","148,819,000","606,503,000","457,050,000","386,031,000","231,600,000","593,837,000","433,538,000","286,604,000","72,500,000","601,900,000","374,100,000","203,500,000","487,200,000","522,200,000","472,700,000","285,400,000","612,600,000","438,600,000","434,000,000","372,100,000","431,100,000","599,600,000","500,100,000","147,800,000","226,200,000","626,000,000","445,700,000","271,100,000","30,300,000","467,300,000","415,700,000","287,600,000","178,300,000","510,000,000","331,500,000","223,300,000","1,004,000,000","1,237,900,000","958,100,000","916,500,000","921,900,000","1,255,100,000","981,400,000","893,000,000","926,200,000","1,227,200,000","939,300,000","889,400,000","883,900,000","1,102,200,000","931,000,000","931,000,000","843,800,000","1,095,300,000","819,700,000","806,600,000","778,500,000","1,075,000,000","831,600,000","769,700,000","796,900,000","1,073,400,000","810,800,000","804,800,000","809,600,000","809,600,000"
NetNonOperatingInterestIncomeExpense,"-404,228,000","-71,234,000","-134,388,000","-142,047,000","-56,558,000","2,861,000","-68,874,000","80,167,000","-406,998,000","-46,693,000","-104,344,000","-88,083,000","44,605,000","-381,199,000","-2,986,000","-106,512,000","-152,788,000","-77,324,000","-108,567,000","-82,757,000","-105,498,000","-136,081,000","-129,661,000","-124,124,000","-131,376,000","-119,204,000","-125,006,000","-120,111,000","-92,087,000","-121,701,000","-106,271,000","-131,566,000","-120,283,000","-59,024,000","-127,621,000","-108,436,000","-109,655,000","-111,990,000","-123,307,000","-109,848,000","-105,753,000","-136,206,000","-94,350,000","-90,978,000","-100,853,000","-135,662,000","-77,170,000","-112,387,000","-130,990,000","-77,709,000","-79,775,000","-85,269,000","-116,608,000",,,,,,,,,,,,,,,,,,,,,,,,,,,,,,,,,,,,,,,,,,,,,,,,,,,,,,,,,,,,,,,,,,,,,,,,,,,,,,,,,,,,,,,,,,,,,,
	InterestIncomeNonOperating,"430,466,000","140,709,000","75,112,000","71,329,000","143,315,000","196,992,000","127,857,000","284,823,000","-216,853,000","141,249,000","82,295,000","96,218,000","228,149,000","-201,222,000","177,081,000","71,134,000","16,870,000","93,219,000","58,332,000","80,097,000","56,549,000","28,465,000","37,534,000","46,375,000","32,753,000","40,169,000","39,054,000","39,705,000","68,133,000","38,646,000","49,547,000","24,245,000","35,248,000","97,023,000","23,430,000","40,541,000","38,306,000","33,009,000","24,490,000","29,285,000","40,992,000","33,228,000","33,238,000","35,921,000","26,747,000","19,191,000","48,908,000","35,792,000","48,209,000",,"64,730,000","58,892,000","30,650,000",,,,,,,,,,,,,,,,,,,,,,,,,,,,,,,,,,,,,,,,,,,,,,,,,,,,,,,,,,,,,,,,,,,,,,,,,,,,,,,,,,,,,,,,,,,,,,
	InterestExpenseNonOperating,"834,694,000","211,943,000","209,500,000","213,376,000","199,873,000","194,131,000","196,731,000","204,656,000","406,998,000","187,942,000","186,639,000","184,301,000","183,544,000","179,977,000","180,067,000","177,646,000","169,658,000","170,543,000","166,899,000","162,854,000","162,047,000","164,546,000","167,195,000","170,499,000","164,129,000","159,373,000","164,060,000","159,816,000","160,220,000","160,347,000","155,818,000","155,811,000","155,531,000","156,047,000","151,051,000","148,977,000","147,961,000","144,999,000","147,797,000","139,133,000","146,745,000","169,434,000","127,588,000","126,899,000","127,600,000","154,853,000","126,078,000","148,179,000","179,199,000",,"144,505,000","144,161,000","147,258,000",,,,,,,,,,,,,,,,,,,,,,,,,,,,,,,,,,,,,,,,,,,,,,,,,,,,,,,,,,,,,,,,,,,,,,,,,,,,,,,,,,,,,,,,,,,,,,
	TotalOtherFinanceCost,,,,,,,,,,,,,,,,,,,,,,,,,,,,,,,,,,,,,,,,,,"-10,496,000",,,,,,,,,,,,,,,,,,,,,,,,,,,,,,,,,,,,,,,,,,,,,,,,,,,,,,,,,,,,,,,,,,,,,,,,,,,,,,,,,,,,,,,,,,,,,,,,,,,,,,,,,
OtherIncomeExpense,"-394,930,000","42,238,000","522,000","-388,063,000","-49,625,000","-61,587,000","-38,460,000","-72,025,000","54,247,000","-57,041,000","-215,011,000","-25,120,000","-100,421,000","30,920,000","-11,237,000","-16,821,000","-3,013,000","19,837,000","22,537,000","15,504,000","40,779,000","3,406,000","8,711,000","5,483,000","8,345,000","106,876,000","4,124,000","-3,769,000","2,718,000","9,158,000","10,093,000","113,000","3,425,000","40,177,000","7,462,000","3,092,000","-872,000","365,877,000","7,628,000","15,246,000","-340,198,000","42,107,000","-196,469,000","-1,810,000","13,001,000","-4,898,000","-7,025,000","21,058,000","-7,317,000","-92,692,000","14,770,000","-66,775,000","288,352,000","-18,971,000","6,659,000","-79,711,000","-17,483,000","-7,336,000","-4,671,000","-5,982,000","-607,000","64,393,000","67,299,000","59,447,000","41,397,000","38,962,000","-2,283,000","-9,175,000","40,374,000","37,551,000","-30,761,000","33,859,000","18,771,000","34,723,000","63,322,000","-88,476,000","-61,060,000","197,609,000","58,701,000","18,640,000","64,658,000","14,911,000","98,123,000","129,066,000","55,981,000","-8,133,000","53,589,000","94,708,000","29,499,000","118,700,000","25,500,000","70,800,000","40,500,000","36,400,000","18,700,000","18,200,000","31,600,000","-278,400,000","-900,000","29,200,000","17,400,000","-168,700,000","53,100,000","-4,600,000","-7,300,000","-51,400,000","-24,900,000","-10,000,000","-12,700,000","-14,400,000","-23,200,000","-13,800,000","-6,500,000","-6,500,000","-200,000","800,000","2,200,000",,,,,,,,,,,,,,,,,,,,,,,,,,,,,,
	GainOnSaleOfSecurity,,,,,,,,,,,,,,,,,,,,,,,,,,,,,,,,,,"43,569,000",,,,,,,,,,,,,,,,,,,,,,,,,,,,,,,,,,,,,,,,,,,,,,,,,,,,,,,,,,,,,,,,,,,,,,,,,,,,,,,,,,,,,,,,,,,,,,,,,,,,,,,,,,,,,,,,,
	EarningsFromEquityInterest,,,,,,,,,,,,,,,,,,,,,,,,,,,,,,,,,,,,,,,,,,,,,,,,,,,,"1,369,000","-3,127,000",,,,,,,,,,,,,,,,,,,,,,,,,,,,,,,,,,,,,,,,,,,,,,,,,,,,,,,,,,,,,,,,,,,,,,,,,,,,,,,,,,,,,,,,,,,,,,
	SpecialIncomeCharges,"-193,152,000","103,445,000","17,319,000","-325,219,000","11,304,000","19,901,000","20,454,000","21,595,000","30,858,000","34,884,000","-164,925,000","20,750,000","-35,763,000","37,235,000","32,354,000","31,670,000","28,343,000","29,366,000","24,338,000","22,376,000","35,278,000","19,321,000","15,451,000","13,860,000","18,932,000","168,104,000","14,129,000","11,974,000","11,738,000","18,148,000","16,737,000","14,788,000","15,129,000","62,947,000","17,676,000","16,249,000","12,751,000","419,091,000","7,628,000","15,246,000","-340,198,000","42,107,000","-196,469,000","-1,810,000","13,001,000","-4,898,000","-7,025,000","21,058,000","-7,317,000","-92,692,000","14,770,000","-68,144,000","291,479,000","-18,971,000","6,659,000","-79,711,000","-17,483,000","-7,336,000","-4,671,000","-5,982,000","-607,000","64,393,000","67,299,000","59,447,000","41,397,000","38,962,000","-2,283,000","-9,175,000","40,374,000","37,551,000","-30,761,000","33,859,000","18,771,000","34,723,000","63,322,000","-88,476,000","-61,060,000","197,609,000","58,701,000","18,640,000","64,658,000","14,911,000","98,123,000","129,066,000","55,981,000","-8,133,000","53,589,000","94,708,000","29,499,000","118,700,000","25,500,000","70,800,000","40,500,000","36,400,000","18,700,000","18,200,000","31,600,000","-278,400,000","-900,000","29,200,000","17,400,000","-168,700,000","53,100,000","-4,600,000","-7,300,000","-51,400,000","-24,900,000","-10,000,000","-12,700,000","-14,400,000","-23,200,000","-13,800,000","-6,500,000","-6,500,000","-200,000","800,000","2,200,000",,,,,,,,,,,,,,,,,,,,,,,,,,,,,,
		ImpairmentOfCapitalAssets,,,,,"3,273,000","10,291,000","4,461,000","6,775,000","5,095,000","1,544,000","198,086,000","16,419,000","73,979,000",,,,,,,,,,,,,,,,,,,,,,,,,,"0","0","355,524,000","0",,,"0","123,000","206,000","837,000","0",,,"69,203,000",,,,,,,,,,,,,,,,,,,,,,,,,,,,,,,,,,,,,,,,,,,,,,,,,,,,,,,,,,,,,,,,,,,,,,,,,,,,,,,,,,,,,,,,,,,,,,,
		WriteOff,"263,625,000","-81,601,000","-139,000","342,092,000","3,273,000","10,291,000","4,461,000","6,775,000","5,095,000","1,544,000","198,086,000","16,419,000","73,979,000","235,239,000","155,215,000","68,943,000","72,924,000","116,788,000","16,221,000","193,571,000","211,791,000","2,802,467,000","18,841,000","6,969,000","7,361,000","462,702,000","1,642,204,000","0","0","11,980,000","163,835,000",,,"50,032,000","291,505,000","0","0",,,,,,,,,,,,,,,,,,,,,,,,,,,,,,,,,,,,,,,,,,,,,,,,,,,,,,,,,,,,,,,,,,,,,,,,,,,,,,,,,,,,,,,,,,,,,,,,,,,,,,,,,,,,,,
		OtherSpecialCharges,"-70,473,000","-21,844,000","-17,180,000","-16,873,000","-14,577,000","-30,192,000","-24,915,000","-28,370,000","-35,953,000","-36,428,000","-33,161,000","-37,169,000","-38,216,000","-37,235,000","-32,354,000","-31,670,000","-28,343,000","-29,366,000","-24,338,000","-22,376,000","-19,008,000","-19,321,000","-15,451,000","-13,860,000","-18,932,000","-14,067,000","-14,129,000","-11,974,000","-11,738,000","-18,148,000","-16,737,000","-14,788,000","-15,129,000","-19,378,000","-17,676,000","-16,249,000","-12,751,000","-63,567,000","-7,628,000","-15,246,000","-15,326,000","-4,354,000","186,756,000","-43,261,000","-21,535,000","4,775,000","6,819,000","-21,895,000","7,317,000",,,"-1,059,000",,,,,,,,,,,,,,,,,,,,,,,,,,,,,,,,,,,,,,,,,,,,,,,,,,,,,,,,,,,,,,,,,,,,,,,,,,,,,,,,,,,,,,,,,,,,,,,
		GainOnSaleOfBusiness,,,,,,,,,,,,,,,,,,,,,,,,,,,,,,"0",,,,,,,,,,,,,,,,,,,,,,,,,,,,,,,,,,,,,,,,,,,,,,,,,,,,,,,,,,,,,,,,,,,,,,,,,,,,,,,,,,,,,,,,,,,,,,,,,,,,,,,,,,,,,,,,,,,,,
		GainOnSaleOfPPE,,,,,,,,,,,,,,,"0",,"0","0","0","0","16,270,000",,,,,"154,037,000",,,,,,,,,,,,,,,,,,,,,,,,,,,,,,,,,,,,,,,,,,,,,,,,,,,,,,,,,,,,,,,,,,,,,,,,,,,,,,,,,,,,,,,,,,,,,,,,,,,,,,,,,,,,,,,,,,,,,,,,,
	OtherNonOperatingIncomeExpenses,"-201,778,000","-61,207,000","-16,797,000","-62,844,000","-60,929,000","-81,488,000","-58,914,000","-93,620,000","23,389,000","-91,925,000","-50,086,000","-45,870,000","-64,658,000","-6,315,000","-43,591,000","-48,491,000","-31,356,000","-9,529,000","-1,801,000","-6,872,000","5,501,000","-15,915,000","-6,740,000","-8,377,000","-10,587,000","-61,228,000","-10,005,000","-15,743,000","-9,020,000","-8,990,000","-6,644,000","-14,675,000","-11,704,000","-22,770,000","-10,214,000","-13,157,000","-13,623,000",,,,,,,,,,,,,,,,,,,,,,,,,,,,,,,,,,,,,,,,,,,,,,,,,,,,,,,,,,,,,,,,,,,,,,,,,,,,,,,,,,,,,,,,,,,,,,,,,,,,,,,,,,,,,,
PretaxIncome,"1,310,093,000","230,952,000","693,865,000","-19,810,000","405,087,000","103,676,000","675,143,000","454,228,000","52,100,000","146,350,000","398,660,000","241,991,000","301,417,000","-579,211,000","256,812,000","-31,736,000","179,863,000","154,414,000","643,439,000","76,256,000","93,814,000","-2,731,676,000","651,110,000","323,617,000","375,187,000","-420,666,000","-1,085,898,000","253,503,000","453,400,000","207,130,000","396,681,000","323,024,000","623,019,000","163,131,000","268,735,000","241,168,000","283,518,000","222,565,000","575,173,000","248,382,000","-146,902,000","250,217,000","513,938,000","471,551,000","417,928,000","314,318,000","682,537,000","524,190,000","366,499,000","417,379,000","740,581,000","322,452,000","403,379,000","249,285,000","638,528,000","458,941,000","501,752,000","224,953,000","691,999,000","374,053,000","356,748,000","254,866,000","599,181,000","399,358,000","322,735,000","240,406,000","574,645,000","449,179,000","273,655,000","79,914,000","462,823,000","437,206,000","319,013,000","-36,771,000","592,466,000","337,350,000","410,419,000","24,295,000","595,478,000","396,119,000","-98,881,000","-762,000","502,754,000","411,425,000","269,300,000","88,348,000","514,616,000","395,636,000","191,235,000","30,500,000","507,000,000","296,200,000","118,000,000","320,900,000","340,400,000","282,600,000","108,400,000","120,600,000","210,700,000","247,400,000","193,400,000","91,500,000","473,200,000","315,700,000","-39,400,000","12,500,000","441,300,000","273,500,000","93,400,000","-153,000,000","276,900,000","237,200,000","112,500,000","52,200,000","384,600,000","207,500,000","98,700,000",,,,,,,,,,,,,,,,,,,,,,,,,,,,,,
TaxProvision,"191,374,000","-14,434,000","158,282,000","-18,416,000","65,942,000","-288,872,000","149,444,000","89,115,000","-71,194,000","-243,255,000","29,201,000","1,458,000","42,771,000","-516,889,000","-283,006,000","-280,596,000","43,663,000","630,125,000","241,795,000","-337,112,000","7,763,000","-966,138,000","257,906,000","-248,973,000","139,945,000","-525,515,000","-367,665,000","99,781,000","150,471,000","82,123,000","161,765,000","128,743,000","216,966,000","11,779,000","24,553,000","73,113,000","116,536,000","-79,285,000","232,503,000","-122,201,000","-162,000","90,191,000","-119,131,000","150,953,000","164,250,000","81,012,000","184,636,000","203,907,000","147,685,000","98,639,000","280,414,000","90,641,000","163,046,000","58,742,000","168,239,000","183,012,000","193,003,000","31,060,000","230,840,000","106,451,000","144,553,000","-1,126,000","202,437,000","122,901,000","118,830,000","99,169,000","218,257,000","156,390,000","95,035,000","-81,060,000","174,776,000","166,195,000","105,997,000","-8,994,000","220,816,000","125,833,000","152,418,000","-57,376,000","228,678,000","148,534,000","-25,898,000","-3,880,000","185,300,000","165,842,000","108,429,000","38,305,000","207,927,000","149,863,000","82,825,000","14,300,000","210,800,000","86,400,000","45,100,000","73,900,000","77,800,000","66,600,000","48,400,000","198,100,000","117,400,000","88,800,000","67,000,000","52,600,000","193,400,000","127,400,000","47,700,000","10,000,000","178,200,000","110,800,000","37,100,000","-136,500,000","133,700,000","92,900,000","41,800,000","15,700,000","151,200,000","76,600,000","41,400,000",,,,,,,,,,,,,,,,,,,,,,,,,,,,,,
NetIncomeCommonStockholders,"1,118,492,000","258,898,000","531,003,000","-5,974,000","334,565,000","387,968,000","521,119,000","360,533,000","118,714,000","385,025,000","365,240,000","236,424,000","254,537,000","-65,899,000","536,379,000","245,421,000","132,761,000","-479,114,000","398,198,000","409,922,000","82,605,000","-1,769,067,000","388,170,000","567,314,000","229,966,000","99,573,000","-723,027,000","148,843,000","298,050,000","120,127,000","230,037,000","189,383,000","401,174,000","146,929,000","239,850,000","163,723,000","161,400,000","296,268,000","337,088,000","365,001,000","-151,683,000","154,139,000","628,054,000","315,583,000","248,663,000","228,291,000","492,886,000","315,266,000","213,799,000","313,775,000","455,169,000","226,813,000","235,335,000","185,545,000","465,291,000","270,954,000","303,751,000","187,572,000","454,784,000","261,414,000","206,215,000","240,505,000","388,883,000","281,802,000","193,628,000","90,233,000","349,952,000","286,150,000","171,996,000","154,937,000","282,244,000","265,182,000","207,161,000","-39,480,000","365,774,000","205,641,000","395,007,000","75,755,000","360,876,000","241,653,000","-78,923,000","20,652,000","312,484,000","238,906,000","154,155,000","43,308,000","299,934,000","237,192,000","98,860,000","4,200,000","286,300,000","199,800,000","62,200,000","235,500,000","251,000,000","204,300,000","48,200,000","-89,300,000","80,900,000","146,300,000","109,700,000","24,100,000","260,500,000","169,900,000","-105,200,000","-16,100,000","242,600,000","143,600,000","36,400,000","-36,500,000","122,900,000","123,900,000","49,800,000","22,900,000","219,400,000","116,500,000","136,500,000","55,600,000","204,600,000","82,100,000","95,300,000","111,300,000","203,400,000","81,900,000","85,500,000","70,600,000","209,600,000","109,400,000","88,700,000","-60,800,000","-679,300,000",,,,,,,,,,,,,,,,
	NetIncome,"1,118,719,000","245,386,000","535,583,000","-1,394,000","339,145,000","392,548,000","525,699,000","365,113,000","123,294,000","389,605,000","369,459,000","240,533,000","258,646,000","-62,322,000","539,818,000","248,860,000","136,200,000","-475,711,000","401,644,000","413,368,000","86,051,000","-1,765,538,000","393,204,000","572,590,000","235,242,000","104,849,000","-718,233,000","153,722,000","302,929,000","125,007,000","234,916,000","194,281,000","406,053,000","151,352,000","244,182,000","168,055,000","166,982,000","301,850,000","342,670,000","370,583,000","-146,740,000","160,026,000","633,069,000","320,598,000","253,678,000","233,306,000","497,901,000","320,283,000","218,814,000","318,740,000","460,167,000","231,811,000","240,333,000","190,543,000","470,289,000","275,929,000","308,749,000","193,893,000","461,159,000","267,602,000","212,195,000","245,666,000","395,694,000","289,576,000","201,666,000","96,443,000","356,388,000","292,789,000","178,620,000","160,974,000","288,047,000","271,011,000","213,016,000","-33,625,000","371,650,000","211,517,000","400,923,000","81,671,000","366,800,000","247,585,000","-72,983,000","26,600,000","317,454,000","245,583,000","160,871,000","50,043,000","306,689,000","245,773,000","108,410,000","16,200,000","296,200,000","209,800,000","72,900,000","247,000,000","262,600,000","216,000,000","60,000,000","-77,500,000","93,300,000","158,600,000","126,400,000","38,900,000","279,800,000","188,300,000","-87,100,000","2,500,000","263,100,000","162,700,000","56,300,000","-16,500,000","143,200,000","144,300,000","70,700,000","36,500,000","233,400,000","130,900,000","151,100,000","55,600,000","204,600,000","82,100,000","95,300,000","111,300,000","203,400,000","81,900,000","85,500,000","70,600,000","209,600,000","109,400,000","88,700,000","15,100,000","-679,300,000",,,,,,,,,,,,,,,,
		NetIncomeIncludingNoncontrollingInterests,"1,118,719,000","245,386,000","535,583,000","-1,394,000","339,145,000","392,548,000","525,699,000","365,113,000","123,294,000","389,605,000","369,459,000","240,533,000","258,646,000","-62,322,000","539,818,000","248,860,000","136,200,000","-475,711,000","401,644,000","413,368,000","86,051,000","-1,765,538,000","393,204,000","572,590,000","235,242,000","104,849,000","-718,233,000","153,722,000","302,929,000","125,007,000","234,916,000","194,281,000","406,053,000","151,352,000","244,182,000","168,055,000","166,982,000","301,850,000","342,670,000","370,583,000","-146,740,000","160,026,000","633,069,000","320,598,000","253,678,000","233,306,000","497,901,000","320,283,000","218,814,000","318,740,000","460,167,000","231,811,000","240,333,000","190,543,000","470,289,000","275,929,000","308,749,000","193,893,000","461,159,000","267,602,000","212,195,000","245,666,000","395,694,000","289,576,000","201,666,000","96,443,000","356,388,000","292,789,000","178,620,000","160,974,000","288,047,000","271,011,000","213,016,000","-33,625,000","371,650,000","211,517,000","405,632,000","67,543,000","371,509,000","247,585,000","-72,983,000","12,472,000","322,163,000","245,583,000","160,871,000","35,915,000","311,398,000","245,773,000","108,410,000","16,200,000","296,200,000","209,800,000","72,900,000","247,000,000","262,600,000","216,000,000","60,000,000","-77,500,000","93,300,000","158,600,000","126,400,000","38,900,000","279,800,000","188,300,000","-87,100,000","2,500,000","263,100,000","162,700,000","56,300,000","-16,500,000","143,200,000","144,300,000","70,700,000","36,500,000","233,400,000","130,900,000","151,100,000","55,600,000","204,600,000","82,100,000","95,300,000","111,300,000","203,400,000","81,900,000","85,500,000","70,600,000","209,600,000","109,400,000","88,700,000","15,100,000","-679,300,000","-118,100,000","-118,100,000","58,300,000","171,800,000","88,800,000","92,200,000","-22,300,000","185,500,000","93,600,000","99,800,000","61,800,000","171,500,000","103,400,000","114,600,000","100,200,000","100,300,000"
			NetIncomeContinuousOperations,"1,118,719,000","245,386,000","535,583,000","-1,394,000","339,145,000","392,548,000","525,699,000","365,113,000","123,294,000","389,605,000","369,459,000","240,533,000","258,646,000","-62,322,000","539,818,000","248,860,000","136,200,000","-475,711,000","401,644,000","413,368,000","86,051,000","-1,765,538,000","393,204,000","572,590,000","235,242,000","104,849,000","-718,233,000","153,722,000","302,929,000","125,007,000","234,916,000","194,281,000","406,053,000","151,352,000","244,182,000","168,055,000","166,982,000","301,850,000","342,670,000","370,583,000","-146,740,000","160,026,000","633,069,000","320,598,000","253,678,000","233,306,000","497,901,000","320,283,000","218,814,000","318,740,000","460,167,000","231,811,000","240,333,000","190,543,000","470,289,000","275,929,000","308,749,000","193,893,000","461,159,000","267,602,000","212,195,000","255,992,000","396,744,000","276,457,000","203,905,000","141,237,000","356,388,000","292,789,000","178,620,000","160,974,000","288,047,000","271,011,000","213,016,000","-27,777,000","371,650,000","211,517,000","258,001,000","81,671,000","366,800,000","247,585,000","-72,983,000","3,118,000","317,454,000","245,583,000","160,871,000","50,043,000","306,689,000","245,773,000","108,410,000","16,200,000","296,200,000","209,800,000","72,900,000","247,000,000","262,600,000","216,000,000","60,000,000","-77,500,000","93,300,000","158,600,000","126,400,000","38,900,000","279,800,000","188,300,000","-87,100,000","2,500,000","263,100,000","162,700,000","56,300,000","-16,500,000","143,200,000","144,300,000","70,700,000","36,500,000","233,400,000","130,900,000","57,300,000","55,600,000","204,600,000","82,100,000","95,300,000","111,300,000","203,400,000","81,900,000","85,500,000","70,600,000","209,600,000","109,400,000","88,700,000","15,100,000","-679,300,000","-118,100,000","-118,100,000","58,300,000","171,800,000","88,800,000","92,200,000","-22,300,000","185,500,000","93,600,000","99,800,000","61,800,000","171,500,000","103,400,000","114,600,000","100,200,000","100,300,000"
			NetIncomeDiscontinuousOperations,,,,,,,,,,,,,,,,,,,,,,,,,,,,,,,,,,,,,,,,,,,,,,,,,,,,,,,,,,,,,,"-10,326,000","-1,050,000","13,119,000","-2,239,000",,,,,,,,,,,,,,,,,,,,,,,,,,,,,,,,,,,,,,,,,,,,,,,,,,,,,,,,,,,,,,,,,,,,,,,,,,,,,,,,,,
			NetIncomeExtraordinary,,,,,,,,,,,,,,,,,,,,,,,,,,,,,,,,,,,,,,,,,,,,,,,,,,,,,,,,,,,,,,,,,,,,,,,,,,"-5,848,000",,,"142,922,000",,,,,,,,,,,,,,,,,,,,,,,,,,,,,,,,,,,,,"0",,,"93,800,000",,,,,,,,,,,,,,,,,,,,,,,,,,,,,,
		MinorityInterests,,,,,,,,,,,,,,,,,,,,,,,,,,,,,,,,,,,,,,,,,,,,,,,,,,,,,,,,,,,,,,,,,,,,,,,,,,,,,"-4,709,000",,"-4,709,000",,,,"-4,709,000",,,,"-4,709,000",,,,,,,,,,,,,,,,,,,,,,,,,,,,,,,,,,,,,,,,,,,,,,,,,,,,,,,,,,,,
	PreferredStockDividends,"227,000","-13,512,000","4,580,000","4,580,000","4,580,000","4,580,000","4,580,000","4,580,000","4,580,000","4,580,000","4,219,000","4,109,000","4,109,000","3,577,000","3,439,000","3,439,000","3,439,000","3,403,000","3,446,000","3,446,000","3,446,000","3,529,000","5,034,000","5,276,000","5,276,000","5,276,000","4,794,000","4,879,000","4,879,000","4,880,000","4,879,000","4,898,000","4,879,000","4,423,000","4,332,000","4,332,000","5,582,000","5,582,000","5,582,000","5,582,000","4,943,000","5,887,000","5,015,000","5,015,000","5,015,000","5,015,000","5,015,000","5,017,000","5,015,000","4,965,000","4,998,000","4,998,000","4,998,000","4,998,000","4,998,000","4,975,000","4,998,000","6,321,000","6,375,000","6,188,000","5,980,000","5,161,000","6,811,000","7,774,000","8,038,000","6,210,000","6,436,000","6,639,000","6,624,000","6,037,000","5,803,000","5,829,000","5,855,000","5,855,000","5,876,000","5,876,000","5,916,000","5,916,000","5,924,000","5,932,000","5,940,000","5,948,000","4,970,000","6,677,000","6,716,000","6,735,000","6,755,000","8,581,000","9,550,000","12,000,000","9,900,000","10,000,000","10,700,000","11,500,000","11,600,000","11,700,000","11,800,000","11,800,000","12,400,000","12,300,000","16,700,000","14,800,000","19,300,000","18,400,000","18,100,000","18,600,000","20,500,000","19,100,000","19,900,000","20,000,000","20,300,000","20,400,000","20,900,000","13,600,000","14,000,000","14,400,000","14,600,000",,,,,,,,,,,,,,,,,,,,,,,,,,,,,,
DilutedNIAvailtoComStockholders,"1,118,492,000","258,898,000","531,003,000","-5,974,000","334,565,000","387,968,000","521,119,000","360,533,000","118,714,000","385,025,000","365,240,000","236,424,000","254,537,000","-65,899,000","536,379,000","245,421,000","132,761,000","-479,114,000","398,198,000","409,922,000","82,605,000","-1,769,067,000","388,170,000","567,314,000","229,966,000","99,573,000","-723,027,000","148,843,000","298,050,000","120,127,000","230,037,000","189,383,000","401,174,000","146,929,000","239,850,000","163,723,000","161,400,000","296,268,000","337,088,000","365,001,000","-151,683,000","154,139,000","628,054,000","315,583,000","248,663,000","228,291,000","492,886,000","315,266,000","213,799,000","313,775,000","455,169,000","226,813,000","235,335,000","185,545,000","465,291,000","270,954,000","303,751,000","187,572,000","454,784,000","261,414,000","206,215,000","240,505,000","388,883,000","281,802,000","193,628,000","90,233,000","349,952,000","286,150,000","171,996,000","154,937,000","282,244,000","265,182,000","207,161,000","-39,480,000","365,774,000","205,641,000","395,007,000","75,755,000","360,876,000","241,653,000","-78,923,000","20,652,000","312,484,000","238,906,000","154,155,000","43,308,000","299,934,000","237,192,000","98,860,000","4,200,000","286,300,000","199,800,000","62,200,000","235,500,000","251,000,000","204,300,000","48,200,000","-89,300,000","80,900,000","146,300,000","109,700,000","24,100,000","260,500,000","169,900,000","-105,200,000","-16,100,000","242,600,000","143,600,000","36,400,000","-36,500,000","122,900,000","123,900,000","49,800,000","22,900,000","219,400,000","116,500,000","136,500,000","55,600,000","204,600,000","82,100,000","95,300,000","111,300,000","203,400,000","81,900,000","85,500,000","70,600,000","209,600,000","109,400,000","88,700,000","-60,800,000","-679,300,000",,,,,,,,,,,,,,,,
BasicEPS,,"1.28","2.64","-0.03","1.67","1.94","2.6","1.8","0.59","1.93","1.84","1.22","1.34","-0.36","2.96","1.36","0.73","-2.66","2.22","2.28","0.46","-9.88","2.17","3.17","1.29","0.56","-4.04","0.83","1.66","0.67","1.28","1.06","2.24","0.82","1.35","0.92","0.91",,"1.9","2.06","-0.86","0.87","3.55","1.77","1.39",,"2.65","1.67","1.13",,"2.35","1.16","1.22",,"2.47","1.42","1.6",,"2.37","1.36","1.06",,"1.87","1.35","0.93",,"1.68","1.36","0.8",,"1.24","1.16","0.9",,"1.6","0.91","1.77",,"1.61","1.08","-0.36",,"1.41","1.08","0.7",,"1.35","1.04","0.42",,"1.16","0.81","0.25",,"1.02","0.83","0.2",,"0.33","0.61","0.47",,"1.22","0.83","-0.38",,"1.16","0.71","0.25",,"0.63","0.63","0.31",,"1.34","0.75","0.86",,"1.16","0.46","0.54",,"1.12","0.45","0.46",,"1.07","0.55","0.44",,"-3.32","-0.58","-0.57",,"0.84","0.43","0.45",,"0.9","0.46","0.49",,"0.84","0.51","0.56",,"2.07"
DilutedEPS,,"1.28","2.63","-0.03","1.66","1.93","2.59","1.79","0.59","1.92","1.82","1.22","1.32","-0.36","2.92","1.34","0.73","-2.66","2.21","2.27","0.46","-9.88","2.16","3.16","1.28","0.56","-4.04","0.83","1.65","0.66","1.27","1.05","2.24","0.82","1.34","0.92","0.9",,"1.89","2.06","-0.86","0.87","3.53","1.76","1.38",,"2.62","1.65","1.12",,"2.32","1.14","1.2",,"2.41","1.37","1.56",,"2.3","1.32","1.03",,"1.83","1.33","0.92",,"1.65","1.33","0.79",,"1.22","1.14","0.88",,"1.57","0.89","1.73",,"1.59","1.06","-0.36",,"1.39","1.06","0.69",,"1.34","1.04","0.418",,"1.16","0.81","0.25",,"1.02","0.83","0.2",,"0.33","0.61","0.47",,"1.22","0.83","-0.38",,"1.16","0.71","0.25",,"0.63","0.63","0.31",,"1.34","0.75","0.86",,"1.16","0.46","0.54",,"1.12","0.45","0.46",,"1.07","0.55","0.44",,"-3.32","-0.58","-0.57",,"0.84","0.43","0.45",,"0.9","0.46","0.49",,"0.84","0.51","0.56",,"2.07"
BasicAverageShares,,"201,491,204","200,963,049","200,775,395","200,525,549","200,237,064","200,220,018","200,178,010","199,790,016","199,110,740","198,932,387","193,019,269","189,575,187","183,083,673","181,002,303","180,823,203","180,707,575","180,303,505","179,563,819","179,475,346","179,335,063","179,128,425","179,023,351","178,808,149","178,578,536","178,387,574","179,151,832","179,521,276","179,658,981","180,245,555","179,610,067","179,354,103","178,797,829","178,332,416","178,283,721","178,196,525","178,027,961","177,807,549","177,517,846","177,166,519","176,865,363","176,161,769","176,950,469","177,808,890","178,834,342",,"185,962,431","188,776,240","189,202,684",,"193,424,904","196,105,002","192,593,601",,"190,379,009","191,326,928","192,639,605",,"194,864,359","196,979,140","200,549,935",,"208,382,863","207,982,485","207,732,341",,"207,906,762","211,134,467","214,128,023",,"226,882,474","228,714,654","230,264,638",,"228,105,505","226,609,159","223,673,332",,"223,714,449","224,330,654","221,943,451",,"221,675,578","221,113,598","219,917,139",,"222,159,091","228,069,231","236,608,445",,"246,810,345","246,666,667","248,800,000",,"246,078,431","246,144,578","241,000,000",,"245,151,515","239,836,066","233,404,255",,"213,524,590","204,698,795","276,842,105",,"209,137,931","202,253,521","227,746,000",,"195,079,365","196,666,667","230,218,000",,"163,731,343","155,333,333","158,720,930",,"176,379,310","178,478,261","176,481,481",,"181,607,143","182,000,000","185,869,565",,"195,887,850","198,909,091","201,590,909",,"204,608,434","203,992,000","203,992,000",,"204,581,000","204,581,000","204,581,000",,"204,581,000","204,581,000","204,581,000",,"204,581,000","204,581,000","204,561,000",,"201,869,000"
DilutedAverageShares,,"202,798,269","202,003,329","200,775,395","201,059,665","201,443,736","201,115,768","200,886,749","200,901,349","200,909,656","200,492,935","194,238,315","192,234,191","183,083,673","183,664,583","182,982,630","181,431,968","180,303,505","180,464,069","180,234,694","179,842,053","179,128,425","179,990,888","179,503,582","178,976,380","179,069,948","179,151,832","180,119,837","180,480,523","181,603,441","180,527,116","180,045,432","179,055,967","178,751,436","178,652,210","178,614,383","178,413,287","177,807,549","177,975,075","177,565,351","177,388,045","177,082,570","177,723,020","178,925,180","180,083,830",,"187,777,172","190,717,958","191,283,703",,"195,875,241","198,243,169","198,058,002",,"194,960,830","197,864,459","198,300,041",,"200,532,942","203,423,646","206,133,440",,"212,404,770","211,557,985","211,374,512",,"212,335,619","215,568,534","218,633,202",,"231,127,583","232,775,049","234,978,625",,"232,515,434","231,579,242","228,230,756",,"227,054,321","228,847,752","221,943,451",,"224,830,056","225,706,421","223,785,716",,"224,352,165","228,069,231","236,671,604",,"246,810,345","246,666,667","248,800,000",,"246,078,431","246,144,578","241,000,000",,"245,151,515","239,836,066","233,404,255",,"213,524,590","204,698,795","276,842,105",,"209,137,931","202,253,521","227,746,000",,"195,079,365","196,666,667","230,218,000",,"163,731,343","155,333,333","158,720,930",,"176,379,310","178,478,261","176,481,481",,"181,607,143","182,000,000","185,869,565",,"195,887,850","198,909,091","201,590,909",,"204,608,434","203,992,000","203,992,000",,"204,581,000","204,581,000","204,581,000",,"204,581,000","204,581,000","204,581,000",,"204,581,000","204,581,000","204,561,000",,"201,869,000"
TotalOperatingIncomeAsReported,"1,845,626,000","341,549,000","827,870,000","168,208,000","507,997,000","152,111,000","778,016,000","439,311,000","399,756,000","248,540,000","519,929,000","338,775,000","283,254,000","-228,932,000","271,035,000","91,597,000","335,664,000","211,901,000","729,469,000","143,509,000","174,803,000","-2,599,001,000","772,060,000","442,258,000","498,218,000","-254,301,000","-965,016,000","377,383,000","542,769,000","319,673,000","492,859,000","454,477,000","739,877,000","225,547,000","388,894,000","346,512,000","394,045,000","324,202,000","690,852,000","342,984,000","-56,857,000","342,695,000","600,909,000","558,738,000","510,891,000","393,780,000","770,642,000","626,241,000","476,714,000","503,201,000","800,304,000","474,496,000","506,527,000","356,733,000","752,092,000","649,164,000","606,233,000","329,402,000","810,332,000","478,040,000","431,020,000","280,725,000","622,845,000","428,364,000","350,745,000","277,436,000","643,837,000","529,610,000","304,914,000","118,336,000","571,472,000","494,312,000","378,834,000","40,568,000","619,005,000","495,937,000","571,426,000","-68,325,000","663,689,000","496,154,000","-45,675,000","148,819,000","606,503,000","457,050,000","386,031,000","231,600,000","593,837,000","433,538,000","286,604,000","72,500,000","601,900,000","374,100,000","203,500,000","487,200,000","522,200,000","472,700,000","285,400,000","612,600,000","438,600,000","434,000,000","372,100,000","431,100,000","599,600,000","500,100,000","147,800,000","226,200,000","626,000,000","445,700,000","271,100,000","30,300,000","467,300,000","415,700,000","287,600,000","178,300,000","510,000,000","331,500,000","223,300,000",,,,,,,,,,,,,,,,,,,,,,,,,,,,,,
TotalExpenses,"9,633,645,000","2,462,508,000","2,525,801,000","2,311,770,000","2,333,568,000","2,207,700,000","2,121,091,000","1,966,702,000","2,022,328,000","2,212,222,000","2,422,560,000","2,311,015,000","2,252,351,000","2,741,414,000","2,833,284,000","2,577,173,000","2,388,217,000","2,411,944,000","2,514,159,000","2,475,041,000","2,429,925,000","5,247,528,000","2,352,643,000","2,020,304,000","2,111,634,000","2,916,861,000","4,336,422,000","2,335,848,000","2,377,321,000","2,511,645,000","2,965,251,000","2,542,173,000","2,468,966,000","2,509,928,000","2,963,065,000","2,391,696,000","2,214,829,000","2,467,581,000","2,272,708,000","2,175,616,000","2,084,610,000","2,144,716,000","2,590,796,000","2,238,940,000","2,035,428,000","2,154,131,000","2,563,348,000","2,247,431,000","2,254,541,000","2,017,180,000","2,136,791,000","2,046,293,000","2,282,585,000","2,644,135,000","3,211,792,000","2,615,107,000","2,258,501,000","2,402,498,000","2,478,755,000","2,291,312,000","2,169,210,000","2,200,179,000","2,631,874,000","2,200,138,000","2,217,286,000","1,879,204,000","2,485,894,000","2,179,909,000","2,018,500,000","2,305,160,000","2,392,109,000","1,990,785,000","1,872,715,000","2,062,592,000","2,081,120,000","1,857,972,000","1,466,297,000","1,947,071,000","1,805,186,000","1,600,427,000","1,906,509,000","1,748,642,000","1,969,233,000","2,038,226,000","2,266,396,000","2,403,713,000","2,837,718,000","1,704,250,000","1,524,888,000","1,680,000,000","2,462,600,000","1,942,300,000","1,436,400,000","1,598,300,000","4,065,200,000","2,036,100,000","2,027,700,000","1,927,600,000","2,359,000,000","1,744,100,000","1,673,500,000","1,142,600,000","1,538,600,000","1,352,400,000","1,451,200,000","1,192,600,000","1,311,400,000","1,126,400,000","1,075,000,000","1,135,100,000","1,338,100,000","1,170,700,000","1,118,500,000","899,500,000","900,900,000","738,600,000","703,100,000",,,,,,,,,,,,,,,,,,,,,,,,,,,,,,
NetIncomeFromContinuingAndDiscontinuedOperation,"1,118,719,000","245,386,000","535,583,000","-1,394,000","339,145,000","392,548,000","525,699,000","365,113,000","123,294,000","389,605,000","369,459,000","240,533,000","258,646,000","-62,322,000","539,818,000","248,860,000","136,200,000","-475,711,000","401,644,000","413,368,000","86,051,000","-1,765,538,000","393,204,000","572,590,000","235,242,000","104,849,000","-718,233,000","153,722,000","302,929,000","125,007,000","234,916,000","194,281,000","406,053,000","151,352,000","244,182,000","168,055,000","166,982,000","301,850,000","342,670,000","370,583,000","-146,740,000","160,026,000","633,069,000","320,598,000","253,678,000","233,306,000","497,901,000","320,283,000","218,814,000","318,740,000","460,167,000","231,811,000","240,333,000","190,543,000","470,289,000","275,929,000","308,749,000","193,893,000","461,159,000","267,602,000","212,195,000","245,666,000","395,694,000","289,576,000","201,666,000","96,443,000","356,388,000","292,789,000","178,620,000","160,974,000","288,047,000","271,011,000","213,016,000","-27,777,000","371,650,000","211,517,000","258,001,000","81,671,000","366,800,000","247,585,000","-72,983,000","3,118,000","317,454,000","245,583,000","160,871,000","50,043,000","306,689,000","245,773,000","108,410,000","16,200,000","296,200,000","209,800,000","72,900,000","247,000,000","262,600,000","216,000,000","60,000,000","-77,500,000","93,300,000","158,600,000","126,400,000","38,900,000","279,800,000","188,300,000","-87,100,000","2,500,000","263,100,000","162,700,000","56,300,000","-16,500,000","143,200,000","144,300,000","70,700,000","36,500,000","233,400,000","130,900,000","57,300,000","55,600,000","204,600,000","82,100,000","95,300,000","111,300,000","203,400,000","81,900,000","85,500,000","70,600,000","209,600,000","109,400,000","88,700,000","15,100,000","-679,300,000",,,,,,,,,,,,,,,,
NormalizedIncome,"1,283,670,808","169,871,150","522,214,748.284","236,015,870","329,681,119.204","378,020,270","509,772,526.133","347,754,723.463","100,767,660","364,139,680","522,303,593.325","219,907,500","289,334,238.878","-89,503,550","516,199,580","225,740,900","114,737,461.29","-493,330,600","386,457,088","399,942,400","53,701,074","-1,778,025,556.979","383,871,596","564,274,000","223,371,636","3,986,600","-727,572,269","146,465,756","295,088,016","114,054,327.591","224,036,950","185,393,412","396,188,892","92,950,136.81","228,114,516","156,729,447","158,693,850","29,440,850","338,093,200","360,673,100","193,082,837.81","133,096,515.664","760,773,850","321,828,582.44","245,786,526.641","236,941,594.487","503,025,637.236","307,416,445.098","223,204,200","389,526,139.408","450,989,520.98","280,799,775.954","65,445,600","205,043,636.833","465,384,509.592","323,853,627.608","319,507,021.427","200,216,094.371","464,271,827.748","271,881,594.507","212,589,550","217,356,200","352,182,382.632","235,304,602.204","177,750,243.667","117,859,800","357,803,889.469","298,769,553.577","152,267,096.234","138,443,400","307,191,713.567","250,022,812.626","200,481,954.88","-54,006,930.407","331,928,528.557","266,991,071.712","296,385,044.257","-36,894,400","330,641,608.254","235,934,500.024","-120,706,372.68","-5,828,600","255,496,185.956","168,143,400","127,282,400","54,922,800","274,535,600","186,939,452.79","90,710,600","-55,020,000","280,900,000","159,651,991.897","47,879,237.288","218,982,549.081","248,173,971.798","202,089,171.975","41,040,000","89,540,000","93,840,000","139,880,840.744","115,027,921.406","140,120,000","247,940,000","191,060,000","-82,720,000","33,340,000","278,040,000","168,700,000","63,955,353.319","-7,860,000","157,120,000","152,695,193.929","74,784,888.889","41,045,019.157","233,521,372.855","130,395,325.301","55,980,000","55,600,000","204,600,000","82,100,000","95,300,000","111,300,000","203,400,000","81,900,000","85,500,000","70,600,000","209,600,000","109,400,000","88,700,000","15,100,000","-679,300,000",,,,,,,,,,,,,,,,
InterestIncome,"430,466,000","140,709,000","75,112,000","71,329,000","143,315,000","196,992,000","127,857,000","284,823,000","-216,853,000","141,249,000","82,295,000","96,218,000","228,149,000","-201,222,000","177,081,000","71,134,000","16,870,000","93,219,000","58,332,000","80,097,000","56,549,000","28,465,000","37,534,000","46,375,000","32,753,000","40,169,000","39,054,000","39,705,000","68,133,000","38,646,000","49,547,000","24,245,000","35,248,000","97,023,000","23,430,000","40,541,000","38,306,000","33,009,000","24,490,000","29,285,000","40,992,000","33,228,000","33,238,000","35,921,000","26,747,000","19,191,000","48,908,000","35,792,000","48,209,000",,"64,730,000","58,892,000","30,650,000",,,,,,,,,,,,,,,,,,,,,,,,,,,,,,,,,,,,,,,,,,,,,,,,,,,,,,,,,,,,,,,,,,,,,,,,,,,,,,,,,,,,,,,,,,,,,,
InterestExpense,"834,694,000","211,943,000","209,500,000","213,376,000","199,873,000","194,131,000","196,731,000","204,656,000","406,998,000","187,942,000","186,639,000","184,301,000","183,544,000","179,977,000","180,067,000","177,646,000","169,658,000","170,543,000","166,899,000","162,854,000","162,047,000","164,546,000","167,195,000","170,499,000","164,129,000","159,373,000","164,060,000","159,816,000","160,220,000","160,347,000","155,818,000","155,811,000","155,531,000","156,047,000","151,051,000","148,977,000","147,961,000","144,999,000","147,797,000","139,133,000","146,745,000","169,434,000","127,588,000","126,899,000","127,600,000","154,853,000","126,078,000","148,179,000","179,199,000",,"144,505,000","144,161,000","147,258,000",,,,,,,,,,,,,,,,,,,,,,,,,,,,,,,,,,,,,,,,,,,,,,,,,,,,,,,,,,,,,,,,,,,,,,,,,,,,,,,,,,,,,,,,,,,,,,
NetInterestIncome,"-404,228,000","-71,234,000","-134,388,000","-142,047,000","-56,558,000","2,861,000","-68,874,000","80,167,000","-406,998,000","-46,693,000","-104,344,000","-88,083,000","44,605,000","-381,199,000","-2,986,000","-106,512,000","-152,788,000","-77,324,000","-108,567,000","-82,757,000","-105,498,000","-136,081,000","-129,661,000","-124,124,000","-131,376,000","-119,204,000","-125,006,000","-120,111,000","-92,087,000","-121,701,000","-106,271,000","-131,566,000","-120,283,000","-59,024,000","-127,621,000","-108,436,000","-109,655,000","-111,990,000","-123,307,000","-109,848,000","-105,753,000","-136,206,000","-94,350,000","-90,978,000","-100,853,000","-135,662,000","-77,170,000","-112,387,000","-130,990,000","-77,709,000","-79,775,000","-85,269,000","-116,608,000",,,,,,,,,,,,,,,,,,,,,,,,,,,,,,,,,,,,,,,,,,,,,,,,,,,,,,,,,,,,,,,,,,,,,,,,,,,,,,,,,,,,,,,,,,,,,,
EBIT,"2,144,787,000","442,895,000","903,365,000","193,566,000","604,960,000","297,807,000","871,874,000","658,884,000","459,098,000","334,292,000","585,299,000","426,292,000","484,961,000","-399,234,000","436,879,000","145,910,000","349,521,000","324,957,000","810,338,000","239,110,000","255,861,000","-2,567,130,000","818,305,000","494,116,000","539,316,000","-261,293,000","-921,838,000","413,319,000","613,620,000","367,477,000","552,499,000","478,835,000","778,550,000","319,178,000","419,786,000","390,145,000","431,479,000","367,564,000","722,970,000","387,515,000","-157,000","419,651,000","641,526,000","598,450,000","545,528,000","469,171,000","808,615,000","672,369,000","545,698,000","370,274,000","885,086,000","466,613,000","550,637,000","356,733,000","752,092,000","649,164,000","606,233,000","329,402,000","810,332,000","478,040,000","431,020,000","280,725,000","622,845,000","428,364,000","350,745,000","277,436,000","643,837,000","529,610,000","304,914,000","118,336,000","571,472,000","494,312,000","378,834,000","40,568,000","619,005,000","495,937,000","571,426,000","-68,325,000","663,689,000","496,154,000","-45,675,000","148,819,000","606,503,000","457,050,000","386,031,000","231,600,000","593,837,000","433,538,000","286,604,000","72,500,000","601,900,000","374,100,000","203,500,000","487,200,000","522,200,000","472,700,000","285,400,000","612,600,000","438,600,000","434,000,000","372,100,000","431,100,000","599,600,000","500,100,000","147,800,000","226,200,000","626,000,000","445,700,000","271,100,000","30,300,000","467,300,000","415,700,000","287,600,000","178,300,000","510,000,000","331,500,000","223,300,000","1,004,000,000","1,237,900,000","958,100,000","916,500,000","921,900,000","1,255,100,000","981,400,000","893,000,000","926,200,000","1,227,200,000","939,300,000","889,400,000","883,900,000","1,102,200,000","931,000,000","931,000,000","843,800,000","1,095,300,000","819,700,000","806,600,000","778,500,000","1,075,000,000","831,600,000","769,700,000","796,900,000","1,073,400,000","810,800,000","804,800,000","809,600,000","809,600,000"
EBITDA,"4,387,731,000"
ReconciledCostOfRevenue,"6,312,372,000","1,623,187,000","1,668,737,000","1,555,075,000","1,465,374,000","1,317,853,000","1,320,199,000","1,175,274,000","1,197,433,000","1,403,833,000","1,584,367,000","1,530,929,000","1,478,379,000","1,881,626,000","2,050,707,000","1,675,299,000","1,560,472,000","1,723,429,000","1,720,964,000","1,703,630,000","1,713,127,000","4,393,187,000","1,549,069,000","1,260,572,000","1,391,821,000","2,052,240,000","3,544,438,000","1,564,106,000","1,613,434,000","1,767,192,000","2,189,934,000","1,811,299,000","1,728,262,000","1,737,976,000","2,207,524,000","1,707,510,000","1,526,382,000","4,045,674,000","816,139,000","732,379,000","717,893,000","771,400,000","1,209,762,000","912,115,000","776,770,000","762,308,000","1,135,305,000","959,439,000","941,632,000","754,770,000","958,809,000","854,916,000","1,177,624,000","1,571,177,000","1,986,767,000","1,428,223,000","1,115,147,000","1,119,235,000","1,286,308,000","1,146,399,000","1,149,948,000","1,151,283,000","1,601,427,000","1,244,691,000","1,265,122,000","754,220,000","1,608,489,000","1,177,463,000","1,042,862,000","1,138,443,000","1,410,515,000","1,045,807,000","947,596,000","988,148,000","1,089,555,000","942,377,000","719,241,000","669,039,000","910,674,000","721,421,000","655,341,000","753,982,000","1,251,349,000","1,294,591,000","1,498,048,000","1,527,547,000","1,959,862,000","983,586,000","885,855,000","876,700,000","1,743,500,000","1,184,700,000","796,300,000","1,043,500,000","3,024,300,000","1,157,100,000","1,150,300,000","1,179,200,000","1,184,300,000","822,600,000","836,900,000","521,300,000","717,800,000","608,400,000","548,200,000","415,400,000","591,700,000","439,400,000","387,000,000","404,400,000","517,800,000","483,800,000","456,200,000","350,800,000","390,600,000","276,300,000","250,800,000",,,,,,,,,,,,,,,,,,,,,,,,,,,,,,
ReconciledDepreciation,"2,242,944,000","546,621,000","546,029,000","569,723,000","580,571,000","562,846,000","563,692,000","562,616,000","568,596,000","547,636,000","565,870,000","538,583,000","530,224,000","523,211,000","489,735,000","502,428,000","525,181,000","517,013,000","518,894,000","511,298,000","531,373,000","574,419,000","536,119,000","512,505,000","500,248,000","504,546,000","542,802,000","543,880,000","526,008,000","542,345,000","543,577,000","525,528,000","516,442,000","539,091,000","524,035,000","476,017,000","472,933,000","477,982,000","461,005,000","382,653,000","450,009,000","429,725,000","463,702,000","429,617,000","422,411,000","445,788,000","427,758,000","408,353,000","423,432,000","334,537,000","330,710,000","309,997,000","306,594,000","323,324,000","311,171,000","294,793,000","290,981,000","297,976,000","282,661,000","288,856,000","262,117,000","269,526,000","268,995,000","254,825,000","241,807,000","254,455,000","235,794,000","250,428,000","261,175,000","269,316,000","274,071,000","252,739,000","248,996,000","251,657,000","256,595,000","239,807,000","248,544,000","219,642,000","222,606,000","214,073,000","213,317,000","216,274,000","111,126,000","196,974,000","216,431,000","215,623,000","210,968,000","192,800,000","196,610,000",,,,,,,,,,,,,,,,,,,,,,,,,,,,,,,,,,,,,,,,,,,,,,,,,,,,,,,,,,
NetIncomeFromContinuingOperationNetMinorityInterest,"1,118,719,000","245,386,000","535,583,000","-1,394,000","339,145,000","392,548,000","525,699,000","365,113,000","123,294,000","389,605,000","369,459,000","240,533,000","258,646,000","-62,322,000","539,818,000","248,860,000","136,200,000","-475,711,000","401,644,000","413,368,000","86,051,000","-1,765,538,000","393,204,000","572,590,000","235,242,000","104,849,000","-718,233,000","153,722,000","302,929,000","125,007,000","234,916,000","194,281,000","406,053,000","151,352,000","244,182,000","168,055,000","166,982,000","301,850,000","342,670,000","370,583,000","-146,740,000","160,026,000","633,069,000","320,598,000","253,678,000","233,306,000","497,901,000","320,283,000","218,814,000","318,740,000","460,167,000","231,811,000","240,333,000","190,543,000","470,289,000","275,929,000","308,749,000","193,893,000","461,159,000","267,602,000","212,195,000","255,992,000","396,744,000","276,457,000","203,905,000","141,237,000","356,388,000","292,789,000","178,620,000","160,974,000","288,047,000","271,011,000","213,016,000","-27,777,000","371,650,000","211,517,000","258,001,000","81,671,000","366,800,000","247,585,000","-72,983,000","3,118,000","317,454,000","245,583,000","160,871,000","50,043,000","306,689,000","245,773,000","108,410,000","16,200,000","296,200,000","209,800,000","72,900,000","247,000,000","262,600,000","216,000,000","60,000,000","-77,500,000","93,300,000","158,600,000","126,400,000","38,900,000","279,800,000","188,300,000","-87,100,000","2,500,000","263,100,000","162,700,000","56,300,000","-16,500,000","143,200,000","144,300,000","70,700,000","36,500,000","233,400,000","130,900,000","57,300,000","55,600,000","204,600,000","82,100,000","95,300,000","111,300,000","203,400,000","81,900,000","85,500,000","70,600,000","209,600,000","109,400,000","88,700,000","15,100,000","-679,300,000",,,,,,,,,,,,,,,,
TotalUnusualItemsExcludingGoodwill,"-193,152,000","103,445,000","17,319,000","-325,219,000","11,304,000","19,901,000","20,454,000","21,595,000","30,858,000","34,884,000","-164,925,000","20,750,000","-35,763,000","37,235,000","32,354,000","31,670,000","28,343,000","29,366,000","24,338,000","22,376,000","35,278,000","19,321,000","15,451,000","13,860,000","18,932,000","168,104,000","14,129,000","11,974,000","11,738,000","18,148,000","16,737,000","14,788,000","15,129,000","62,947,000","17,676,000","16,249,000","12,751,000","419,091,000","7,628,000","15,246,000","-340,198,000","42,107,000","-196,469,000","-1,810,000","13,001,000","-4,898,000","-7,025,000","21,058,000","-7,317,000","-92,692,000","14,770,000","-68,144,000","291,479,000","-18,971,000","6,659,000","-79,711,000","-17,483,000","-7,336,000","-4,671,000","-5,982,000","-607,000","64,393,000","67,299,000","59,447,000","41,397,000","38,962,000","-2,283,000","-9,175,000","40,374,000","37,551,000","-30,761,000","33,859,000","18,771,000","34,723,000","63,322,000","-88,476,000","-61,060,000","197,609,000","58,701,000","18,640,000","64,658,000","14,911,000","98,123,000","129,066,000","55,981,000","-8,133,000","53,589,000","94,708,000","29,499,000","118,700,000","25,500,000","70,800,000","40,500,000","36,400,000","18,700,000","18,200,000","31,600,000","-278,400,000","-900,000","29,200,000","17,400,000","-168,700,000","53,100,000","-4,600,000","-7,300,000","-51,400,000","-24,900,000","-10,000,000","-12,700,000","-14,400,000","-23,200,000","-13,800,000","-6,500,000","-6,500,000","-200,000","800,000","2,200,000",,,,,,,,,,,,,,,,,,,,,,,,,,,,,,
TotalUnusualItems,"-193,152,000","103,445,000","17,319,000","-325,219,000","11,304,000","19,901,000","20,454,000","21,595,000","30,858,000","34,884,000","-164,925,000","20,750,000","-35,763,000","37,235,000","32,354,000","31,670,000","28,343,000","29,366,000","24,338,000","22,376,000","35,278,000","19,321,000","15,451,000","13,860,000","18,932,000","168,104,000","14,129,000","11,974,000","11,738,000","18,148,000","16,737,000","14,788,000","15,129,000","62,947,000","17,676,000","16,249,000","12,751,000","419,091,000","7,628,000","15,246,000","-340,198,000","42,107,000","-196,469,000","-1,810,000","13,001,000","-4,898,000","-7,025,000","21,058,000","-7,317,000","-92,692,000","14,770,000","-68,144,000","291,479,000","-18,971,000","6,659,000","-79,711,000","-17,483,000","-7,336,000","-4,671,000","-5,982,000","-607,000","64,393,000","67,299,000","59,447,000","41,397,000","38,962,000","-2,283,000","-9,175,000","40,374,000","37,551,000","-30,761,000","33,859,000","18,771,000","34,723,000","63,322,000","-88,476,000","-61,060,000","197,609,000","58,701,000","18,640,000","64,658,000","14,911,000","98,123,000","129,066,000","55,981,000","-8,133,000","53,589,000","94,708,000","29,499,000","118,700,000","25,500,000","70,800,000","40,500,000","36,400,000","18,700,000","18,200,000","31,600,000","-278,400,000","-900,000","29,200,000","17,400,000","-168,700,000","53,100,000","-4,600,000","-7,300,000","-51,400,000","-24,900,000","-10,000,000","-12,700,000","-14,400,000","-23,200,000","-13,800,000","-6,500,000","-6,500,000","-200,000","800,000","2,200,000",,,,,,,,,,,,,,,,,,,,,,,,,,,,,,
NormalizedEBITDA,"4,580,883,000","886,071,000","1,432,075,000","1,088,508,000","1,174,227,000","840,752,000","1,415,112,000","1,199,905,000","996,836,000","847,044,000","1,316,094,000","944,125,000","1,050,948,000","86,742,000","894,260,000","616,668,000","846,359,000","812,604,000","1,304,894,000","728,032,000","751,956,000","-2,012,032,000","1,338,973,000","992,761,000","1,020,632,000","75,149,000","-393,165,000","945,225,000","1,127,890,000","891,674,000","1,079,339,000","989,575,000","1,279,863,000","795,322,000","926,145,000","849,913,000","891,661,000","426,455,000","1,176,347,000","754,922,000","790,050,000","807,269,000","1,301,697,000","1,029,877,000","954,938,000","919,857,000","1,243,398,000","1,059,664,000","976,447,000","797,503,000","1,201,026,000","844,754,000","565,752,000","699,028,000","1,056,604,000","1,023,668,000","914,697,000","634,714,000","1,097,664,000","772,878,000","693,744,000","485,858,000","824,541,000","623,742,000","551,155,000","492,929,000","881,914,000","789,213,000","525,715,000","350,101,000","876,304,000","713,192,000","609,059,000","257,502,000","812,278,000","824,220,000","881,030,000","-46,292,000","827,594,000","691,587,000","102,984,000","350,182,000","642,059,000","524,958,000","546,481,000","455,356,000","751,216,000","531,630,000","453,715,000","154,900,000","760,400,000","580,000,000","368,400,000","699,600,000","831,200,000","767,600,000","586,400,000","1,576,700,000","686,200,000","646,100,000","582,700,000","804,100,000","743,400,000","699,800,000","349,700,000","453,200,000","827,000,000","625,300,000","453,300,000","213,400,000","656,900,000","586,000,000","444,600,000","288,200,000","608,500,000","429,300,000","321,900,000","1,004,000,000","1,237,900,000","958,100,000","916,500,000","921,900,000","1,255,100,000","981,400,000","893,000,000","926,200,000","1,227,200,000","939,300,000","889,400,000","883,900,000","1,102,200,000","931,000,000","931,000,000","843,800,000","1,095,300,000","819,700,000","806,600,000","778,500,000","1,075,000,000","831,600,000","769,700,000","796,900,000","1,073,400,000","810,800,000","804,800,000","809,600,000","809,600,000"
TaxRateForCalcs,"0.146","0.27","0.228","0.27","0.163","0.27","0.221","0.196","0.27","0.27","0.073","0.006","0.142","0.27","0.27","0.27","0.243","0.4","0.376","0.4","0.083","0.354","0.396","0.4","0.373","0.4","0.339","0.394","0.332","0.396","0.35","0.399","0.348","0.072","0.091","0.303","0.35","0.35","0.4","0.35","0.001","0.36","0.35","0.32","0.393","0.258","0.271","0.389","0.4","0.236","0.379","0.281","0.4","0.236","0.263","0.399","0.385","0.138","0.334","0.285","0.35","0.4","0.338","0.308","0.368","0.4","0.38","0.348","0.347","0.4","0.378","0.38","0.332","0.245","0.373","0.373","0.371","0.4","0.384","0.375","0.262","0.4","0.369","0.4","0.4","0.4","0.4","0.379","0.4","0.4","0.4","0.292","0.382","0.23","0.229","0.236","0.4","0.4","0.4","0.359","0.346","0.4","0.4","0.4","0.4","0.4","0.4","0.4","0.397","0.4","0.4","0.392","0.372","0.301","0.393","0.369","0.4","0.4","0.4","0.4","0.4","0.4","0.4","0.4","0.4","0.4","0.4","0.4","0.4","0.4","0.4",,,,,,,,,,,,,,,,
TaxEffectOfUnusualItems,"-28,200,192","27,930,150","3,950,748.284","-87,809,130","1,840,119.204","5,373,270","4,527,526.133","4,236,723.463","8,331,660","9,418,680","-12,080,406.675","124,500","-5,074,761.122","10,053,450","8,735,580","8,550,900","6,880,461.29","11,746,400","9,151,088","8,950,400","2,928,074","6,833,443.021","6,118,596","5,544,000","7,061,636","67,241,600","4,789,731","4,717,756","3,897,016","7,195,327.591","5,857,950","5,900,412","5,264,892","4,545,136.81","1,608,516","4,923,447","4,462,850","146,681,850","3,051,200","5,336,100","-375,162.19","15,177,515.664","-68,764,150","-579,417.56","5,109,526.641","-1,262,405.513","-1,900,362.764","8,191,445.098","-2,926,800","-21,905,860.592","5,592,520.98","-19,155,224.046","116,591,600","-4,470,363.167","1,754,509.592","-31,786,372.392","-6,724,978.573","-1,012,905.629","-1,558,172.252","-1,702,405.493","-212,450","25,757,200","22,737,382.632","18,294,602.204","15,242,243.667","15,584,800","-867,110.531","-3,194,446.423","14,021,096.234","15,020,400","-11,616,286.433","12,870,812.626","6,236,954.88","8,493,069.593","23,600,528.557","-33,001,928.288","-22,675,955.743","79,043,600","22,542,608.254","6,989,500.024","16,934,627.32","5,964,400","36,165,185.956","51,626,400","22,392,400","-3,253,200","21,435,600","35,874,452.79","11,799,600","47,480,000","10,200,000","20,651,991.897","15,479,237.288","8,382,549.081","4,273,971.798","4,289,171.975","12,640,000","-111,360,000","-360,000","10,480,840.744","6,027,921.406","-67,480,000","21,240,000","-1,840,000","-2,920,000","-20,560,000","-9,960,000","-4,000,000","-5,044,646.681","-5,760,000","-9,280,000","-5,404,806.071","-2,415,111.111","-1,954,980.843","-78,627.145","295,325.301","880,000","0","0","0","0","0","0","0","0","0","0","0","0","0","0",,,,,,,,,,,,,,,,