name,ttm,12/31/2021,09/30/2021,06/30/2021,03/31/2021,12/31/2020,09/30/2020,06/30/2020,03/31/2020,12/31/2019,09/30/2019,06/30/2019,03/31/2019,12/31/2018,09/30/2018,06/30/2018,03/31/2018,12/31/2017,09/30/2017,06/30/2017,03/31/2017,12/31/2016,09/30/2016,06/30/2016,03/31/2016,12/31/2015,09/30/2015,06/30/2015,03/31/2015,12/31/2014,09/30/2014,06/30/2014,03/31/2014,12/31/2013,09/30/2013,06/30/2013,03/31/2013,12/31/2012,09/30/2012,06/30/2012,03/31/2012,12/31/2011,09/30/2011,06/30/2011,03/31/2011,12/31/2010,09/30/2010,06/30/2010,03/31/2010,12/31/2009,09/30/2009,06/30/2009,03/31/2009,12/31/2008,09/30/2008,06/30/2008,03/31/2008,12/31/2007,09/30/2007,06/30/2007,03/31/2007,12/31/2006,09/30/2006,06/30/2006,03/31/2006,12/31/2005,09/30/2005,06/30/2005,03/31/2005,12/31/2004,09/30/2004,06/30/2004,03/31/2004,12/31/2003,09/30/2003,06/30/2003,03/31/2003,12/31/2002,09/30/2002,06/30/2002,03/31/2002,12/31/2001,09/30/2001,06/30/2001,03/31/2001,12/31/2000,09/30/2000,06/30/2000,03/31/2000
TotalRevenue,"5,232,500,000","1,329,700,000","1,310,200,000","1,376,000,000","1,216,600,000","1,191,700,000","1,140,900,000","925,000,000","1,128,700,000","1,174,100,000","1,094,000,000","1,086,900,000","993,000,000","977,700,000","906,600,000","943,700,000","894,800,000","888,500,000","821,500,000","841,800,000","883,500,000","767,700,000","739,400,000","759,300,000","697,300,000","671,100,000","615,500,000","616,800,000","590,300,000","618,000,000","607,400,000","575,100,000","522,400,000","536,000,000","495,600,000","517,200,000","496,700,000","510,500,000","447,900,000","482,000,000","459,200,000","430,200,000","412,700,000","431,200,000","404,500,000","392,400,000","348,900,000","365,200,000","340,500,000","346,700,000","325,700,000","335,500,000","313,500,000","309,700,000","303,600,000","327,600,000","296,800,000","293,000,000","261,400,000","272,600,000","264,100,000","265,600,000","247,400,000","267,300,000","257,000,000","249,700,000","240,900,000","258,200,000","249,100,000","237,100,000","224,800,000","234,600,000","235,000,000","224,100,000","206,100,000","217,800,000","212,500,000","203,100,000","165,800,000","172,800,000","162,300,000","159,900,000","147,800,000","192,400,000","191,900,000","216,500,000","185,800,000","205,000,000","226,000,000"
	OperatingRevenue,"5,232,500,000","1,329,700,000","1,310,200,000","1,376,000,000","1,216,600,000","1,191,700,000","1,140,900,000","925,000,000","1,128,700,000","1,174,100,000","1,094,000,000","1,086,900,000","993,000,000","977,700,000","906,600,000","943,700,000","894,800,000","888,500,000","821,500,000","841,800,000","883,500,000","767,700,000","739,400,000","759,300,000","697,300,000","671,100,000","615,500,000","616,800,000","590,300,000","618,000,000","607,400,000","575,100,000","522,400,000","536,000,000","495,600,000","517,200,000","496,700,000","510,500,000","447,900,000","482,000,000","459,200,000","430,200,000","412,700,000","431,200,000","404,500,000","392,400,000","348,900,000","365,200,000","340,500,000","346,700,000","325,700,000","335,500,000","313,500,000","309,700,000","303,600,000","327,600,000","296,800,000","293,000,000","261,400,000","272,600,000","264,100,000","265,600,000","247,400,000","267,300,000","257,000,000","249,700,000","240,900,000","258,200,000","249,100,000","237,100,000","224,800,000","234,600,000","235,000,000","224,100,000","206,100,000","217,800,000","212,500,000","203,100,000","165,800,000","172,800,000","162,300,000","159,900,000","147,800,000","192,400,000","191,900,000","216,500,000","185,800,000","205,000,000","226,000,000"
CostOfRevenue,"1,248,900,000","309,500,000","311,700,000","334,300,000","293,400,000","296,300,000","281,000,000","238,200,000","265,100,000","286,200,000","292,400,000","304,000,000","231,800,000","234,700,000","224,900,000","246,200,000","233,600,000","235,300,000","213,300,000","211,100,000","215,600,000","213,200,000","201,400,000","202,500,000","180,300,000","175,900,000","146,700,000","158,600,000","136,000,000","160,400,000","168,100,000","151,200,000","145,900,000","145,500,000","129,700,000","125,000,000","122,200,000","125,800,000","111,700,000","129,800,000","127,300,000","119,600,000","125,600,000","127,800,000","116,800,000","113,500,000","95,800,000","100,400,000","98,600,000","101,700,000","98,500,000","101,900,000","97,000,000","98,800,000","104,900,000","113,000,000","102,900,000","99,600,000","90,700,000","94,700,000","93,200,000","97,400,000","87,400,000","95,700,000","93,000,000","89,600,000","90,900,000","97,900,000","96,200,000","91,200,000","87,900,000","92,400,000","98,700,000","93,800,000","86,900,000","89,600,000","89,100,000","85,700,000","69,900,000","74,400,000","69,100,000","68,200,000","64,400,000","95,200,000","96,200,000","142,600,000","86,600,000","101,000,000","106,000,000"
GrossProfit,"3,983,600,000","1,020,200,000","998,500,000","1,041,700,000","923,200,000","895,400,000","859,900,000","686,800,000","863,600,000","887,900,000","801,600,000","782,900,000","761,200,000","743,000,000","681,700,000","697,500,000","661,200,000","653,200,000","608,200,000","630,700,000","667,900,000","554,500,000","538,000,000","556,800,000","517,000,000","495,200,000","468,800,000","458,200,000","454,300,000","457,600,000","439,300,000","423,900,000","376,500,000","390,500,000","365,900,000","392,200,000","374,500,000","384,700,000","336,200,000","352,200,000","331,900,000","310,600,000","287,100,000","303,400,000","287,700,000","278,900,000","253,100,000","264,800,000","241,900,000","245,000,000","227,200,000","233,600,000","216,500,000","210,900,000","198,700,000","214,600,000","193,900,000","193,400,000","170,700,000","177,900,000","170,900,000","168,200,000","160,000,000","171,600,000","164,000,000","160,100,000","150,000,000","160,300,000","152,900,000","145,900,000","136,900,000","142,200,000","136,300,000","130,300,000","119,200,000","128,200,000","123,400,000","117,400,000","95,900,000","98,400,000","93,200,000","91,700,000","83,400,000","97,200,000","95,700,000","73,900,000","99,200,000","104,000,000","120,000,000"
OperatingExpense,"2,396,800,000","656,800,000","602,400,000","599,800,000","537,800,000","534,200,000","502,700,000","457,000,000","495,200,000","541,100,000","501,700,000","500,400,000","451,700,000","451,200,000","431,300,000","429,000,000","399,200,000","413,300,000","387,500,000","378,200,000","358,300,000","348,500,000","342,700,000","376,200,000","315,100,000","320,500,000","313,000,000","311,400,000","288,900,000","317,300,000","309,800,000","304,600,000","283,000,000","269,100,000","264,600,000","269,900,000","265,000,000","252,800,000","241,600,000","256,400,000","245,800,000","224,100,000","227,200,000","228,100,000","209,300,000","198,300,000","185,700,000","191,200,000","179,200,000","180,600,000","170,800,000","171,100,000","161,800,000","156,000,000","154,400,000","161,900,000","159,200,000","148,000,000","134,100,000","130,800,000","126,300,000","125,100,000","119,800,000","125,900,000","98,000,000","112,900,000","109,900,000","114,300,000","110,300,000","106,100,000","101,600,000","101,700,000","112,900,000","91,200,000","87,300,000","97,100,000","90,400,000","86,400,000","136,800,000","67,300,000","62,300,000","64,700,000","60,100,000","150,500,000","68,700,000","27,900,000","74,900,000","96,000,000","95,000,000"
	SellingGeneralAndAdministration,"1,493,700,000","424,000,000","364,400,000","374,500,000","330,800,000","338,500,000","307,200,000","274,900,000","307,800,000","347,200,000","306,200,000","308,500,000","280,300,000","288,100,000","269,500,000","274,900,000","256,000,000","266,700,000","244,600,000","243,800,000","229,600,000","233,600,000","229,600,000","228,800,000","212,700,000","222,300,000","212,000,000","213,900,000","202,500,000","223,100,000","222,200,000","215,500,000","197,200,000","190,500,000","180,500,000","189,400,000","185,200,000","177,900,000","167,800,000","182,400,000","177,200,000","163,400,000","165,500,000","163,200,000","150,300,000","142,400,000","133,000,000","140,600,000","134,000,000","132,300,000","126,100,000","128,500,000","121,900,000","120,200,000","119,300,000","126,500,000","114,600,000","114,500,000","103,200,000","101,700,000","98,600,000","95,100,000","91,700,000","97,000,000","92,000,000","87,100,000","85,900,000","90,100,000","85,600,000","82,700,000","79,700,000","81,000,000","76,500,000","72,200,000","70,500,000","75,800,000","71,400,000","68,700,000","54,200,000","54,300,000","50,700,000","50,100,000","46,400,000","52,700,000","53,800,000","57,600,000","46,600,000","59,000,000","60,000,000"
	ResearchAndDevelopment,"903,100,000","232,800,000","238,000,000","225,300,000","207,000,000","195,700,000","195,500,000","182,100,000","187,400,000","193,900,000","195,500,000","191,900,000","171,400,000","163,100,000","161,800,000","154,100,000","143,200,000","146,600,000","142,900,000","134,400,000","128,700,000","114,900,000","113,100,000","147,400,000","102,400,000","98,200,000","101,000,000","97,500,000","86,400,000","94,200,000","87,600,000","89,100,000","85,800,000","78,600,000","84,100,000","80,500,000","79,800,000","74,900,000","73,800,000","74,000,000","68,600,000","60,700,000","61,700,000","64,900,000","59,000,000","55,900,000","52,700,000","50,600,000","45,200,000","48,300,000","44,700,000","42,600,000","39,900,000","35,800,000","35,100,000","35,400,000","32,900,000","33,500,000","30,900,000","29,100,000","28,800,000","30,000,000","28,100,000","28,900,000","27,000,000","25,800,000","24,000,000","24,200,000","25,000,000","23,400,000","21,900,000","20,700,000","21,000,000","19,000,000","16,800,000","18,000,000","19,000,000","17,700,000","15,500,000","16,600,000","15,400,000","14,400,000","14,000,000","13,500,000","13,100,000","14,700,000","12,900,000","14,000,000","14,000,000"
	DepreciationAmortizationDepletionIncomeStatement,,,,,,,,,,,,,,,,,,,,,,,,,,,,,,,,,,,,,,,,,,,,,,,,,,,,,,,,,,,,,,,,,,,,,,,,,,,,,,,,,,"4,000,000","3,600,000","5,700,000","5,700,000","-30,400,000","15,400,000","23,000,000","21,000,000"
		DepreciationAndAmortizationInIncomeStatement,,,,,,,,,,,,,,,,,,,,,,,,,,,,,,,,,,,,,,,,,,,,,,,,,,,,,,,,,,,,,,,,,,,,,,,,,,,,,,,,,,"4,000,000","3,600,000","5,700,000","5,700,000","-30,400,000","15,400,000","23,000,000","21,000,000"
			Amortization,,,,,,,,,,,,,,,,,,,,,,,,,,,,,,,,,,,,,,,,,,,,,,,,,,,,,,,,,,,,,,,,,,,,,,,,,,,,,,,,,,"4,000,000","3,600,000","5,700,000","5,700,000",,,,
				AmortizationOfIntangiblesIncomeStatement,,,,,,,,,,,,,,,,,,,,,,,,,,,,,,,,,,,,,,,,,,,,,,,,,,,,,,,,,,,,,,,,,,,,,,,,,,,,,,,,,,"4,000,000","3,600,000","5,700,000","5,700,000",,,,
	OtherOperatingExpenses,,,,,,,,,,,,,,,,,,,,,,,,,,,,,,,,,,,,,,,,,,,,,,,,,,,"-200,000",,,,,,"11,700,000",,,,"-1,100,000",,,,"-21,000,000",,,,"-300,000",,,,"15,400,000",,,"3,300,000",,"0","67,100,000","-3,600,000","-3,800,000","-3,800,000","-3,900,000","78,600,000","-3,900,000",,,,
OperatingIncome,"1,586,800,000","363,400,000","396,100,000","441,900,000","385,400,000","361,200,000","357,200,000","229,800,000","368,400,000","346,800,000","299,900,000","282,500,000","309,500,000","291,800,000","250,400,000","268,500,000","262,000,000","239,900,000","220,700,000","252,500,000","309,600,000","206,000,000","195,300,000","180,600,000","201,900,000","174,700,000","155,800,000","146,800,000","165,400,000","140,300,000","129,500,000","119,300,000","93,500,000","121,400,000","101,300,000","122,300,000","109,500,000","131,900,000","94,600,000","95,800,000","86,100,000","86,500,000","59,900,000","75,300,000","78,400,000","80,600,000","67,400,000","73,600,000","62,700,000","64,400,000","56,400,000","62,500,000","54,700,000","54,900,000","44,300,000","52,700,000","34,700,000","45,400,000","36,600,000","47,100,000","44,600,000","43,100,000","40,200,000","45,700,000","66,000,000","47,200,000","40,100,000","46,000,000","42,600,000","39,800,000","35,300,000","40,500,000","23,400,000","39,100,000","31,900,000","31,100,000","33,000,000","31,000,000","-40,900,000","31,100,000","30,900,000","27,000,000","23,300,000","-53,300,000","27,000,000","46,000,000","24,300,000","8,000,000","25,000,000"
NetNonOperatingInterestIncomeExpense,"-1,000,000","500,000","-800,000","-1,000,000","300,000","500,000","800,000","1,800,000","4,500,000","4,300,000","2,800,000","2,400,000","2,000,000","1,800,000","-500,000",,"800,000","1,000,000","-100,000","-1,400,000","-2,400,000","-1,500,000","-2,100,000","-2,400,000","-2,400,000","-2,600,000","-2,500,000","-1,800,000","-2,400,000","-1,700,000","-2,500,000","-3,100,000","-3,500,000","-4,000,000","-1,000,000","-400,000","200,000","0","300,000","100,000","0","0","0","300,000","0","-400,000","-400,000","-500,000","-200,000","-200,000","-600,000","-200,000","-100,000",,,,,,,,,,,,,,,,,,,,,,,,,,,,,,,,,,,,
	InterestIncomeNonOperating,"17,400,000",,,,"300,000","16,300,000","800,000","1,800,000","4,500,000","4,300,000",,"2,400,000","2,000,000",,,,,,,,,,,,,"20,600,000","-4,300,000","-4,200,000","-4,200,000","19,700,000","-4,300,000","-4,400,000","-4,600,000","9,300,000","-1,900,000","1,000,000","1,600,000","1,200,000","1,200,000","1,300,000","1,100,000","900,000","1,000,000","1,000,000","500,000","100,000","300,000","200,000","300,000","300,000","300,000","300,000","700,000",,,,,,,,,,,,,,,,,,,,,,,,,,,,,,,,,,,,
	InterestExpenseNonOperating,"18,400,000",,,,,,,,,"27,900,000","-2,800,000",,,"30,200,000","500,000",,"-800,000","19,300,000","100,000","1,400,000","2,400,000","12,300,000","2,100,000","2,400,000","2,400,000","23,200,000","-1,800,000","-2,400,000","-1,800,000","21,400,000","-1,800,000","-1,300,000","-1,100,000","13,300,000","-900,000","1,400,000","1,400,000","1,200,000","900,000","1,200,000","1,100,000","900,000","1,000,000","700,000","500,000","500,000","700,000","700,000","500,000","500,000","900,000","500,000","800,000",,,,,,,,,,,,,,,,,,,,,,,,,,,,,,,,,,,,
	TotalOtherFinanceCost,"1,000,000","-500,000","800,000","1,000,000",,"-500,000",,"-1,800,000","-4,500,000","-4,300,000","-2,800,000","-2,400,000","-2,000,000","-1,800,000","500,000",,"-800,000","-1,000,000","100,000","1,400,000","2,400,000","1,500,000","2,100,000","2,400,000","2,400,000","2,600,000","2,500,000","1,800,000","2,400,000","1,700,000","2,500,000","3,100,000","3,500,000","4,000,000","1,000,000","400,000","-200,000",,"300,000",,,,,"300,000",,,"400,000",,,,"600,000",,,,,,,,,,,,,,,,,,,,,,,,,,,,,,,,,,,,,,
OtherIncomeExpense,"116,200,000","12,400,000","-4,400,000","104,600,000","3,600,000","-5,600,000","6,300,000","-399,200,000","-8,400,000","-35,600,000","-1,000,000","-13,600,000","-33,500,000","-295,400,000","-1,200,000","-17,500,000","700,000","83,000,000","-8,800,000","-45,500,000","-13,600,000","-4,100,000","-8,000,000","-9,200,000","-16,200,000","-5,100,000","-2,600,000","-2,900,000","-500,000","-5,700,000","-6,400,000","697,000,000","-12,700,000","-15,900,000","-400,000","-100,000","82,400,000","-9,700,000","-1,500,000","-6,000,000","-500,000","-17,900,000","-2,300,000","-2,800,000","6,200,000","-10,100,000","-800,000","-6,700,000","3,000,000","-1,800,000","38,400,000","-3,500,000","30,400,000","-20,200,000","-1,100,000","-200,000","-11,300,000","-25,400,000","2,600,000","100,000","1,300,000","-19,000,000","-2,700,000","400,000","23,000,000","-2,300,000","-22,600,000","-27,400,000","3,100,000","-2,200,000","-12,400,000","-2,800,000","-92,700,000","-8,600,000","-13,700,000","-1,900,000","-8,200,000","1,300,000","-68,700,000","19,300,000","3,800,000","3,000,000","3,700,000","-86,100,000","2,400,000","500,000","-9,600,000","-313,000,000","-2,000,000"
	GainOnSaleOfSecurity,"10,800,000",,,"4,100,000","4,400,000","4,500,000","5,300,000","-1,200,000","1,900,000","600,000","2,600,000",,"1,900,000","2,200,000","600,000","-1,100,000","3,300,000","-1,500,000","-1,700,000","-3,400,000","-2,200,000","300,000","-1,600,000","-100,000","1,100,000","-1,900,000","-200,000","-2,100,000","-500,000","-1,400,000","-1,400,000","-400,000","-3,300,000","300,000","-1,000,000","-100,000","-1,100,000",,,,,,,,,,,,,,,,,,,,,,,,,,,,,,,,,,,,,,,,,,,,,,,,,,,,
	SpecialIncomeCharges,"103,500,000","11,000,000","-5,800,000","100,200,000","-1,900,000","-9,800,000","600,000","-399,500,000","-10,300,000","-38,000,000","-3,600,000","-15,000,000","-35,300,000","-297,100,000","-1,500,000","-16,400,000","-2,400,000","83,800,000","-7,200,000","-42,000,000","-11,300,000","-4,800,000","-6,500,000","-9,100,000","-17,200,000","-3,300,000","-2,400,000","-1,000,000","-300,000","-4,600,000","-4,900,000","697,400,000","-9,300,000","-16,600,000","300,000","0","83,600,000","-8,000,000","-1,500,000","-6,000,000","-500,000","-17,900,000","-2,300,000","-2,800,000","6,200,000","-10,100,000","-800,000","-6,700,000","3,000,000","-1,800,000","38,400,000","-3,500,000","30,400,000","-20,200,000","-1,100,000","-200,000","-11,300,000","-25,400,000","2,600,000","100,000","1,300,000","-19,000,000","-2,700,000","400,000","23,000,000","-2,300,000","-22,600,000","-27,400,000","3,100,000","-2,200,000","-12,400,000","-2,800,000","-92,700,000","-8,600,000","-13,700,000","-1,900,000","-8,200,000","1,300,000","-68,700,000","19,300,000","3,800,000","3,000,000","3,700,000","-86,100,000","2,400,000","500,000","-9,600,000","-313,000,000","-2,000,000"
		RestructuringAndMergernAcquisition,"-124,100,000","-18,100,000","1,100,000","-102,600,000","-4,500,000","5,200,000","-9,000,000","19,600,000","-2,200,000","-18,500,000","-2,300,000","8,000,000","6,700,000","-21,100,000","-6,400,000","10,900,000","3,800,000","-3,900,000","-6,500,000","3,100,000","1,100,000",,,,,,,,,,,,,,,,,,,,,,,,,,,,,,,,,,,,,,,,,,,,,,,,,,,,,,,,,,,,,,,,,,,,
		WriteOff,,,,,,,,,,,,,,,,,,"0",,"31,200,000",,,,,,,,,,,,,,,,,,,,,,,,,,,,,,,,,,,,,,,,,,,,,,,,,,,,,,,,,,,,,,,,,,,,,
		OtherSpecialCharges,"20,600,000","7,100,000","4,700,000","2,400,000","6,400,000","4,600,000","8,400,000","379,900,000","12,500,000","13,900,000","7,900,000","7,000,000","28,600,000","202,000,000","7,900,000","5,500,000","-1,400,000","-79,900,000","13,700,000","7,700,000","10,200,000","4,800,000","6,500,000","9,100,000","17,200,000","3,300,000","2,400,000","1,000,000","300,000","-2,400,000","4,900,000","-697,400,000","9,300,000","0",,,"-83,600,000","9,000,000",,,,,,,,,,,,,,,,,,,,,,,,,,,,,,,,,,,,,,,,,,,,,,,,,,,
		GainOnSaleOfPPE,,,,,,,"0",,,,"2,000,000",,,,,,,,,,,,,,,,,,,,"0",,,,"300,000",,,,,,,,,,,,,,,,,,,,,,,,,,,,,,,,,,,,,,,,,,,,,,,,,,,,,,
	OtherNonOperatingIncomeExpenses,"1,900,000","-9,400,000","1,400,000","300,000","1,100,000","-300,000","400,000","1,500,000","1,900,000","400,000","4,600,000","1,400,000","-100,000","-500,000","-300,000","-1,100,000","-200,000","700,000","100,000","-100,000","-100,000","700,000","100,000","-100,000","-100,000","100,000","-200,000","200,000","300,000","300,000","-100,000","-400,000","-100,000","400,000","300,000","-100,000","-100,000","-700,000",,,,,,,,,,,,,,,,,,,,,,,,,,,,,,,,,,,,,,,,,,,,,,,,,,,
PretaxIncome,"1,702,000,000","376,300,000","390,900,000","545,500,000","389,300,000","356,100,000","364,300,000","-168,200,000","364,500,000","315,500,000","301,700,000","271,300,000","278,000,000","-1,800,000","248,700,000","251,000,000","263,500,000","323,900,000","211,800,000","205,600,000","293,600,000","200,400,000","185,200,000","169,000,000","183,300,000","167,000,000","150,700,000","142,200,000","162,500,000","132,900,000","120,600,000","813,200,000","77,300,000","101,500,000","99,900,000","121,800,000","192,100,000","122,200,000","93,400,000","89,900,000","85,600,000","68,600,000","57,600,000","72,800,000","84,600,000","70,100,000","66,200,000","66,400,000","65,500,000","62,400,000","94,200,000","62,800,000","85,000,000","34,000,000","43,600,000","52,100,000","34,700,000","19,600,000","38,800,000","46,800,000","44,600,000","23,700,000","36,700,000","45,500,000","66,000,000","43,500,000","15,300,000","15,300,000","42,600,000","34,100,000","19,500,000","34,100,000","-57,600,000","27,000,000","14,700,000","29,000,000","22,100,000","29,300,000","-45,200,000","43,800,000","28,100,000","22,800,000","19,900,000","-71,700,000","20,000,000","33,700,000","7,200,000","-311,000,000","23,000,000"
TaxProvision,"198,900,000","41,000,000","50,800,000","56,000,000","51,100,000","46,600,000","39,100,000","-46,300,000","53,900,000","35,300,000","27,000,000","29,000,000","28,300,000","-8,800,000","22,800,000","-31,700,000","56,900,000","326,700,000","41,700,000","19,500,000","63,400,000","41,900,000","43,800,000","42,400,000","40,300,000","26,300,000","32,600,000","29,500,000","39,100,000","23,700,000","26,000,000","266,200,000","17,000,000","25,700,000","23,000,000","27,700,000","47,200,000","31,100,000","24,200,000","22,100,000","20,500,000","5,500,000","6,000,000","14,700,000","20,700,000","5,300,000","18,200,000","8,900,000","17,800,000","14,800,000","20,700,000","15,300,000","24,500,000","-4,100,000","10,700,000","12,400,000","16,500,000","3,800,000","9,700,000","11,900,000","11,400,000","3,000,000","8,900,000","9,400,000","21,000,000","4,900,000","19,700,000","1,400,000","11,400,000","8,200,000","7,100,000","8,600,000","4,500,000","8,100,000","-9,800,000","7,900,000","7,600,000","7,600,000","-27,800,000","13,200,000","7,300,000","5,800,000","5,400,000","-16,000,000","5,800,000","8,900,000","2,800,000","-2,000,000","6,000,000"
NetIncomeCommonStockholders,"1,503,100,000","335,300,000","340,100,000","489,500,000","338,200,000","309,500,000","325,200,000","-121,900,000","310,600,000","280,200,000","274,700,000","242,300,000","249,700,000","7,000,000","225,900,000","282,700,000","206,600,000","-2,800,000","170,100,000","186,100,000","230,200,000","158,500,000","141,400,000","126,600,000","143,000,000","140,700,000","118,100,000","112,700,000","123,400,000","109,200,000","94,600,000","547,000,000","60,300,000","75,800,000","76,900,000","94,100,000","144,900,000","91,100,000","69,200,000","67,800,000","65,100,000","63,100,000","51,600,000","58,100,000","63,900,000","64,800,000","48,000,000","57,500,000","47,700,000","47,600,000","73,500,000","47,500,000","60,500,000","38,100,000","32,900,000","39,700,000","18,200,000","15,800,000","29,100,000","34,900,000","33,200,000","20,700,000","27,800,000","36,100,000","46,000,000","38,600,000","-4,400,000","13,900,000","31,200,000","25,900,000","12,400,000","25,500,000","-62,100,000","18,900,000","24,500,000","21,100,000","14,500,000","21,700,000","-17,400,000","30,600,000","20,800,000","16,500,000","14,500,000","-55,700,000","12,700,000","24,800,000","4,400,000","-309,000,000","17,000,000"
	NetIncome,"1,503,100,000","335,300,000","340,100,000","489,500,000","338,200,000","309,500,000","325,200,000","-121,900,000","310,600,000","280,200,000","274,700,000","242,300,000","249,700,000","7,000,000","225,900,000","282,700,000","206,600,000","-2,800,000","170,100,000","186,100,000","230,200,000","158,500,000","141,400,000","126,600,000","143,000,000","140,700,000","118,100,000","112,700,000","123,400,000","109,200,000","94,600,000","547,000,000","60,300,000","75,800,000","76,900,000","94,100,000","144,900,000","91,100,000","69,200,000","67,800,000","65,100,000","63,100,000","51,600,000","58,100,000","63,900,000","64,800,000","48,000,000","57,500,000","47,700,000","47,600,000","73,500,000","47,500,000","60,500,000","38,100,000","32,900,000","39,700,000","18,200,000","15,800,000","29,100,000","34,900,000","33,200,000","20,700,000","27,800,000","36,100,000","46,000,000","38,600,000","-4,400,000","13,900,000","31,200,000","25,900,000","12,400,000","25,500,000","-62,100,000","18,900,000","24,500,000","21,100,000","14,500,000","21,700,000","-17,400,000","30,600,000","20,800,000","16,500,000","14,500,000","-55,700,000","12,700,000","24,800,000","4,400,000","-309,000,000","17,000,000"
		NetIncomeIncludingNoncontrollingInterests,"1,503,100,000","335,300,000","340,100,000","489,500,000","338,200,000","309,500,000","325,200,000","-121,900,000","310,600,000","280,200,000","274,700,000","242,300,000","249,700,000","7,000,000","225,900,000","282,700,000","206,600,000","-2,800,000","170,100,000","186,100,000","230,200,000","158,500,000","141,400,000","126,600,000","143,000,000","140,700,000","118,100,000","112,700,000","123,400,000","109,200,000","94,600,000","547,000,000","60,300,000","75,800,000","76,900,000","94,100,000","144,900,000","91,100,000","69,200,000","67,800,000","65,100,000","63,100,000","51,600,000","58,100,000","63,900,000","64,800,000","48,000,000","57,500,000","47,700,000","47,600,000","73,500,000","47,500,000","60,500,000","38,100,000","32,900,000","39,700,000","18,200,000","15,800,000","29,100,000","34,900,000","33,200,000","20,700,000","27,800,000","36,100,000","46,000,000","38,600,000","-4,400,000","13,900,000","31,200,000","25,900,000","12,400,000","25,500,000","-62,100,000","18,900,000","24,500,000","21,100,000","14,500,000","21,700,000","-17,400,000","30,600,000","20,800,000","16,500,000","14,500,000","-55,700,000","12,700,000","24,800,000","4,400,000","-309,000,000","17,000,000"
			NetIncomeContinuousOperations,"1,503,100,000","335,300,000","340,100,000","489,500,000","338,200,000","309,500,000","325,200,000","-121,900,000","310,600,000","280,200,000","274,700,000","242,300,000","249,700,000","7,000,000","225,900,000","282,700,000","206,600,000","-2,800,000","170,100,000","186,100,000","230,200,000","158,500,000","141,400,000","126,600,000","143,000,000","140,700,000","118,100,000","112,700,000","123,400,000","109,200,000","94,600,000","547,000,000","60,300,000","75,800,000","76,900,000","94,100,000","144,900,000","91,100,000","69,200,000","67,800,000","65,100,000","63,100,000","51,600,000","58,100,000","63,900,000","64,800,000","48,000,000","57,500,000","47,700,000","47,600,000","73,500,000","47,500,000","60,500,000","38,100,000","32,900,000","39,700,000","18,200,000","15,800,000","29,100,000","34,900,000","33,200,000","20,700,000","27,800,000","36,100,000","46,000,000","38,600,000","-4,400,000","13,900,000","31,200,000","25,900,000","12,400,000","25,500,000","-62,100,000","18,900,000","24,500,000","21,100,000","14,500,000","21,700,000","-17,400,000","30,600,000","20,800,000","17,000,000","14,500,000","-55,700,000","14,200,000","24,800,000","4,400,000","-309,000,000","17,000,000"
			NetIncomeExtraordinary,,,,,,,,,,,,,,,,,,,,,,,,,,,,,,,,,,,,,,,,,,,,,,,,,,,,,,,,,,,,,,,,,,,,,,,,,,,,,,,,,,"-500,000",,,"-1,500,000",,,,
DilutedNIAvailtoComStockholders,"1,503,100,000","335,300,000","340,100,000","489,500,000","338,200,000","309,500,000","325,200,000","-121,900,000","310,600,000","280,200,000","274,700,000","242,300,000","249,700,000","7,000,000","225,900,000","282,700,000","206,600,000","-2,800,000","170,100,000","186,100,000","230,200,000","158,500,000","141,400,000","126,600,000","143,000,000","140,700,000","118,100,000","112,700,000","123,400,000","109,200,000","94,600,000","547,000,000","60,300,000","75,800,000","76,900,000","94,100,000","144,900,000","91,100,000","69,200,000","67,800,000","65,100,000","63,100,000","51,600,000","58,100,000","63,900,000","64,800,000","48,000,000","57,500,000","47,700,000","47,600,000","73,500,000","47,500,000","60,500,000","38,100,000","32,900,000","39,700,000","18,200,000","15,800,000","29,100,000","34,900,000","33,200,000","20,700,000","27,800,000","36,100,000","46,000,000","38,600,000","-4,400,000","13,900,000","31,200,000","25,900,000","12,400,000","25,500,000","-62,100,000","18,900,000","24,500,000","21,100,000","14,500,000","21,700,000","-17,400,000","30,600,000","20,800,000","16,500,000","14,500,000","-55,700,000","12,700,000","24,800,000","4,400,000","-309,000,000","17,000,000"
BasicEPS,,"0.54","0.55","0.79","0.54","0.5","0.52","-0.2","0.497","0.447","0.44","0.387","0.4","0.01","0.36","0.45","0.327","0.057","0.27","0.293","0.363","0.247","0.22","0.2","0.223","0.217","0.183","0.175","0.19","0.17","0.148","0.863","0.095","0.115","0.115","0.14","0.212","0.132","0.1","0.098","0.095","0.092","0.075","0.085","0.093",,"0.07","0.085","0.07",,"0.108","0.071","0.09",,"0.049","0.06","0.027",,"0.043","0.051","0.048",,"0.04","0.051","0.064",,"-0.006","0.019","0.043",,"0.018","0.036","-0.087",,"0.034","0.03","0.021",,"-0.025","0.043","0.029",,"0.021","-0.079","0.018",,"0.007","-0.443","0.024"
DilutedEPS,,"0.53","0.54","0.78","0.54","0.49","0.52","-0.2","0.49","0.44","0.433","0.38","0.393","0.01","0.353","0.44","0.32","0.057","0.263","0.287","0.353","0.243","0.217","0.193","0.22","0.213","0.178","0.17","0.187","0.167","0.145","0.848","0.093","0.113","0.113","0.137","0.207","0.128","0.097","0.095","0.092","0.088","0.072","0.08","0.088",,"0.067","0.08","0.067",,"0.104","0.068","0.086",,"0.047","0.056","0.026",,"0.04","0.048","0.045",,"0.038","0.048","0.061",,"-0.006","0.018","0.042",,"0.017","0.034","-0.087",,"0.033","0.028","0.02",,"-0.025","0.042","0.028",,"0.02","-0.079","0.018",,"0.006","-0.443","0.024"
BasicAverageShares,,"624,100,000","623,600,000","622,300,000","623,200,000","623,500,000","622,100,000","620,300,000","624,600,000","626,400,000","624,600,000","624,300,000","623,700,000","624,300,000","627,000,000","628,500,000","630,600,000","632,400,000","633,900,000","631,500,000","633,600,000","641,100,000","639,600,000","636,600,000","639,300,000","647,400,000","645,600,000","645,600,000","646,800,000","644,400,000","638,400,000","633,600,000","640,200,000","655,200,000","666,000,000","675,600,000","683,400,000","690,000,000","694,200,000","689,400,000","684,000,000","684,600,000","687,600,000","688,800,000","689,400,000",,"681,600,000","680,400,000","679,200,000",,"676,800,000","674,400,000","672,000,000",,"672,000,000","664,800,000","673,200,000",,"685,200,000","690,000,000","694,800,000",,"698,400,000","705,600,000","711,600,000",,"717,600,000","715,200,000","714,000,000",,"716,400,000","714,000,000","715,200,000",,"709,200,000","708,000,000","705,600,000",,"704,400,000","711,600,000","711,600,000",,"708,000,000","705,600,000","704,400,000",,"700,800,000","698,400,000","697,068,000"
DilutedAverageShares,,"632,000,000","631,700,000","629,900,000","631,300,000","632,000,000","631,000,000","620,300,000","635,100,000","637,800,000","636,300,000","636,300,000","636,600,000","636,600,000","639,600,000","642,000,000","645,300,000","646,200,000","648,600,000","647,100,000","649,200,000","653,700,000","654,300,000","651,900,000","653,400,000","661,800,000","660,000,000","660,000,000","661,800,000","658,200,000","650,400,000","644,400,000","651,000,000","666,000,000","677,400,000","688,200,000","699,000,000","706,800,000","714,000,000","710,400,000","708,000,000","708,600,000","714,000,000","720,000,000","723,000,000",,"713,400,000","712,800,000","714,000,000",,"704,400,000","702,000,000","702,000,000",,"708,000,000","722,400,000","702,000,000",,"748,800,000","756,000,000","762,000,000",,"763,200,000","770,400,000","775,200,000",,"717,600,000","748,800,000","778,800,000",,"745,200,000","745,200,000","715,200,000",,"733,200,000","736,800,000","730,800,000",,"704,400,000","738,000,000","741,600,000",,"736,800,000","705,600,000","723,600,000",,"728,400,000","698,400,000","697,068,000"
TotalOperatingIncomeAsReported,"1,690,300,000","374,400,000","390,300,000","542,100,000","383,500,000","351,400,000","357,800,000","-169,700,000","358,100,000","310,800,000","294,300,000","267,500,000","274,200,000","-5,300,000","248,900,000","252,100,000","252,500,000",,,,,,,,,,,,,,,,,,,,,,,,,,,,,,,,,,,,,,,,,,,,,,,,,,,,,,,,,,,,,,,,,,,,,,,,
TotalExpenses,"3,645,700,000","966,300,000","914,100,000","934,100,000","831,200,000","830,500,000","783,700,000","695,200,000","760,300,000","827,300,000","794,100,000","804,400,000","683,500,000","685,900,000","656,200,000","675,200,000","632,800,000","648,600,000","600,800,000","589,300,000","573,900,000","561,700,000","544,100,000","578,700,000","495,400,000","496,400,000","459,700,000","470,000,000","424,900,000","477,700,000","477,900,000","455,800,000","428,900,000","414,600,000","394,300,000","394,900,000","387,200,000","378,600,000","353,300,000","386,200,000","373,100,000","343,700,000","352,800,000","355,900,000","326,100,000","311,800,000","281,500,000","291,600,000","277,800,000","282,300,000","269,300,000","273,000,000","258,800,000","254,800,000","259,300,000","274,900,000","262,100,000","247,600,000","224,800,000","225,500,000","219,500,000","222,500,000","207,200,000","221,600,000","191,000,000","202,500,000","200,800,000","212,200,000","206,500,000","197,300,000","189,500,000","194,100,000","211,600,000","185,000,000","174,200,000","186,700,000","179,500,000","172,100,000","206,700,000","141,700,000","131,400,000","132,900,000","124,500,000","245,700,000","164,900,000","170,500,000","161,500,000","197,000,000","201,000,000"
NetIncomeFromContinuingAndDiscontinuedOperation,"1,503,100,000","335,300,000","340,100,000","489,500,000","338,200,000","309,500,000","325,200,000","-121,900,000","310,600,000","280,200,000","274,700,000","242,300,000","249,700,000","7,000,000","225,900,000","282,700,000","206,600,000","-2,800,000","170,100,000","186,100,000","230,200,000","158,500,000","141,400,000","126,600,000","143,000,000","140,700,000","118,100,000","112,700,000","123,400,000","109,200,000","94,600,000","547,000,000","60,300,000","75,800,000","76,900,000","94,100,000","144,900,000","91,100,000","69,200,000","67,800,000","65,100,000","63,100,000","51,600,000","58,100,000","63,900,000","64,800,000","48,000,000","57,500,000","47,700,000","47,600,000","73,500,000","47,500,000","60,500,000","38,100,000","32,900,000","39,700,000","18,200,000","15,800,000","29,100,000","34,900,000","33,200,000","20,700,000","27,800,000","36,100,000","46,000,000","38,600,000","-4,400,000","13,900,000","31,200,000","25,900,000","12,400,000","25,500,000","-62,100,000","18,900,000","24,500,000","21,100,000","14,500,000","21,700,000","-17,400,000","30,600,000","20,800,000","17,000,000","14,500,000","-55,700,000","14,200,000","24,800,000","4,400,000","-309,000,000","17,000,000"
NormalizedIncome,"1,402,173,100","315,875,232.527","345,146,000","395,942,900","336,027,500","314,106,430.778","319,931,300","168,607,500","317,756,800","313,415,467.512","275,611,000","255,695,000","279,693,200","222,277,000","226,717,200","295,475,000","205,894,400","-52,180,000","177,246,700","227,187,000","240,784,000","162,059,131.737","147,580,300","133,490,800","155,558,000","145,081,077.844","120,138,400","115,158,300","124,007,200","114,130,022.573","99,539,200","77,919,000","70,128,000","87,972,807.882","77,439,000","94,177,300","82,695,000","98,480,441.899","70,311,349.036","72,325,027.809","65,480,257.009","79,564,868.805","53,660,416.667","60,334,615.385","59,217,021.277","74,136,376.605","48,580,060.423","63,301,957.831","45,515,267.176","48,973,076.923","43,538,216.561","50,147,292.994","38,862,352.941","51,230,000","33,730,045.872","39,852,399.232","25,545,000","36,275,510.204","27,150,000","34,825,427.35","32,232,286.996","37,294,936.709","29,845,231.608","35,782,637.363","30,318,181.818","40,640,919.54","9,160,000","38,792,810.458","28,929,577.465","27,570,967.742","20,285,128.205","27,593,841.642","-6,480,000","24,920,000","32,720,000","22,482,413.793","19,880,090.498","20,737,201.365","23,820,000","17,116,438.356","17,987,188.612","14,763,157.895","11,804,020.101","11,186,610.879","12,496,000","24,432,047.478","10,266,666.667","1,987,138.264","18,478,260.87"
InterestIncome,"17,400,000",,,,"300,000","16,300,000","800,000","1,800,000","4,500,000","4,300,000",,"2,400,000","2,000,000",,,,,,,,,,,,,"20,600,000","-4,300,000","-4,200,000","-4,200,000","19,700,000","-4,300,000","-4,400,000","-4,600,000","9,300,000","-1,900,000","1,000,000","1,600,000","1,200,000","1,200,000","1,300,000","1,100,000","900,000","1,000,000","1,000,000","500,000","100,000","300,000","200,000","300,000","300,000","300,000","300,000","700,000",,,,,,,,,,,,,,,,,,,,,,,,,,,,,,,,,,,,
InterestExpense,"18,400,000",,,,,,,,,"27,900,000","-2,800,000",,,"30,200,000","500,000",,"-800,000","19,300,000","100,000","1,400,000","2,400,000","12,300,000","2,100,000","2,400,000","2,400,000","23,200,000","-1,800,000","-2,400,000","-1,800,000","21,400,000","-1,800,000","-1,300,000","-1,100,000","13,300,000","-900,000","1,400,000","1,400,000","1,200,000","900,000","1,200,000","1,100,000","900,000","1,000,000","700,000","500,000","500,000","700,000","700,000","500,000","500,000","900,000","500,000","800,000",,,,,,,,,,,,,,,,,,,,,,,,,,,,,,,,,,,,
NetInterestIncome,"-1,000,000","500,000","-800,000","-1,000,000","300,000","500,000","800,000","1,800,000","4,500,000","4,300,000","2,800,000","2,400,000","2,000,000","1,800,000","-500,000",,"800,000","1,000,000","-100,000","-1,400,000","-2,400,000","-1,500,000","-2,100,000","-2,400,000","-2,400,000","-2,600,000","-2,500,000","-1,800,000","-2,400,000","-1,700,000","-2,500,000","-3,100,000","-3,500,000","-4,000,000","-1,000,000","-400,000","200,000","0","300,000","100,000","0","0","0","300,000","0","-400,000","-400,000","-500,000","-200,000","-200,000","-600,000","-200,000","-100,000",,,,,,,,,,,,,,,,,,,,,,,,,,,,,,,,,,,,
EBIT,"1,720,400,000","497,000,000","396,100,000","441,900,000","385,400,000","-22,900,000","357,200,000","229,800,000","368,400,000","295,300,000","299,900,000","282,500,000","309,500,000","10,400,000","250,400,000","268,500,000","262,000,000","275,300,000","220,700,000","252,500,000","309,600,000","179,300,000","195,300,000","180,600,000","201,900,000","171,600,000","155,800,000","146,800,000","165,400,000","818,900,000","129,500,000","119,300,000","93,500,000","192,000,000","101,300,000","122,300,000","109,500,000","123,400,000","94,300,000","91,100,000","86,700,000","69,500,000","58,600,000","73,500,000","85,100,000","70,600,000","66,900,000","67,100,000","66,000,000","62,900,000","95,100,000","63,300,000","85,800,000","28,200,000","44,300,000","52,700,000","34,700,000","45,400,000","36,600,000","47,100,000","44,600,000","43,100,000","40,200,000","45,700,000","66,000,000","47,200,000","40,100,000","46,000,000","42,600,000","39,800,000","35,300,000","40,500,000","23,400,000","39,100,000","31,900,000","31,100,000","33,000,000","31,000,000","-40,900,000","31,100,000","30,900,000","27,000,000","23,300,000","-53,300,000","27,000,000","46,000,000","24,300,000","8,000,000","25,000,000"
EBITDA,"1,855,200,000"
ReconciledCostOfRevenue,"1,248,900,000","309,500,000","311,700,000","334,300,000","293,400,000","296,300,000","281,000,000","238,200,000","265,100,000","286,200,000","292,400,000","304,000,000","231,800,000","234,700,000","224,900,000","246,200,000","233,600,000","235,300,000","213,300,000","211,100,000","215,600,000","213,200,000","201,400,000","202,500,000","180,300,000","175,900,000","146,700,000","158,600,000","136,000,000","160,400,000","168,100,000","151,200,000","145,900,000","145,500,000","129,700,000","125,000,000","122,200,000","125,800,000","111,700,000","129,800,000","127,300,000","119,600,000","125,600,000","127,800,000","116,800,000","113,500,000","95,800,000","100,400,000","98,600,000","101,700,000","98,500,000","101,900,000","97,000,000","98,800,000","104,900,000","113,000,000","102,900,000","99,600,000","90,700,000","94,700,000","93,200,000","97,400,000","87,400,000","95,700,000","93,000,000","89,600,000","90,900,000","97,900,000","96,200,000","91,200,000","87,900,000","92,400,000","98,700,000","93,800,000","86,900,000","89,600,000","89,100,000","85,700,000","69,900,000","74,400,000","69,100,000","59,600,000","55,100,000","85,700,000","85,600,000","97,600,000","86,600,000","101,000,000","106,000,000"
ReconciledDepreciation,"134,800,000","33,000,000","33,600,000","35,800,000","32,400,000","32,600,000","25,600,000","24,500,000","24,500,000","23,900,000","23,100,000","16,000,000","26,300,000","19,900,000","19,200,000","19,200,000","19,100,000","21,200,000","20,700,000","18,900,000","21,100,000","19,100,000","18,200,000","18,000,000","15,900,000","14,500,000","18,500,000","16,800,000","16,000,000","18,300,000","18,000,000","16,100,000","16,200,000","18,800,000","18,500,000","16,100,000","15,300,000","15,100,000","14,400,000","14,000,000","13,800,000","14,800,000","13,900,000","14,800,000","14,500,000","15,400,000","13,400,000","13,700,000","14,000,000","14,200,000","15,400,000","14,900,000","14,200,000","14,300,000","13,800,000","14,000,000","13,500,000","13,700,000","14,000,000","13,700,000","13,400,000","14,600,000","13,800,000","14,400,000","14,000,000","14,400,000","14,000,000","14,200,000","13,600,000","14,600,000","15,300,000","12,900,000","12,900,000","11,600,000","11,900,000","11,300,000","10,800,000","11,000,000","10,100,000","9,600,000","9,700,000","12,600,000","12,900,000","15,200,000","16,300,000","14,600,000","15,400,000","23,000,000","21,000,000"
NetIncomeFromContinuingOperationNetMinorityInterest,"1,503,100,000","335,300,000","340,100,000","489,500,000","338,200,000","309,500,000","325,200,000","-121,900,000","310,600,000","280,200,000","274,700,000","242,300,000","249,700,000","7,000,000","225,900,000","282,700,000","206,600,000","-2,800,000","170,100,000","186,100,000","230,200,000","158,500,000","141,400,000","126,600,000","143,000,000","140,700,000","118,100,000","112,700,000","123,400,000","109,200,000","94,600,000","547,000,000","60,300,000","75,800,000","76,900,000","94,100,000","144,900,000","91,100,000","69,200,000","67,800,000","65,100,000","63,100,000","51,600,000","58,100,000","63,900,000","64,800,000","48,000,000","57,500,000","47,700,000","47,600,000","73,500,000","47,500,000","60,500,000","38,100,000","32,900,000","39,700,000","18,200,000","15,800,000","29,100,000","34,900,000","33,200,000","20,700,000","27,800,000","36,100,000","46,000,000","38,600,000","-4,400,000","13,900,000","31,200,000","25,900,000","12,400,000","25,500,000","-62,100,000","18,900,000","24,500,000","21,100,000","14,500,000","21,700,000","-17,400,000","30,600,000","20,800,000","17,000,000","14,500,000","-55,700,000","14,200,000","24,800,000","4,400,000","-309,000,000","17,000,000"
TotalUnusualItemsExcludingGoodwill,"114,300,000","21,800,000","-5,800,000","104,300,000","2,500,000","-5,300,000","5,900,000","-400,700,000","-8,400,000","-37,400,000","-1,000,000","-15,000,000","-33,400,000","-294,900,000","-900,000","-17,500,000","900,000","82,300,000","-8,900,000","-45,400,000","-13,500,000","-4,500,000","-8,100,000","-9,200,000","-16,100,000","-5,200,000","-2,600,000","-3,100,000","-800,000","-6,000,000","-6,300,000","697,000,000","-12,600,000","-16,300,000","-700,000","-100,000","82,500,000","-9,900,000","-1,500,000","-6,000,000","-500,000","-17,900,000","-2,300,000","-2,800,000","6,200,000","-10,100,000","-800,000","-6,700,000","3,000,000","-1,800,000","38,400,000","-3,500,000","30,400,000","-20,200,000","-1,100,000","-200,000","-11,300,000","-25,400,000","2,600,000","100,000","1,300,000","-19,000,000","-2,700,000","400,000","23,000,000","-2,300,000","-22,600,000","-27,400,000","3,100,000","-2,200,000","-12,400,000","-2,800,000","-92,700,000","-8,600,000","-13,700,000","-1,900,000","-8,200,000","1,300,000","-68,700,000","19,300,000","3,800,000","3,000,000","3,700,000","-86,100,000","2,400,000","500,000","-9,600,000","-313,000,000","-2,000,000"
TotalUnusualItems,"114,300,000","21,800,000","-5,800,000","104,300,000","2,500,000","-5,300,000","5,900,000","-400,700,000","-8,400,000","-37,400,000","-1,000,000","-15,000,000","-33,400,000","-294,900,000","-900,000","-17,500,000","900,000","82,300,000","-8,900,000","-45,400,000","-13,500,000","-4,500,000","-8,100,000","-9,200,000","-16,100,000","-5,200,000","-2,600,000","-3,100,000","-800,000","-6,000,000","-6,300,000","697,000,000","-12,600,000","-16,300,000","-700,000","-100,000","82,500,000","-9,900,000","-1,500,000","-6,000,000","-500,000","-17,900,000","-2,300,000","-2,800,000","6,200,000","-10,100,000","-800,000","-6,700,000","3,000,000","-1,800,000","38,400,000","-3,500,000","30,400,000","-20,200,000","-1,100,000","-200,000","-11,300,000","-25,400,000","2,600,000","100,000","1,300,000","-19,000,000","-2,700,000","400,000","23,000,000","-2,300,000","-22,600,000","-27,400,000","3,100,000","-2,200,000","-12,400,000","-2,800,000","-92,700,000","-8,600,000","-13,700,000","-1,900,000","-8,200,000","1,300,000","-68,700,000","19,300,000","3,800,000","3,000,000","3,700,000","-86,100,000","2,400,000","500,000","-9,600,000","-313,000,000","-2,000,000"
NormalizedEBITDA,"1,740,900,000","508,200,000","435,500,000","373,400,000","415,300,000","15,000,000","376,900,000","655,000,000","401,300,000","356,600,000","324,000,000","313,500,000","369,200,000","325,200,000","270,500,000","305,200,000","280,200,000","214,200,000","250,300,000","316,800,000","344,200,000","202,900,000","221,600,000","207,800,000","233,900,000","191,300,000","176,900,000","166,700,000","182,200,000","843,200,000","153,800,000","-561,600,000","122,300,000","227,100,000","120,500,000","138,500,000","42,300,000","148,400,000","110,200,000","111,100,000","101,000,000","102,200,000","74,800,000","91,100,000","93,400,000","96,100,000","81,100,000","87,500,000","77,000,000","78,900,000","72,100,000","81,700,000","69,600,000","62,700,000","59,200,000","66,900,000","59,500,000","84,500,000","48,000,000","60,700,000","56,700,000","76,700,000","56,700,000","59,700,000","57,000,000","63,900,000","76,700,000","87,600,000","53,100,000","56,600,000","63,000,000","56,200,000","129,000,000","59,300,000","57,500,000","44,300,000","52,000,000","40,700,000","37,900,000","21,400,000","36,800,000","36,600,000","32,500,000","48,000,000","40,900,000","60,100,000","49,300,000","344,000,000","48,000,000"
TaxRateForCalcs,"0.117","0.109","0.13","0.103","0.131","0.131","0.107","0.275","0.148","0.112","0.089","0.107","0.102","0.27","0.092","0.27","0.216","0.4","0.197","0.095","0.216","0.209","0.237","0.251","0.22","0.157","0.216","0.207","0.241","0.178","0.216","0.327","0.22","0.253","0.23","0.227","0.246","0.255","0.259","0.246","0.239","0.08","0.104","0.202","0.245","0.076","0.275","0.134","0.272","0.237","0.22","0.244","0.288","0.35","0.245","0.238","0.35","0.194","0.25","0.254","0.256","0.127","0.243","0.207","0.318","0.113","0.4","0.092","0.268","0.24","0.364","0.252","0.4","0.3","0.4","0.272","0.344","0.259","0.4","0.301","0.26","0.254","0.271","0.223","0.29","0.264","0.389","0.006","0.261"
TaxEffectOfUnusualItems,"13,373,100","2,375,232.527","-754,000","10,742,900","327,500","-693,569.222","631,300","-110,192,500","-1,243,200","-4,184,532.488","-89,000","-1,605,000","-3,406,800","-79,623,000","-82,800","-4,725,000","194,400","32,920,000","-1,753,300","-4,313,000","-2,916,000","-940,868.263","-1,919,700","-2,309,200","-3,542,000","-818,922.156","-561,600","-641,700","-192,800","-1,069,977.427","-1,360,800","227,919,000","-2,772,000","-4,127,192.118","-161,000","-22,700","20,295,000","-2,519,558.101","-388,650.964","-1,474,972.191","-119,742.991","-1,435,131.195","-239,583.333","-565,384.615","1,517,021.277","-763,623.395","-219,939.577","-898,042.169","815,267.176","-426,923.077","8,438,216.561","-852,707.006","8,762,352.941","-7,070,000","-269,954.128","-47,600.768","-3,955,000","-4,924,489.796","650,000","25,427.35","332,286.996","-2,405,063.291","-654,768.392","82,637.363","7,318,181.818","-259,080.46","-9,040,000","-2,507,189.542","829,577.465","-529,032.258","-4,514,871.795","-706,158.358","-37,080,000","-2,580,000","-5,480,000","-517,586.207","-2,819,909.502","337,201.365","-27,480,000","5,816,438.356","987,188.612","763,157.895","1,004,020.101","-19,213,389.121","696,000","132,047.478","-3,733,333.333","-2,012,861.736","-521,739.13"