name,ttm,12/31/2021,09/30/2021,06/30/2021,03/31/2021,12/31/2020,09/30/2020,06/30/2020,03/31/2020,12/31/2019,09/30/2019,06/30/2019,03/31/2019,12/31/2018,09/30/2018,06/30/2018,03/31/2018,12/31/2017,09/30/2017,06/30/2017,03/31/2017,12/31/2016,09/30/2016,06/30/2016,03/31/2016,12/31/2015,09/30/2015,06/30/2015,03/31/2015,12/31/2014,09/30/2014,06/30/2014,03/31/2014,12/31/2013,09/30/2013,06/30/2013,03/31/2013,12/31/2012,09/30/2012,06/30/2012,03/31/2012,12/31/2011,09/30/2011,06/30/2011,03/31/2011,12/31/2010,09/30/2010,06/30/2010,03/31/2010,12/31/2009,09/30/2009,06/30/2009,03/31/2009,12/31/2008,09/30/2008,06/30/2008,03/31/2008,12/31/2007,09/30/2007,06/30/2007,03/31/2007,12/31/2006,09/30/2006,06/30/2006,03/31/2006,12/31/2005,09/30/2005,06/30/2005,03/31/2005,12/31/2004,09/30/2004,06/30/2004,03/31/2004,12/31/2003,09/30/2003,06/30/2003
TotalRevenue,"1,577,362,000","427,383,000","412,492,000","378,630,000","358,857,000","353,490,000","343,024,000","327,246,000","332,452,000","335,801,000","337,505,000","323,602,000","311,546,000","307,353,000","306,953,000","296,813,000","285,485,000","281,842,000","284,156,000","276,003,000","263,008,000","261,016,000","257,183,000","244,273,000","229,403,000","225,759,000","197,497,000","185,860,000","173,154,000","167,367,000","167,368,000","160,240,000","152,180,000","141,934,000","133,111,000","126,246,000","119,322,000","113,667,000","109,791,000","94,951,000","90,987,000","93,212,000","84,097,000","78,040,000","74,481,000","73,154,000","71,979,000","68,777,000","67,587,000","70,850,000","71,304,000","69,068,000","69,254,000","70,360,000","69,848,000","67,336,000","65,707,000","64,714,000","63,826,000","56,550,000","53,776,000","52,175,000","51,188,000","48,531,000","45,370,000","44,058,000","43,135,000","24,617,000","22,918,000","22,948,000","18,168,000","13,929,000","11,016,000","9,578,000","9,134,000","9,307,000"
	OperatingRevenue,"1,577,362,000","427,383,000","412,492,000","378,630,000","358,857,000","353,490,000","343,024,000","327,246,000","332,452,000","335,801,000","337,505,000","323,602,000","311,546,000","307,353,000","306,953,000","296,813,000","285,485,000","281,842,000","284,156,000","276,003,000","263,008,000","261,016,000","257,183,000","244,273,000","229,403,000","225,759,000","197,497,000","185,860,000","173,154,000","167,367,000","167,368,000","160,240,000","152,180,000","141,934,000","133,111,000","126,246,000","119,322,000","113,667,000","109,791,000","94,951,000","90,987,000","93,212,000","84,097,000","78,040,000","74,481,000","73,154,000","71,979,000","68,777,000","67,587,000","70,850,000","71,304,000","69,068,000","69,254,000","70,360,000","69,848,000","67,336,000","68,567,000","64,714,000","63,826,000","56,550,000","56,421,000","54,966,000","52,703,000","49,766,000","46,991,000","46,893,000","44,490,000","24,905,000","23,235,000","25,961,000","-250,000","14,362,000","11,016,000","1,210,000","-40,000","352,000"
CostOfRevenue,"398,096,000","102,375,000","100,303,000","95,890,000","99,528,000","94,725,000","99,511,000","95,898,000","96,975,000","95,545,000","96,297,000","87,852,000","85,732,000","79,116,000","81,372,000","78,554,000","78,360,000","72,781,000","76,702,000","71,099,000","70,565,000","67,332,000","66,434,000","66,371,000","65,423,000","62,848,000","52,486,000","51,492,000","50,172,000","45,640,000","46,224,000","44,930,000","46,049,000","39,774,000","37,249,000","35,664,000","36,347,000","34,523,000","31,494,000","27,436,000","28,444,000","26,705,000","25,866,000","24,094,000","24,959,000","24,023,000","23,070,000","22,398,000","23,179,000","21,544,000","24,286,000","24,438,000","24,128,000","22,759,000","22,793,000","22,233,000",,,,,,,,,,,,,,,,,,,,
GrossProfit,"1,179,266,000","325,008,000","312,189,000","282,740,000","259,329,000","258,765,000","243,513,000","231,348,000","235,477,000","240,256,000","241,208,000","235,750,000","225,814,000","228,237,000","225,581,000","218,259,000","207,125,000","209,061,000","207,454,000","204,904,000","192,443,000","193,684,000","190,749,000","177,902,000","163,980,000","162,911,000","145,011,000","134,368,000","122,982,000","121,727,000","121,144,000","115,310,000","106,131,000","102,160,000","95,862,000","90,582,000","82,975,000","79,144,000","78,297,000","67,515,000","62,543,000","66,507,000","58,231,000","53,946,000","49,522,000","49,131,000","48,909,000","46,379,000","44,408,000","49,306,000","47,018,000","44,630,000","45,126,000","47,601,000","47,055,000","45,103,000",,,,,,,,,,,,,,,,,,,,
OperatingExpense,"344,073,000","90,112,000","85,911,000","85,911,000","82,139,000","81,091,000","80,306,000","81,355,000","78,286,000","75,611,000","78,570,000","77,757,000","77,337,000","71,560,000","71,990,000","73,543,000","73,213,000","67,947,000","67,573,000","68,497,000","68,240,000","67,513,000","66,092,000","64,462,000","66,299,000","58,904,000","47,427,000","48,207,000","46,677,000","45,870,000","43,215,000","43,256,000","43,677,000","39,789,000","37,371,000","36,524,000","35,794,000","30,681,000","34,813,000","29,640,000","29,773,000","29,991,000","27,016,000","28,094,000","25,492,000","25,546,000","25,348,000","23,573,000","23,545,000","24,933,000","23,801,000","42,256,000","23,851,000","23,888,000","22,713,000","23,195,000","43,727,000","40,982,000","41,112,000","36,819,000","36,155,000","35,072,000","34,661,000","33,665,000","34,214,000","32,926,000","33,014,000","18,742,000","17,692,000","13,509,000","14,808,000","12,428,000","-7,585,000","12,000,000","8,077,000","7,573,000"
	SellingGeneralAndAdministration,"102,194,000","27,918,000","24,395,000","26,341,000","23,540,000","24,352,000","23,894,000","25,337,000","23,011,000","20,870,000","22,519,000","23,351,000","22,678,000","18,434,000","19,707,000","21,651,000","21,464,000","18,790,000","19,498,000","21,865,000","18,808,000","18,355,000","19,537,000","20,512,000","23,402,000","18,138,000","16,716,000","16,655,000","16,249,000","16,689,000","13,966,000","14,985,000","15,302,000","13,795,000","13,943,000","13,739,000","12,769,000","12,710,000","12,559,000","12,545,000","12,640,000","13,287,000","12,306,000","12,432,000","11,658,000","11,525,000","10,618,000","11,229,000","11,056,000","11,584,000","9,982,000","10,615,000","11,246,000","9,859,000","10,319,000","10,070,000","10,179,000","9,188,000","9,326,000","8,968,000","9,240,000","9,010,000","8,598,000","8,747,000","9,245,000","8,213,000","9,591,000","3,320,000","2,957,000","3,317,000","2,905,000","3,273,000","2,970,000","2,428,000","1,912,000","2,056,000"
		GeneralAndAdministrativeExpense,"102,194,000","27,918,000","24,395,000","26,341,000","23,540,000","24,352,000","23,894,000","25,337,000","23,011,000","20,870,000","22,519,000","23,351,000","22,678,000","18,434,000","19,707,000","21,651,000","21,464,000","18,790,000","19,498,000","21,865,000","18,808,000","18,355,000","19,537,000","20,512,000","23,402,000","18,138,000","16,716,000","16,655,000","16,249,000","16,689,000","13,966,000","14,985,000","15,302,000","13,795,000","13,943,000","13,739,000","12,769,000","12,710,000",,,,,,,,,"12,354,000",,"12,279,000",,"11,246,000","12,086,000",,,,,,"9,188,000","9,326,000","8,968,000",,"9,010,000","8,598,000","8,747,000",,"8,213,000","9,591,000","3,320,000","2,957,000","3,317,000","2,905,000","3,273,000","2,970,000",,,
			SalariesAndWages,,,,,,,,,,,,,,,,,,,,,,,,,,,,,,,,,,,,,,,,,,,,,,,,,,,,,,,,,,"9,188,000","9,326,000","8,968,000",,"9,010,000","8,598,000","8,747,000",,"8,213,000","9,591,000","3,320,000","2,957,000","3,317,000","2,905,000","3,273,000","2,970,000",,,
			InsuranceAndClaims,,,,,,,,,,,,,,,,,,,,,,,,,,,,,,,,,,,,,,,,,,,,,,,"1,736,000",,"1,223,000",,"1,264,000","1,471,000",,,,,,,,,,,,,,,,,,,,,,,,
			OtherGandA,"102,194,000","27,918,000","24,395,000","26,341,000","23,540,000","24,352,000","23,894,000","25,337,000","23,011,000","20,870,000","22,519,000","23,351,000","22,678,000","18,434,000","19,707,000","21,651,000","21,464,000","18,790,000","19,498,000","21,865,000","18,808,000","18,355,000","19,537,000","20,512,000","23,402,000","18,138,000","16,716,000","16,655,000","16,249,000","16,689,000","13,966,000","14,985,000","15,302,000","13,795,000","13,943,000","13,739,000","12,769,000","12,710,000",,,,,,,,,"10,618,000",,"11,056,000",,"9,982,000","10,615,000",,,,,,,,,,,,,,,,,,,,,,,,
	ResearchAndDevelopment,,,,,,,,,,,,,,,,,,,,,,,,,,,,,,,,,,,,,,,"2,486,000","469,000","609,000","731,000","346,000","1,570,000","249,000","812,000","211,000","142,000","70,000","106,000","22,000","18,801,000","82,000","96,000","39,000","1,428,000",,,,,,,,,,,,,,,,,,,,
	DepreciationAmortizationDepletionIncomeStatement,"241,879,000","62,194,000","61,516,000","59,570,000","58,599,000","56,739,000","56,412,000","56,018,000","55,275,000","54,741,000","56,051,000","54,406,000","54,659,000","53,126,000","52,283,000","51,892,000","51,749,000","49,157,000","48,075,000","46,632,000","49,432,000","49,158,000","46,555,000","43,950,000","42,897,000","40,766,000","30,711,000","31,552,000","30,428,000","29,181,000","29,249,000","28,271,000","28,375,000","25,994,000","23,428,000","22,785,000","23,025,000","21,535,000","19,768,000","16,626,000","16,524,000","15,973,000","14,364,000","14,092,000","13,585,000","13,209,000","12,519,000","12,202,000","12,419,000","13,243,000","13,797,000","12,840,000","12,523,000","13,933,000","12,355,000","11,697,000","11,581,000","11,284,000","10,598,000","9,123,000","8,796,000","9,586,000","9,253,000","9,057,000","9,276,000","9,527,000","9,535,000","6,213,000","5,730,000","4,729,000","5,057,000","3,089,000",,"2,219,000","1,688,000","1,466,000"
		DepreciationAndAmortizationInIncomeStatement,"241,879,000","62,194,000","61,516,000","59,570,000","58,599,000","56,739,000","56,412,000","56,018,000","55,275,000","54,741,000","56,051,000","54,406,000","54,659,000","53,126,000","52,283,000","51,892,000","51,749,000","49,157,000","48,075,000","46,632,000","49,432,000","49,158,000","46,555,000","43,950,000","42,897,000","40,766,000","30,711,000","31,552,000","30,428,000","29,181,000","29,249,000","28,271,000","28,375,000","25,994,000","23,428,000","22,785,000","23,025,000","21,535,000","19,768,000","16,626,000","16,524,000","15,973,000","14,364,000","14,092,000","13,585,000","13,209,000","12,519,000","12,202,000","12,419,000","13,243,000","13,797,000","12,840,000","12,523,000","13,933,000","12,355,000","11,697,000","11,581,000","11,284,000","10,598,000","9,123,000","8,796,000","9,586,000","9,253,000","9,057,000","9,276,000","9,527,000","9,535,000","6,213,000","5,730,000","4,729,000","5,057,000","3,089,000",,"2,219,000","1,688,000","1,466,000"
	OtherTaxes,,,,,,,,,,,,,,,,,,,,,,,,,,,,,,,,,,,,,,,,,,,,,,,,,,,,,,,,,"-45,003,000",,,,"-36,171,000","-35,072,000","-34,661,000","-33,665,000","-34,214,000","-32,926,000","-33,014,000","-18,742,000","-17,692,000","-17,032,000",,"-12,428,000","-10,555,000",,,
	OtherOperatingExpenses,,,,,,,,,,,,,,,,,,,,,,,,,,,,,,,,,,,,,,,,,,,,,,"0","2,000,000","1,457,000",,,,,,,"22,832,000",,"66,970,000","20,510,000","21,188,000","18,728,000","54,290,000","51,548,000","51,471,000","49,526,000","49,907,000","48,112,000","46,902,000","27,951,000","26,697,000","22,495,000","6,846,000","18,494,000",,"7,353,000","4,477,000","4,051,000"
OperatingIncome,"835,193,000","234,896,000","226,278,000","196,829,000","177,190,000","177,674,000","163,207,000","149,993,000","157,191,000","164,645,000","162,638,000","157,993,000","148,477,000","156,677,000","153,591,000","144,716,000","133,912,000","141,114,000","139,881,000","136,407,000","124,203,000","126,171,000","124,657,000","113,440,000","97,681,000","104,007,000","97,584,000","86,161,000","76,305,000","75,857,000","77,929,000","72,054,000","62,454,000","62,371,000","58,491,000","54,058,000","47,181,000","48,463,000","43,484,000","37,875,000","32,770,000","36,516,000","31,215,000","25,852,000","24,030,000","23,585,000","23,561,000","22,806,000","20,863,000","24,373,000","23,217,000","2,374,000","21,275,000","23,713,000","24,342,000","21,908,000","21,980,000","23,732,000","22,714,000","19,731,000","17,621,000","17,103,000","16,527,000","14,866,000","11,156,000","11,132,000","10,121,000","5,875,000","5,226,000","9,439,000","3,360,000","1,501,000","18,601,000","-2,422,000","1,057,000","1,734,000"
NetNonOperatingInterestIncomeExpense,"-116,480,000","-32,746,000","-27,941,000","-27,402,000","-28,391,000","-32,312,000","-40,301,000","-40,603,000","-43,893,000","-44,457,000","-45,295,000","-46,915,000","-47,134,000","-48,064,000","-45,695,000","-43,335,000","-40,737,000","-40,060,000","-39,633,000","-37,261,000","-34,924,000","-34,425,000","-32,166,000","-31,205,000","-29,665,000","-28,708,000","-20,047,000","-21,867,000","-20,059,000","-19,420,000","-19,961,000","-19,397,000","-18,778,000","-18,653,000","-15,683,000","-17,130,000","-15,969,000","-17,658,000","-16,749,000","-14,194,000","-17,027,000","-16,640,000","-15,798,000","-15,300,000","-15,447,000","-13,939,000","-14,727,000","-15,226,000","-16,140,000","-16,980,000","-16,669,000","-14,846,000","-14,891,000","-14,355,000","-13,411,000","-13,880,000",,,,,,,,,,,,,,,,,,,,
	InterestIncomeNonOperating,"49,703,000","12,832,000","11,729,000","12,838,000","12,304,000","8,704,000","3,145,000","1,669,000","1,674,000","1,562,000","2,799,000","1,718,000","1,388,000","1,295,000","1,371,000","1,188,000","1,438,000","1,535,000","1,401,000","1,485,000","2,315,000","2,663,000","2,571,000","2,837,000","2,927,000","3,033,000","1,569,000","1,640,000","2,069,000","1,652,000","1,399,000","1,924,000","1,482,000","1,442,000","1,415,000","1,345,000","1,397,000","1,844,000","1,674,000","1,660,000","1,488,000","1,683,000","1,398,000","1,401,000","1,395,000","1,396,000","1,391,000","1,423,000","1,538,000","1,696,000","1,458,000","1,533,000","1,745,000","2,036,000","2,493,000","2,082,000",,,,,,,,,,,,,,,,,,,,
	InterestExpenseNonOperating,"166,183,000","45,578,000","39,670,000","40,240,000","40,695,000","41,016,000","43,446,000","42,272,000","45,567,000","46,019,000","48,094,000","48,633,000","48,522,000","49,359,000","47,066,000","44,523,000","42,175,000","41,595,000","41,034,000","38,746,000","37,239,000","37,088,000","34,737,000","34,042,000","32,592,000","31,741,000","21,616,000","23,507,000","22,128,000","21,072,000","21,360,000","21,321,000","20,260,000","20,095,000","17,098,000","18,475,000","17,366,000","19,502,000","18,423,000","15,854,000","18,515,000","18,323,000","17,196,000","16,701,000","16,842,000","15,335,000","16,118,000","16,649,000","17,678,000","18,676,000","18,127,000","16,379,000","16,636,000","16,391,000","15,904,000","15,962,000",,,,,,,,,,,,,,,,,,,,
OtherIncomeExpense,"179,369,000","85,702,000","8,255,000","14,573,000","70,839,000","24,744,000","5,605,000","5,044,000","5,043,000","2,819,000","2,704,000","4,326,000","2,630,000","3,804,000","34,429,000","3,429,000","3,597,000","122,732,000","3,990,000","-2,181,000","3,579,000","3,513,000","39,201,000","11,578,000","24,156,000","-60,401,000","4,224,000","-1,153,000","4,638,000","-4,718,000","219,000","-3,136,000","363,000","41,291,000","-8,175,000","3,031,000","4,727,000","12,805,000",,,"5,429,000",,,,,,,,,"352,000",,"5,093,000","22,483,000","7,970,000","2,015,000",,,,,,,,,,,,,,,"-3,523,000",,,"-171,000",,,"672,000"
	GainOnSaleOfSecurity,"140,760,000","76,877,000",,,"63,883,000","18,075,000",,,,"0",,"1,205,000",,"0","30,807,000",,,"118,808,000",,"-6,019,000",,"-1,349,000",,"11,358,000",,"0","1,101,000",,,"0","-2,500,000","-7,785,000",,"160,000",,"800,000",,,,,"5,429,000",,,,,,,,,,,,,"0",,,,,,,,,,,,,,,,"0",,,"-171,000",,,
	EarningsFromEquityInterest,"38,609,000","8,825,000","8,255,000","14,573,000","6,956,000","6,669,000","5,605,000","5,044,000","5,043,000","2,819,000","2,704,000","3,121,000","2,630,000","3,804,000","3,622,000","3,429,000","3,597,000","3,924,000","3,990,000","3,838,000","3,579,000","7,849,000","41,134,000","3,358,000","29,753,000","3,297,000","3,403,000","3,001,000","5,507,000","2,947,000","3,155,000","6,042,000","2,419,000","46,187,000","3,405,000","2,914,000","5,179,000","14,592,000",,,,,,,,,,,,,,"1,641,000",,,"2,015,000",,,,,,,,,,,,,,,,,,,,,
	SpecialIncomeCharges,,,,,,,,,,,,,,,,,,"0","0","0","0","-2,987,000","-1,933,000","-3,138,000","-5,597,000","-63,698,000","-280,000","-4,154,000","-869,000","-7,665,000","-436,000","-1,393,000","-2,056,000","-5,056,000","-11,580,000","-683,000","-452,000","-1,787,000",,,,,,,,,"0","0","0","352,000",,"5,093,000","22,483,000",,,,,,,,,,,,,,,,,,,"0",,,,"672,000"
		RestructuringAndMergernAcquisition,,,,,,,,,,,,,,,,,,"0","0","0","0","2,987,000","1,933,000","3,138,000","5,597,000","63,698,000","280,000","4,154,000","869,000","5,941,000","436,000","1,393,000","2,056,000","5,056,000","2,427,000","683,000","452,000","1,787,000",,,,,,,,,,,,,,,,,,,,,,,,,,,,,,,,,,,,,,
		OtherSpecialCharges,,,,,,,,,,,,,,,,,,,,,,,,,,,,,,"1,724,000",,,,"0","9,153,000",,,,,,,,,,,,,,,,,,,,,,,,,,,,,,,,,,,,,,,,,
		GainOnSaleOfPPE,,,,,,,,,,,,,,,,,,,,,,,,,,,,,,,,,,,,,,,,,,,,,,,,,,,,,,,,,,,,,,,,,,,,,,,,"0",,,,"672,000"
PretaxIncome,"898,082,000","287,852,000","206,592,000","184,000,000","219,638,000","170,106,000","128,511,000","114,434,000","118,341,000","123,007,000","120,047,000","115,404,000","103,973,000","112,417,000","142,325,000","104,810,000","96,772,000","223,786,000","104,238,000","96,965,000","92,858,000","95,259,000","131,692,000","93,813,000","92,172,000","14,898,000","81,761,000","63,141,000","60,884,000","51,719,000","58,187,000","49,521,000","44,039,000","85,009,000","34,633,000","39,959,000","35,939,000","66,943,000","26,735,000","23,681,000","15,743,000","17,739,000","15,417,000","10,552,000","8,583,000","9,646,000","8,834,000","7,580,000","4,723,000","2,457,000","8,300,000","-5,738,000",,,,,,,,,,,,,,,,,,,,,,,,
TaxProvision,"20,324,000","3,994,000","6,772,000","5,421,000","4,137,000","3,797,000","4,657,000","3,177,000","2,179,000","2,728,000","4,052,000","2,715,000","1,813,000","3,167,000","2,638,000","2,097,000","1,342,000","-5,529,000","3,163,000","2,867,000","3,124,000","4,843,000","4,466,000","3,773,000","2,765,000","3,154,000","3,561,000","2,185,000","2,248,000","2,233,000","-1,006,000","3,513,000","2,830,000","2,837,000","2,281,000","2,858,000","2,008,000","1,173,000","1,656,000","1,634,000","950,000","552,000","-62,000","411,000","254,000","815,000","1,088,000","1,214,000","1,045,000","1,983,000","726,000","943,000",,,,,,,,,,,,,,,,,,,,,,,,
EarningsFromEquityInterestNetOfTax,,,,,,,,,,,,,,,,,,,,,,,,,,,,,,,,,,,,,,,"16,474,000","2,698,000","2,296,000","1,227,000","1,873,000","2,376,000","1,811,000","1,957,000","1,736,000","1,559,000","1,501,000","1,676,000","1,752,000","1,641,000","1,895,000","2,322,000","2,015,000","1,373,000",,,,,,,,,,,,,,,,,,,,
NetIncomeCommonStockholders,"826,466,000","268,044,000","188,016,000","167,716,000","202,686,000","155,863,000","114,456,000","102,738,000","108,016,000","112,110,000","107,922,000","104,652,000","94,603,000","101,289,000","130,199,000","94,960,000","88,256,000","215,581,000","93,573,000","86,799,000","82,085,000","82,227,000","117,840,000","82,830,000","82,427,000","8,506,000","71,545,000","55,199,000","53,623,000","44,998,000","54,103,000","41,540,000","37,223,000","76,373,000","29,245,000","34,466,000","31,425,000","36,076,000","38,606,000","22,413,000","20,214,000","16,278,000","15,261,000","10,609,000","8,301,000","8,916,000","7,667,000","6,180,000","3,568,000","5,932,000","5,967,000","-7,541,000","28,974,000","18,960,000","12,327,000","8,901,000","6,700,000","9,591,000","9,828,000","8,695,000","6,470,000","6,739,000","4,307,000","3,092,000","738,000","-247,000","-2,859,000","-1,220,000","-640,000","-317,000","-8,020,000","-7,036,000","-6,032,000","-4,453,000","-5,166,000","-2,373,000"
	NetIncome,"827,649,000","268,427,000","188,276,000","167,948,000","202,998,000","156,056,000","114,633,000","102,911,000","108,179,000","112,282,000","108,087,000","104,828,000","94,770,000","101,462,000","130,418,000","95,153,000","88,256,000","215,961,000","93,764,000","87,006,000","82,282,000","82,403,000","118,088,000","83,044,000","82,592,000","8,675,000","71,718,000","55,339,000","53,742,000","45,122,000","54,228,000","41,665,000","37,340,000","76,940,000","29,245,000","34,466,000","31,425,000","36,076,000","38,606,000","22,413,000","20,214,000","16,278,000","15,261,000","10,609,000","8,301,000","8,916,000","7,667,000","6,180,000","3,568,000","5,932,000","5,967,000","-7,541,000","30,525,000","18,960,000","12,327,000","8,901,000","6,700,000","9,591,000","11,338,000","8,695,000","6,470,000","6,739,000","4,307,000","3,092,000","738,000","-247,000","-2,859,000","-1,220,000","-640,000","-317,000","-5,077,000","-7,036,000","-6,032,000","-8,527,000","-3,812,000","-2,373,000"
		NetIncomeIncludingNoncontrollingInterests,"877,758,000","283,858,000","199,820,000","178,579,000","215,501,000","166,309,000","123,854,000","111,257,000","116,162,000","120,279,000","115,995,000","112,689,000","102,160,000","109,250,000","139,687,000","102,713,000","95,430,000","229,315,000","101,075,000","94,098,000","89,734,000","90,416,000","127,226,000","90,040,000","89,407,000","11,744,000","78,200,000","60,956,000","58,636,000","49,486,000","59,193,000","46,008,000","41,209,000","82,172,000","32,352,000","37,101,000","33,931,000","38,873,000","41,553,000","24,745,000","22,518,000","18,414,000","17,352,000","12,517,000","10,140,000","10,788,000","9,482,000","7,925,000","5,179,000","7,438,000","7,574,000","-6,681,000","30,762,000","19,650,000","12,946,000","9,401,000","7,071,000","10,484,000","12,094,000","9,154,000","6,870,000","7,139,000","4,613,000","3,317,000","792,000","-262,000","-3,112,000","-1,330,000","-696,000","-291,000","-5,077,000","-5,912,000","-6,158,000","-8,527,000","-3,812,000","-1,340,000"
			NetIncomeContinuousOperations,"877,758,000","283,858,000","199,820,000","178,579,000","215,501,000","166,309,000","123,854,000","111,257,000","116,162,000","120,279,000","115,995,000","112,689,000","102,160,000","109,250,000","139,687,000","102,713,000","95,430,000","229,315,000","101,075,000","94,098,000","89,734,000","90,416,000","127,226,000","90,040,000","89,407,000","11,744,000","78,200,000","60,956,000","58,636,000","49,486,000","59,193,000","46,008,000","41,209,000","82,172,000","32,352,000","37,101,000","33,931,000","38,873,000","41,553,000","24,745,000","22,518,000","18,414,000","17,352,000","12,517,000","10,140,000","10,788,000","9,482,000","7,925,000","5,179,000","7,438,000","7,574,000","-6,681,000","30,762,000","19,650,000","12,946,000","9,401,000","6,700,000","9,591,000","9,828,000","8,695,000","6,470,000","6,739,000","4,307,000","3,092,000","738,000","-247,000","-2,859,000","-1,220,000","-640,000","-317,000","-8,020,000","-7,036,000","-6,032,000","-8,527,000","-3,812,000","-1,340,000"
			NetIncomeDiscontinuousOperations,,,,,,,,,,,,,,,,,,,,,,,,,,,,,,,,,,,,,,,,,,,,,,,,,,,,,,,,,,,,,,,,,,"0","0",,,,,,,,,
		MinorityInterests,"-50,109,000","-15,431,000","-11,544,000","-10,631,000","-12,503,000","-10,253,000","-9,221,000","-8,346,000","-7,983,000","-7,997,000","-7,908,000","-7,861,000","-7,390,000","-7,788,000","-9,269,000","-7,560,000","-7,174,000","-13,354,000","-7,311,000","-7,092,000","-7,452,000","-8,013,000","-9,138,000","-6,996,000","-6,815,000","-3,069,000","-6,482,000","-5,617,000","-4,894,000","-4,364,000","-4,965,000","-4,343,000","-3,869,000","-5,232,000","-3,107,000","-2,635,000","-2,506,000","-2,797,000","-2,947,000","-2,332,000","-2,304,000","-2,136,000","-2,091,000","-1,908,000","-1,839,000","-1,872,000","-1,815,000","-1,745,000","-1,611,000","-1,506,000","-1,607,000","-860,000","-237,000","-690,000","-619,000","-500,000","-371,000","-893,000","-756,000","-459,000","-400,000","-400,000","-306,000","-225,000","-54,000","15,000","253,000","110,000","56,000","-26,000",,"-1,124,000","126,000",,,"-1,033,000"
	PreferredStockDividends,,,,,,,,,,,,,,,,,,,,,,,,,,,,,,,,,,,,,,,,,,,,,,,,,,,,,"1,551,000",,,,,"0","1,510,000",,,,,,,,,,,"0","2,943,000",,,,,
	OtherunderPreferredStockDividend,"1,183,000","383,000","260,000","232,000","312,000","193,000","177,000","173,000","163,000","172,000","165,000","176,000","167,000","173,000","219,000","193,000",,"380,000","191,000","207,000","197,000","176,000","248,000","214,000","165,000","169,000","173,000","140,000","119,000","124,000","125,000","125,000","117,000",,,,,,,,,,,,,,,,,,,"860,000",,,,,,,,,,,,,,,,,,,,,,,"1,354,000",
AverageDilutionEarnings,"40,805,000","13,126,000","9,238,000","8,261,000","11,322,000",,"177,000",,"5,762,000","6,296,000","5,693,000","5,614,000","4,857,000","5,241,000","6,764,000","4,699,000",,"13,473,000","4,782,000","4,261,000","2,778,000","-13,320,000","6,505,000","4,127,000","4,203,000","457,000","4,052,000","3,005,000","2,480,000","1,618,000","2,562,000","1,878,000","1,690,000","-1,825,000","1,654,000","1,186,000","1,056,000",,,,,,,,,,,,,,,,,,,,,,,,,,,,,,,,,,,,,,,
DilutedNIAvailtoComStockholders,"867,271,000","281,170,000","197,254,000","175,977,000","214,008,000","155,350,000","114,633,000","102,738,000","113,778,000","118,406,000","113,615,000","110,266,000","99,460,000","106,530,000","136,963,000","99,659,000","88,256,000","229,054,000","98,355,000","91,060,000","84,863,000","68,907,000","124,345,000","86,957,000","86,630,000","8,963,000","75,597,000","58,204,000","56,103,000","46,616,000","56,665,000","43,418,000","38,913,000","74,548,000","30,899,000","35,652,000","32,481,000","40,675,000","38,606,000","22,413,000","20,214,000","16,278,000","15,261,000","10,609,000","8,301,000","8,916,000","7,667,000","6,180,000","3,568,000","5,932,000","5,967,000","-7,541,000","28,974,000","18,960,000","12,327,000","8,901,000","6,700,000","9,591,000","9,828,000","8,695,000","6,470,000","6,739,000","4,307,000","3,092,000","738,000","-247,000","-2,859,000","-1,220,000","-640,000","-317,000","-8,020,000","-7,036,000","-6,032,000","-4,453,000","-5,166,000","-2,373,000"
BasicEPS,,"2","1.41","1.25","1.54","1.2","0.89","0.8","0.84","0.87","0.84","0.82","0.74","0.8","1.03","0.75","0.7","1.71","0.74","0.69","0.65","0.65","0.94","0.66","0.66","0.07","0.58","0.47","0.46","0.39","0.47","0.36","0.32","0.66","0.26","0.31","0.28","0.33","0.37","0.22","0.21",,"0.16","0.12","0.09",,"0.09","0.07","0.04",,"0.07","-0.09","0.34",,"0.15","0.12","0.1",,"0.15","0.13","0.1",,"0.08","0.06","0.01",,"-0.08","-0.04","-0.02",,"-0.53","-0.25","-0.05",,"-1.15","-0.373"
DilutedEPS,,"2","1.4","1.25","1.53","1.19","0.88","0.8","0.83","0.86","0.83","0.81","0.74","0.8","1.02","0.75","0.7","1.69","0.74","0.69","0.64","0.65","0.93","0.66","0.66","0.07","0.58","0.47","0.46","0.39","0.47","0.36","0.32","0.66","0.26","0.31","0.28","0.33","0.37","0.22","0.21",,"0.16","0.12","0.09",,"0.09","0.07","0.04",,"0.07","-0.09","0.34",,"0.15","0.12","0.1",,"0.15","0.13","0.1",,"0.07","0.06","0.01",,"-0.08","-0.04","-0.02",,"-0.53","-0.25","-0.05",,"-1.15","-0.373"
BasicAverageShares,,"133,900,276","133,809,750","133,756,610","132,007,556","130,388,071","128,862,341","128,932,152","129,288,629","129,313,513","128,776,549","127,585,436","127,037,247","126,466,028","126,466,837","125,874,130","125,772,439","126,007,129","125,717,517","125,673,156","125,605,403","125,525,954","125,752,291","124,914,467","124,754,174","123,531,844","122,644,837","116,861,678","116,117,615","116,032,453","115,726,911","115,653,489","115,438,325","113,495,805","111,231,452","111,137,437","110,809,924","107,830,985","104,252,227","102,107,535","94,888,078",,"94,314,429","91,439,042","88,045,951",,"87,484,731","87,367,967","86,873,472",,"86,437,877","86,397,618","85,940,389",,"81,736,986","73,420,540","65,825,022",,"64,901,249","64,439,138","64,058,756",,"52,501,864","51,625,135","51,593,729",,"37,465,700","31,858,839","31,169,950",,"15,241,832","28,140,000","28,140,000",,"4,491,902","6,358,292"
DilutedAverageShares,,"141,088,941","140,425,269","140,407,195","139,676,548","138,127,843","129,871,096","129,082,468","137,139,560","137,436,403","137,318,475","135,654,761","134,289,716","133,584,084","134,240,290","132,772,772","132,682,560","134,676,639","133,044,473","132,783,402","132,618,644","126,065,539","133,763,472","132,025,915","131,956,094","131,021,387","130,398,111","124,475,890","122,595,718","121,652,351","121,617,554","121,254,222","121,062,845","114,560,673","117,604,515","115,359,245","114,967,087","112,007,741","108,755,316","106,653,965","99,927,352",,"98,867,803","96,010,848","92,812,067",,"92,189,852","92,304,831","91,666,076",,"91,548,984","91,607,503","91,222,295",,"87,263,018","79,092,783","71,359,324",,"70,567,078","69,248,845","68,786,185",,"57,072,838","55,991,088","55,709,430",,"37,465,700","31,858,839","31,169,950",,"15,241,832","28,140,000","28,140,000",,"4,491,902","6,358,292"
TotalOperatingIncomeAsReported,"975,953,000","311,773,000","226,278,000","196,829,000","241,073,000","195,749,000","163,207,000","149,993,000","157,191,000","164,645,000","162,638,000","159,198,000","148,477,000","187,484,000","153,591,000","144,716,000","133,912,000","141,114,000","139,881,000","136,407,000","124,203,000","123,184,000","122,724,000","110,302,000","93,628,000","40,309,000","97,304,000","81,607,000","75,436,000","69,916,000","77,493,000","70,661,000","60,398,000","57,315,000","56,064,000","53,375,000","46,729,000","43,112,000","43,484,000","37,875,000","32,770,000","34,379,000","31,215,000","25,852,000","24,030,000","23,585,000","23,561,000","22,806,000","20,863,000","24,373,000","23,217,000","2,374,000","21,275,000","23,713,000","24,342,000","21,908,000","21,980,000","23,732,000","22,714,000","19,731,000","17,621,000","17,103,000","16,527,000","14,866,000","11,156,000","11,132,000","10,121,000","5,875,000","5,226,000","5,916,000","3,360,000","1,501,000",,"-2,422,000","1,057,000","1,734,000"
TotalExpenses,"742,169,000","192,487,000","186,214,000","181,801,000","181,667,000","175,816,000","179,817,000","177,253,000","175,261,000","171,156,000","174,867,000","165,609,000","163,069,000","150,676,000","153,362,000","152,097,000","151,573,000","140,728,000","144,275,000","139,596,000","138,805,000","134,845,000","132,526,000","130,833,000","131,722,000","121,752,000","99,913,000","99,699,000","96,849,000","91,510,000","89,439,000","88,186,000","89,726,000","79,563,000","74,620,000","72,188,000","72,141,000","65,204,000","66,307,000","57,076,000","58,217,000","56,696,000","52,882,000","52,188,000","50,451,000","49,569,000","48,418,000","45,971,000","46,724,000","46,477,000","48,087,000","66,694,000","47,979,000","46,647,000","45,506,000","45,428,000","43,727,000","40,982,000","41,112,000","36,819,000","36,155,000","35,072,000","34,661,000","33,665,000","34,214,000","32,926,000","33,014,000","18,742,000","17,692,000","13,509,000","14,808,000","12,428,000","-7,585,000","12,000,000","8,077,000","7,573,000"
NetIncomeFromContinuingAndDiscontinuedOperation,"827,649,000","268,427,000","188,276,000","167,948,000","202,998,000","156,056,000","114,633,000","102,911,000","108,179,000","112,282,000","108,087,000","104,828,000","94,770,000","101,462,000","130,418,000","95,153,000","88,256,000","215,961,000","93,764,000","87,006,000","82,282,000","82,403,000","118,088,000","83,044,000","82,592,000","8,675,000","71,718,000","55,339,000","53,742,000","45,122,000","54,228,000","41,665,000","37,340,000","76,940,000","29,245,000","34,466,000","31,425,000","36,076,000","38,606,000","22,413,000","20,214,000","16,278,000","15,261,000","10,609,000","8,301,000","8,916,000","7,667,000","6,180,000","3,568,000","5,932,000","5,967,000","-7,541,000","30,525,000","18,960,000","12,327,000","8,901,000","6,700,000","9,591,000","11,338,000","8,695,000","6,470,000","6,739,000","4,307,000","3,092,000","738,000","-247,000","-2,859,000","-1,220,000","-640,000","-317,000","-5,077,000","-7,036,000","-6,032,000","-8,527,000","-3,812,000","-2,373,000"
NormalizedIncome,"690,074,462.174","192,616,682.663","188,276,000","167,948,000","140,318,270.705","156,056,000","114,633,000","102,911,000","108,179,000","112,282,000","108,087,000","103,651,348.887","94,770,000","101,462,000","100,182,009.071","95,153,000","88,256,000","144,676,200","93,764,000","92,847,034.002","82,282,000","86,518,556.283","119,955,447.21","75,154,594.481","88,021,099.716","58,887,734.058","70,932,757.647","59,349,250.455","54,578,914.197","52,456,058.857","56,136,400","50,191,916.339","39,263,878.925","81,672,606.101","40,062,317.587","34,357,368.227","31,851,745.652","36,076,000","38,606,000","22,413,000","15,112,609.096","16,278,000","15,261,000","10,609,000","8,301,000","8,916,000","7,667,000","6,180,000","3,568,000","5,703,200","5,967,000","-10,851,450","15,911,050","13,779,500","12,327,000","8,901,000","6,700,000","9,591,000","11,338,000","8,695,000","6,470,000","6,739,000","4,307,000","3,092,000","738,000","-247,000","-2,859,000","-1,220,000","-640,000","1,796,800","-5,077,000","-7,036,000","-5,929,400","-8,527,000","-3,812,000","-2,776,200"
InterestIncome,"49,703,000","12,832,000","11,729,000","12,838,000","12,304,000","8,704,000","3,145,000","1,669,000","1,674,000","1,562,000","2,799,000","1,718,000","1,388,000","1,295,000","1,371,000","1,188,000","1,438,000","1,535,000","1,401,000","1,485,000","2,315,000","2,663,000","2,571,000","2,837,000","2,927,000","3,033,000","1,569,000","1,640,000","2,069,000","1,652,000","1,399,000","1,924,000","1,482,000","1,442,000","1,415,000","1,345,000","1,397,000","1,844,000","1,674,000","1,660,000","1,488,000","1,683,000","1,398,000","1,401,000","1,395,000","1,396,000","1,391,000","1,423,000","1,538,000","1,696,000","1,458,000","1,533,000","1,745,000","2,036,000","2,493,000","2,082,000",,,,,,,,,,,,,,,,,,,,
InterestExpense,"166,183,000","45,578,000","39,670,000","40,240,000","40,695,000","41,016,000","43,446,000","42,272,000","45,567,000","46,019,000","48,094,000","48,633,000","48,522,000","49,359,000","47,066,000","44,523,000","42,175,000","41,595,000","41,034,000","38,746,000","37,239,000","37,088,000","34,737,000","34,042,000","32,592,000","31,741,000","21,616,000","23,507,000","22,128,000","21,072,000","21,360,000","21,321,000","20,260,000","20,095,000","17,098,000","18,475,000","17,366,000","19,502,000","18,423,000","15,854,000","18,515,000","18,323,000","17,196,000","16,701,000","16,842,000","15,335,000","16,118,000","16,649,000","17,678,000","18,676,000","18,127,000","16,379,000","16,636,000","16,391,000","15,904,000","15,962,000",,,,,,,,,,,,,,,,,,,,
NetInterestIncome,"-116,480,000","-32,746,000","-27,941,000","-27,402,000","-28,391,000","-32,312,000","-40,301,000","-40,603,000","-43,893,000","-44,457,000","-45,295,000","-46,915,000","-47,134,000","-48,064,000","-45,695,000","-43,335,000","-40,737,000","-40,060,000","-39,633,000","-37,261,000","-34,924,000","-34,425,000","-32,166,000","-31,205,000","-29,665,000","-28,708,000","-20,047,000","-21,867,000","-20,059,000","-19,420,000","-19,961,000","-19,397,000","-18,778,000","-18,653,000","-15,683,000","-17,130,000","-15,969,000","-17,658,000","-16,749,000","-14,194,000","-17,027,000","-16,640,000","-15,798,000","-15,300,000","-15,447,000","-13,939,000","-14,727,000","-15,226,000","-16,140,000","-16,980,000","-16,669,000","-14,846,000","-14,891,000","-14,355,000","-13,411,000","-13,880,000",,,,,,,,,,,,,,,,,,,,
EBIT,"1,064,265,000","333,430,000","246,262,000","224,240,000","260,333,000","211,122,000","171,957,000","156,706,000","163,908,000","169,026,000","168,141,000","164,037,000","152,495,000","161,776,000","189,391,000","149,333,000","138,947,000","265,381,000","145,272,000","135,711,000","130,097,000","132,347,000","166,429,000","127,855,000","124,764,000","46,639,000","103,377,000","86,648,000","83,012,000","72,791,000","79,547,000","70,842,000","64,299,000","105,104,000","51,731,000","58,434,000","53,305,000","86,445,000","45,158,000","39,535,000","34,258,000","36,062,000","32,613,000","27,253,000","25,425,000","24,981,000","24,952,000","24,229,000","22,401,000","21,133,000","26,427,000","10,641,000","21,275,000","23,713,000","24,342,000","21,908,000","21,980,000","23,732,000","22,714,000","19,731,000","17,621,000","17,103,000","16,527,000","14,866,000","11,156,000","11,132,000","10,121,000","5,875,000","5,226,000","9,439,000","3,360,000","1,501,000","18,601,000","-2,422,000","1,057,000","1,734,000"
EBITDA,"1,306,144,000"
ReconciledCostOfRevenue,"398,096,000","102,375,000","100,303,000","95,890,000","99,528,000","94,725,000","99,511,000","95,898,000","96,975,000","95,545,000","96,297,000","87,852,000","85,732,000","79,116,000","81,372,000","78,554,000","78,360,000","72,781,000","76,702,000","71,099,000","70,565,000","67,332,000","66,434,000","66,371,000","65,423,000","62,848,000","52,486,000","51,492,000","50,172,000","45,640,000","46,224,000","44,930,000","46,049,000","39,774,000","37,249,000","35,664,000","36,347,000","34,523,000","31,494,000","27,436,000","28,444,000","26,705,000","25,866,000","24,094,000","24,959,000","24,023,000","23,070,000","22,398,000","23,179,000","21,544,000","24,286,000","24,438,000","24,128,000","22,759,000","22,793,000","22,233,000",,,,,,,,,,,,,,,,,,,,
ReconciledDepreciation,"241,879,000","62,194,000","61,516,000","59,570,000","58,599,000","56,739,000","56,412,000","56,018,000","55,275,000","54,741,000","56,051,000","54,406,000","54,659,000","53,126,000","52,283,000","51,892,000","51,749,000","49,157,000","48,075,000","46,632,000","49,432,000","49,158,000","46,555,000","43,950,000","42,897,000","40,766,000","30,711,000","31,552,000","30,428,000","29,181,000","29,249,000","28,271,000","28,375,000","25,994,000","23,428,000","22,785,000","23,025,000","21,535,000","19,768,000","16,626,000","16,524,000","15,973,000","14,364,000","14,092,000","13,585,000","13,209,000","12,519,000","12,202,000","12,419,000","13,243,000","13,797,000","12,840,000","12,523,000","13,933,000","12,355,000","11,697,000","11,581,000","11,284,000","10,598,000","9,123,000","8,796,000","9,586,000","9,253,000","9,057,000","9,276,000","9,527,000","9,535,000","6,213,000","5,730,000","4,729,000","5,057,000","2,551,000","3,215,000","2,219,000","1,688,000","1,466,000"
NetIncomeFromContinuingOperationNetMinorityInterest,"827,649,000","268,427,000","188,276,000","167,948,000","202,998,000","156,056,000","114,633,000","102,911,000","108,179,000","112,282,000","108,087,000","104,828,000","94,770,000","101,462,000","130,418,000","95,153,000","88,256,000","215,961,000","93,764,000","87,006,000","82,282,000","82,403,000","118,088,000","83,044,000","82,592,000","8,675,000","71,718,000","55,339,000","53,742,000","45,122,000","54,228,000","41,665,000","37,340,000","76,940,000","29,245,000","34,466,000","31,425,000","36,076,000","38,606,000","22,413,000","20,214,000","16,278,000","15,261,000","10,609,000","8,301,000","8,916,000","7,667,000","6,180,000","3,568,000","5,932,000","5,967,000","-7,541,000","30,525,000","18,960,000","12,327,000","8,901,000","6,700,000","9,591,000","11,338,000","8,695,000","6,470,000","6,739,000","4,307,000","3,092,000","738,000","-247,000","-2,859,000","-1,220,000","-640,000","-317,000","-5,077,000","-7,036,000","-6,032,000","-8,527,000","-3,812,000","-2,373,000"
TotalUnusualItemsExcludingGoodwill,"140,760,000","76,877,000",,,"63,883,000","18,075,000",,,,"0",,"1,205,000",,"0","30,807,000",,,"118,808,000","0","-6,019,000","0","-4,336,000","-1,933,000","8,220,000","-5,597,000","-63,698,000","821,000","-4,154,000","-869,000","-7,665,000","-2,936,000","-9,178,000","-2,056,000","-4,896,000","-11,580,000","117,000","-452,000","-1,787,000",,,"5,429,000",,,,,,"0","0","0","352,000",,"5,093,000","22,483,000","7,970,000",,,,,,,,,,,,,,,,"-3,523,000",,"0","-171,000",,,"672,000"
TotalUnusualItems,"140,760,000","76,877,000",,,"63,883,000","18,075,000",,,,"0",,"1,205,000",,"0","30,807,000",,,"118,808,000","0","-6,019,000","0","-4,336,000","-1,933,000","8,220,000","-5,597,000","-63,698,000","821,000","-4,154,000","-869,000","-7,665,000","-2,936,000","-9,178,000","-2,056,000","-4,896,000","-11,580,000","117,000","-452,000","-1,787,000",,,"5,429,000",,,,,,"0","0","0","352,000",,"5,093,000","22,483,000","7,970,000",,,,,,,,,,,,,,,,"-3,523,000",,"0","-171,000",,,"672,000"
NormalizedEBITDA,"1,165,384,000","318,747,000","307,778,000","283,810,000","255,049,000","267,861,000","228,369,000","212,724,000","219,183,000","223,767,000","224,192,000","217,238,000","207,154,000","214,902,000","210,867,000","201,225,000","190,696,000","195,730,000","193,347,000","188,362,000","179,529,000","185,841,000","214,917,000","163,585,000","173,258,000","151,103,000","133,267,000","122,354,000","114,309,000","109,637,000","111,732,000","108,291,000","94,730,000","135,994,000","86,739,000","81,102,000","76,782,000","107,980,000","64,926,000","56,161,000","45,353,000","52,035,000","46,977,000","41,345,000","39,010,000","38,190,000","37,471,000","36,431,000","34,820,000","34,024,000","40,224,000","18,388,000","11,315,000","29,676,000","36,697,000","33,605,000","33,561,000","35,016,000","33,312,000","28,854,000","26,417,000","26,689,000","25,780,000","23,923,000","20,432,000","20,659,000","19,656,000","12,088,000","10,956,000","17,691,000","8,417,000","4,590,000","21,987,000","-203,000","2,745,000","2,528,000"
TaxRateForCalcs,"0.023","0.014","0.033","0.029","0.019","0.022","0.036","0.028","0.018","0.022","0.034","0.024","0.017","0.028","0.019","0.02","0.014","0.4","0.03","0.03","0.034","0.051","0.034","0.04","0.03","0.212","0.044","0.035","0.037","0.043","0.35","0.071","0.064","0.033","0.066","0.072","0.056","0.018","0.062","0.069","0.06","0.031","0.35","0.039","0.03","0.084","0.123","0.16","0.221","0.35","0.087","0.35","0.35","0.35","0.35","0.35","0.35","0.35","0.35","0.35","0.35","0.4","0.4","0.4","0.4","0.4","0.4","0.4","0.4","0.4","0.4","0.4","0.4","0.4","0.4","0.4"
TaxEffectOfUnusualItems,"3,185,462.174","1,066,682.663","0","0","1,203,270.705","0","0","0","0","0","0","28,348.887","0","0","571,009.071","0","0","47,523,200","0","-177,965.998","0","-220,443.717","-65,552.79","330,594.481","-167,900.284","-13,485,265.942","35,757.647","-143,749.545","-32,085.803","-330,941.143","-1,027,600","-651,083.661","-132,121.075","-163,393.899","-762,682.413","8,368.227","-25,254.348","0","0","0","327,609.096","0","0","0","0","0","0","0","0","123,200","0","1,782,550","7,869,050","2,789,500","0","0","0","0","0","0","0","0","0","0","0","0","0","0","0","-1,409,200","0","0","-68,400","0","0","268,800"