name,ttm,12/31/2021,09/30/2021,06/30/2021,03/31/2021,12/31/2020,09/30/2020,06/30/2020,03/31/2020,12/31/2019,09/30/2019,06/30/2019,03/31/2019,12/31/2018,09/30/2018,06/30/2018,03/31/2018,12/31/2017,09/30/2017,06/30/2017,03/31/2017,12/31/2016,09/30/2016,06/30/2016,03/31/2016,12/31/2015,09/30/2015,06/30/2015,03/31/2015,12/31/2014,09/30/2014,06/30/2014,03/31/2014,12/31/2013,09/30/2013,06/30/2013,03/31/2013,12/31/2012,09/30/2012,06/30/2012,03/31/2012,12/31/2011,09/30/2011,06/30/2011,03/31/2011,12/31/2010,09/30/2010,06/30/2010,03/31/2010,12/31/2009,09/30/2009,06/30/2009,03/31/2009,12/31/2008,09/30/2008,06/30/2008,03/31/2008,12/31/2007,09/30/2007,06/30/2007,03/31/2007,12/31/2006,09/30/2006,06/30/2006,03/31/2006,12/31/2005,09/30/2005,06/30/2005,03/31/2005,12/31/2004,09/30/2004,06/30/2004,03/31/2004,12/31/2003,09/30/2003,06/30/2003,03/31/2003,12/31/2002,09/30/2002,06/30/2002,03/31/2002,12/31/2001,09/30/2001,06/30/2001,03/31/2001,12/31/2000,09/30/2000,06/30/2000,03/31/2000,12/31/1999,09/30/1999,06/30/1999,03/31/1999,12/31/1998,09/30/1998,06/30/1998,03/31/1998,12/31/1997,09/30/1997,06/30/1997,03/31/1997,12/31/1996,09/30/1996,06/30/1996,03/31/1996,12/31/1995,09/30/1995,06/30/1995,03/31/1995,12/31/1994,09/30/1994,06/30/1994,03/31/1994,12/31/1993,09/30/1993,06/30/1993,03/31/1993,12/31/1992,09/30/1992,06/30/1992,03/31/1992,12/31/1991,09/30/1991,06/30/1991,03/31/1991,12/31/1990,09/30/1990,06/30/1990,03/31/1990,12/31/1989,09/30/1989,06/30/1989,03/31/1989,12/31/1988,09/30/1988,06/30/1988,03/31/1988,12/31/1987,09/30/1987,06/30/1987,03/31/1987
TotalRevenue,"6,010,900,000","1,531,900,000","1,554,200,000","1,507,700,000","1,417,000,000","1,358,000,000","1,413,300,000","1,509,000,000","1,367,000,000","1,276,900,000","1,379,100,000","1,368,400,000","1,309,300,000","1,231,600,000","1,279,800,000","1,267,900,000","1,185,800,000","1,088,500,000","1,132,800,000","1,121,500,000","1,047,700,000","947,947,000","1,013,122,000","1,014,287,000","986,680,000","922,793,000","995,250,000","997,827,000","953,317,000","926,254,000","980,814,000","949,938,000","876,501,000","813,760,000","858,424,000","847,596,000","806,326,000","757,235,000","802,577,000","804,890,000","768,875,000","697,804,000","726,742,000","701,730,000","640,583,000","573,766,000","603,750,000","571,183,000","520,772,000","476,750,000","489,339,000","474,894,000","489,347,000","544,959,000","625,037,000","604,219,000","566,210,000","519,206,000","533,750,000","519,706,000","489,157,000","448,729,000","470,088,000","458,817,000","431,703,000","384,043,000","402,218,000","383,263,000","353,809,000","318,465,000","325,678,000","310,143,000","284,206,000","251,643,000","258,330,000","249,112,000","235,843,000","219,286,000","238,086,000","233,484,000","214,582,000","205,283,000","207,077,000","204,907,000","201,016,000","187,961,000","192,922,000","188,589,000","176,268,000","155,300,000","159,400,000","153,900,000","140,600,000","128,600,000","131,300,000","126,400,000","116,700,000","107,100,000","105,600,000","98,200,000","87,100,000","77,600,000","76,200,000","70,900,000","63,100,000","58,000,000","58,000,000","55,500,000","51,100,000","45,000,000","43,500,000","39,400,000","34,000,000","30,300,000","29,500,000","27,100,000","23,400,000","21,400,000","21,300,000","20,300,000","18,200,000","16,300,000","16,700,000","15,500,000","13,800,000","13,000,000","13,900,000","13,100,000","12,200,000","10,800,000","11,200,000","10,300,000","8,900,000","8,200,000","8,200,000","7,400,000","6,600,000","5,700,000","5,600,000","4,500,000","4,500,000"
	OperatingRevenue,"6,010,900,000","1,531,900,000","1,554,200,000","1,507,700,000","1,417,000,000","1,358,000,000","1,413,300,000","1,509,000,000","1,367,000,000","1,276,900,000","1,379,100,000","1,368,400,000","1,309,300,000","1,231,600,000","1,279,800,000","1,267,900,000","1,185,800,000","1,088,500,000","1,132,800,000","1,121,500,000","1,047,700,000","947,947,000","1,013,122,000","1,014,287,000","986,680,000","922,793,000","995,250,000","997,827,000","953,317,000","926,254,000","980,814,000","949,938,000","876,501,000","813,760,000","858,424,000","847,596,000","806,326,000","757,235,000","802,577,000","804,890,000","768,875,000","697,804,000","726,742,000","701,730,000","640,583,000","573,766,000","603,750,000","571,183,000","520,772,000","476,750,000","489,339,000","474,894,000","489,347,000","544,959,000","625,037,000","604,219,000","566,210,000","519,206,000","533,750,000","519,706,000","489,157,000","448,729,000","470,088,000","458,817,000","431,703,000","384,043,000","402,218,000","383,263,000","353,809,000","318,465,000","325,678,000","310,143,000","284,206,000","251,643,000","258,330,000","249,112,000","235,843,000","219,286,000","238,086,000","233,484,000","214,582,000","205,283,000","207,077,000","204,907,000","201,016,000","187,961,000","192,922,000","188,589,000","176,268,000","155,300,000","159,400,000","153,900,000","140,600,000","128,600,000","131,300,000","126,400,000","116,700,000","107,100,000","105,600,000","98,200,000","87,100,000","77,600,000","76,200,000","70,900,000","63,100,000","58,000,000","58,000,000","55,500,000","51,100,000","45,000,000","43,500,000","39,400,000","34,000,000","30,300,000","29,500,000","27,100,000","23,400,000","21,400,000","21,300,000","20,300,000","18,200,000","16,300,000","16,700,000","15,500,000","13,800,000","13,000,000","13,900,000","13,100,000","12,200,000","10,800,000","11,200,000","10,300,000","8,900,000","8,200,000","8,200,000","7,400,000","6,600,000","5,700,000","5,600,000","4,500,000","4,500,000"
CostOfRevenue,"3,233,700,000","819,000,000","834,000,000","807,000,000","773,600,000","739,200,000","772,700,000","837,400,000","730,200,000","678,500,000","728,000,000","727,200,000","684,600,000","643,800,000","664,000,000","650,200,000","608,200,000","557,300,000","576,900,000","563,000,000","529,700,000","476,056,000","513,288,000","512,695,000","495,220,000","462,221,000","493,025,000","495,740,000","469,267,000","458,690,000","482,121,000","467,271,000","428,023,000","402,311,000","415,029,000","404,875,000","384,446,000","366,414,000","388,202,000","389,739,000","374,698,000","340,626,000","349,361,000","335,497,000","307,203,000","275,149,000","291,102,000","273,525,000","254,859,000","239,035,000","244,772,000","232,389,000","230,699,000","253,769,000","294,154,000","286,830,000","269,580,000","254,640,000","261,726,000","258,237,000","239,642,000","224,781,000","232,853,000","229,812,000","214,216,000","199,467,000","199,872,000","189,456,000","176,436,000","157,878,000","162,118,000","152,936,000","141,227,000","129,154,000","131,823,000","125,738,000","119,146,000","109,941,000","121,017,000","117,999,000","108,005,000","108,451,000","101,393,000","99,601,000","96,411,000","86,393,000","89,435,000","88,011,000","81,364,000","71,400,000","73,200,000","69,600,000","63,700,000","59,100,000","58,900,000","56,900,000","52,700,000","48,200,000","47,400,000","44,900,000","39,100,000","35,100,000","33,200,000","30,900,000","28,000,000","25,000,000","25,700,000","24,700,000","22,700,000","19,800,000","19,700,000","17,700,000","15,300,000","14,100,000","12,700,000","12,200,000","10,300,000","9,400,000","9,300,000","9,000,000","8,200,000","7,500,000","7,400,000","7,000,000","6,100,000","5,500,000","6,200,000","5,900,000","5,500,000","4,700,000","5,000,000","4,800,000",,,,,,,,,
GrossProfit,"2,777,200,000","712,900,000","720,200,000","700,700,000","643,400,000","618,800,000","640,600,000","671,600,000","636,800,000","598,400,000","651,100,000","641,200,000","624,700,000","587,800,000","615,800,000","617,700,000","577,600,000","531,200,000","555,900,000","558,500,000","518,000,000","471,891,000","499,834,000","501,592,000","491,460,000","460,572,000","502,225,000","502,087,000","484,050,000","467,564,000","498,693,000","482,667,000","448,478,000","411,449,000","443,395,000","442,721,000","421,880,000","390,821,000","414,375,000","415,151,000","394,177,000","357,178,000","377,381,000","366,233,000","333,380,000","298,617,000","312,648,000","297,658,000","265,913,000","237,715,000","244,567,000","242,505,000","258,648,000","291,190,000","330,883,000","317,389,000","296,630,000","264,566,000","272,024,000","261,469,000","249,515,000","223,948,000","237,235,000","229,005,000","217,487,000","184,576,000","202,346,000","193,807,000","177,373,000","160,587,000","163,560,000","157,207,000","142,979,000","122,489,000","126,507,000","123,374,000","116,697,000","109,345,000","117,069,000","115,485,000","106,577,000","96,832,000","105,684,000","105,306,000","104,605,000","101,568,000","103,487,000","100,578,000","94,904,000","83,900,000","86,200,000","84,300,000","76,900,000","69,500,000","72,400,000","69,500,000","64,000,000","58,900,000","58,200,000","53,300,000","48,000,000","42,500,000","43,000,000","40,000,000","35,100,000","33,000,000","32,300,000","30,800,000","28,400,000","25,200,000","23,800,000","21,700,000","18,700,000","16,200,000","16,800,000","14,900,000","13,100,000","12,000,000","12,000,000","11,300,000","10,000,000","8,800,000","9,300,000","8,500,000","7,700,000","7,500,000","7,700,000","7,200,000","6,700,000","6,100,000","6,200,000","5,500,000",,,,,,,,,
OperatingExpense,"1,559,800,000","412,000,000","401,800,000","382,900,000","363,100,000","354,700,000","351,500,000","355,300,000","365,900,000","359,900,000","369,200,000","366,700,000","363,600,000","354,400,000","353,800,000","349,300,000","342,700,000","327,800,000","327,500,000","321,600,000","305,900,000","289,623,000","297,047,000","292,619,000","290,181,000","282,181,000","282,378,000","276,644,000","280,387,000","278,785,000","286,132,000","276,016,000","269,843,000","254,389,000","254,957,000","250,750,000","247,334,000","232,914,000","238,814,000","236,538,000","232,970,000","216,552,000","222,257,000","215,868,000","204,692,000","191,779,000","192,140,000","185,822,000","175,410,000","166,621,000","168,119,000","172,143,000","179,909,000","191,718,000","213,264,000","194,040,000","186,666,000","172,944,000","173,176,000","164,063,000","161,056,000","151,029,000","150,061,000","146,196,000","140,547,000","121,753,000","128,463,000","122,077,000","117,646,000","110,151,000","107,867,000","101,309,000","97,849,000","90,581,000","89,120,000","88,129,000","86,100,000","82,694,000","86,460,000","81,724,000","78,367,000","75,607,000","78,674,000","74,856,000","71,559,000","71,336,000","69,910,000","66,865,000","62,869,000","58,300,000","58,600,000","56,900,000","51,800,000","49,100,000","49,300,000","46,400,000","43,600,000","42,400,000","39,600,000","36,000,000","33,300,000","29,200,000","28,600,000","26,100,000","23,100,000","20,800,000","20,000,000","19,500,000","18,500,000","16,100,000","15,300,000","14,000,000","13,000,000","10,500,000","11,000,000","10,200,000","9,500,000","8,100,000","8,000,000","7,700,000","7,300,000","6,200,000","6,300,000","5,900,000","5,600,000","5,000,000","5,000,000","4,700,000","4,600,000","4,300,000","4,000,000","4,100,000",,,,,,,,,
	SellingGeneralAndAdministration,"1,559,800,000","412,000,000","401,800,000","382,900,000","363,100,000","354,700,000","351,500,000","355,300,000","365,900,000","359,900,000","369,200,000","366,700,000","363,600,000","354,400,000","353,800,000","349,300,000","342,700,000","327,800,000","327,500,000","321,600,000","305,900,000","289,623,000","297,047,000","292,619,000","290,181,000","282,181,000","282,378,000","276,644,000","280,387,000","278,785,000","286,132,000","276,016,000","269,843,000","254,389,000","254,957,000","250,750,000","247,334,000","232,914,000","238,814,000","236,538,000","232,970,000","216,552,000","222,257,000","215,868,000","204,692,000","191,779,000","192,140,000","185,783,000","175,410,000","166,621,000","168,119,000","172,143,000","179,909,000","191,917,000","213,310,000","193,899,000","186,562,000","172,958,000","173,178,000","164,261,000","160,851,000","150,982,000","150,035,000","146,081,000","140,512,000","121,619,000","128,602,000","121,873,000","117,697,000","110,063,000","107,815,000","101,193,000","97,453,000","90,456,000","89,082,000","88,106,000","85,969,000","88,324,000","86,460,000","81,724,000","78,367,000","75,607,000","78,674,000","74,856,000","71,559,000","68,019,000","66,883,000","63,949,000","60,152,000","55,600,000","55,700,000","53,600,000","48,700,000","45,800,000","46,400,000","43,800,000","41,200,000","39,700,000","37,100,000","33,800,000","31,200,000","27,500,000","26,300,000","24,200,000","21,500,000","19,300,000","18,700,000","18,200,000","17,200,000","14,900,000","14,500,000","13,300,000","12,300,000","9,800,000","10,400,000","9,600,000","8,900,000","7,500,000","7,600,000","7,300,000","6,900,000","5,800,000","6,000,000","5,600,000","5,300,000","4,800,000","4,800,000","4,500,000","4,400,000","4,100,000","3,800,000","3,800,000",,,,,,,,,
	DepreciationAmortizationDepletionIncomeStatement,,,,,,,,,,,,,,,,,,,,,,,,,,,,,,,,,,,,,,,,,,,,,,,,,,,,,,,,,,,,,,,,,,,,,,,,,,,,,,,,,,,,,,"3,317,000","3,027,000","2,916,000","2,717,000","2,700,000","2,900,000","3,300,000","3,100,000","3,300,000","2,900,000","2,600,000","2,400,000","2,700,000","2,500,000","2,200,000","2,100,000","1,700,000","2,300,000","1,900,000","1,600,000","1,500,000","1,300,000","1,300,000","1,300,000","1,200,000","800,000","700,000","700,000","700,000","600,000","600,000","600,000","600,000","400,000","400,000","400,000","400,000","300,000","300,000","300,000","200,000","200,000","200,000","200,000","200,000","200,000","200,000",,,,,,,,,
		DepreciationAndAmortizationInIncomeStatement,,,,,,,,,,,,,,,,,,,,,,,,,,,,,,,,,,,,,,,,,,,,,,,,,,,,,,,,,,,,,,,,,,,,,,,,,,,,,,,,,,,,,,"3,317,000","3,027,000","2,916,000","2,717,000","2,700,000","2,900,000","3,300,000","3,100,000","3,300,000","2,900,000","2,600,000","2,400,000","2,700,000","2,500,000","2,200,000","2,100,000","1,700,000","2,300,000","1,900,000","1,600,000","1,500,000","1,300,000","1,300,000","1,300,000","1,200,000","800,000","700,000","700,000","700,000","600,000","600,000","600,000","600,000","400,000","400,000","400,000","400,000","300,000","300,000","300,000","200,000","200,000","200,000","200,000","200,000","200,000","200,000",,,,,,,,,
	OtherOperatingExpenses,,,,,,,,,,,,,,,,,,,,,,,,,,,,,,,,,,,,,,,,,,,,"259,000","25,000",,"-2,000","39,000","67,000",,,,,,"-46,000","141,000","104,000","-14,000","-2,000","-198,000","205,000","47,000","26,000","115,000","35,000","134,000","-139,000","204,000","-51,000","88,000","52,000","116,000","396,000","125,000","38,000","23,000","131,000",,,,,,,,,,,,,,,,,,,,,,,,,,,,,,,,,,,,,,,,,,,,,,,,,,,,,,,"100,000",,,,,,,,,
OperatingIncome,"1,217,400,000","300,900,000","318,400,000","317,800,000","280,300,000","264,100,000","289,100,000","316,300,000","270,900,000","238,500,000","281,900,000","274,500,000","261,100,000","233,400,000","262,000,000","268,400,000","234,900,000","203,400,000","228,400,000","236,900,000","212,100,000","182,268,000","202,787,000","208,973,000","201,279,000","178,391,000","219,847,000","225,443,000","203,663,000","188,779,000","212,561,000","206,651,000","178,635,000","157,060,000","188,438,000","191,971,000","174,546,000","157,907,000","175,561,000","178,613,000","161,207,000","140,626,000","155,124,000","150,365,000","128,688,000","106,838,000","120,508,000","111,836,000","90,503,000","71,094,000","76,448,000","70,362,000","78,739,000","99,472,000","117,619,000","123,349,000","109,964,000","91,622,000","98,848,000","97,406,000","88,459,000","72,919,000","87,174,000","82,809,000","76,940,000","62,823,000","73,883,000","71,730,000","59,727,000","50,436,000","55,693,000","55,898,000","45,130,000","31,908,000","37,387,000","35,245,000","30,597,000","26,651,000","30,609,000","33,761,000","28,210,000","21,225,000","27,010,000","30,450,000","33,046,000","30,232,000","33,577,000","33,713,000","32,035,000","25,600,000","27,600,000","27,400,000","25,100,000","20,400,000","23,100,000","23,100,000","20,400,000","16,500,000","18,600,000","17,300,000","14,700,000","13,300,000","14,400,000","13,900,000","12,000,000","12,200,000","12,300,000","11,300,000","9,900,000","9,100,000","8,500,000","7,700,000","5,700,000","5,700,000","5,800,000","4,700,000","3,600,000","3,900,000","4,000,000","3,600,000","2,700,000","2,600,000","3,000,000","2,600,000","2,100,000","2,500,000","2,700,000","2,500,000","2,100,000","1,800,000","2,200,000","1,400,000","8,900,000","-17,300,000","8,200,000","7,400,000","6,600,000","-11,400,000","5,600,000","4,500,000","4,500,000"
NetNonOperatingInterestIncomeExpense,"-9,600,000","-2,400,000","-2,300,000","-2,600,000","-2,400,000","-2,200,000","-2,500,000","-2,300,000","-2,100,000","-2,500,000","-3,500,000","-3,600,000","-3,900,000","-3,600,000","-2,900,000","-3,100,000","-2,600,000","-2,500,000","-2,500,000","-2,100,000","-1,600,000","-1,666,000","-1,730,000","-1,392,000","-1,322,000","-938,000","-805,000","-734,000","-259,000","-202,000","117,000","-65,000","-6,000","139,000","93,000","165,000","413,000","107,000","117,000","144,000","96,000","154,000","94,000","76,000","148,000","238,000","192,000","289,000","233,000","385,000","592,000","464,000","256,000",,,,,,,,,,,,,,,,,,,,,,,,,,,,,,,,,,,,,,,,,,,,,,,,,,,,,,,,,,,,,,,,,,,,,,,,,,,,,,,,,,,,,,,,
	InterestIncomeNonOperating,"100,000","0","100,000","0","0","300,000","100,000","100,000","100,000","100,000","100,000","100,000","100,000","100,000","100,000","100,000","100,000","100,000","100,000","100,000","100,000","136,000","105,000","92,000","61,000","74,000","137,000","63,000","99,000","122,000","388,000","129,000","120,000","191,000","118,000","168,000","447,000","107,000","117,000","144,000","96,000","154,000","94,000","76,000","148,000","238,000","192,000","289,000","233,000","385,000","592,000","464,000","256,000",,,,,,,,,,,,,,,,,,,,,,,,,,,,,,,,,,,,,,,,,,,,,,,,,,,,,,,,,,,,,,,,,,,,,,,,,,,,,,,,,,,,,,,,
	InterestExpenseNonOperating,"9,700,000","2,400,000","2,400,000","2,600,000","2,400,000","2,500,000","2,600,000","2,400,000","2,200,000","2,600,000","3,600,000","3,700,000","4,000,000","3,700,000","3,000,000","3,200,000","2,700,000","2,600,000","2,600,000","2,200,000","1,700,000","1,802,000","1,835,000","1,484,000","1,383,000","1,012,000","942,000","797,000","358,000","324,000","271,000","194,000","126,000","52,000","25,000","3,000","34,000",,,,,,,,,,,,,,,,,,,,,,,,,,,,,,,,,,,,,,,,,,,,,,,,,,,,,,,,,,,,,,,,,,,,,,,,,,,,,,,,,,,,,,,,,,,,,,,,,,,,,,,,
OtherIncomeExpense,,,,,,"300,000","1,000,000","-300,000","400,000","400,000",,"500,000","300,000","0","300,000","600,000","-400,000","-100,000","100,000","600,000","400,000","220,000","182,000","236,000","-106,000","752,000","162,000","390,000","108,000","242,000","310,000","196,000","216,000","75,000","112,000","243,000","213,000","137,000","158,000","282,000","-174,000","-11,000","101,000","-259,000","-25,000","68,000","2,000","-39,000","-67,000","-60,000","-38,000","-424,000","-328,000","32,000","46,000","-141,000","-104,000","14,000","2,000","198,000","-115,000","-47,000","-26,000","-115,000","-35,000","-134,000","139,000","-204,000","-248,000","-88,000","-52,000","-116,000","-396,000","-125,000","-38,000","-23,000","-131,000","5,925,000","-91,000","-109,000","-95,000","-41,000","-81,000","-132,000","-85,000","-11,000","-32,000","-41,000","-78,000","-100,000","100,000","300,000",,,,,"100,000","300,000","100,000","400,000","200,000","100,000","200,000","300,000","600,000","200,000","200,000","100,000","400,000","100,000","200,000","100,000","100,000","0","100,000",,"100,000","100,000","100,000","100,000",,"200,000","100,000","100,000","200,000","100,000","100,000","100,000","100,000","100,000","100,000",,,,,,,,,,
	SpecialIncomeCharges,,,,,,"300,000","1,000,000","-300,000","400,000","400,000","0","500,000","300,000","0","300,000","600,000","-400,000","-100,000","100,000","600,000","400,000","220,000","182,000","236,000","-106,000","752,000","162,000","390,000","108,000","242,000","310,000","196,000","216,000","75,000","112,000","243,000","213,000","137,000","158,000","282,000","-174,000","-11,000","101,000","-259,000","-25,000","68,000","2,000","-39,000","-67,000","-60,000","-38,000","-424,000","-328,000","32,000","46,000","-141,000","-104,000","14,000","2,000","198,000","-115,000","-47,000","-26,000","-115,000","-35,000","-134,000","139,000","-204,000","-248,000","-88,000","-52,000","-116,000","-396,000","-125,000","-38,000","-23,000","-131,000","5,925,000","-91,000","-109,000","-95,000","-41,000","-81,000","-132,000","-85,000","-11,000","-32,000","-41,000","-78,000","-100,000","100,000","300,000",,,,,"100,000","300,000","100,000","400,000","200,000","100,000","200,000","300,000","600,000","200,000","200,000","100,000","400,000","100,000","200,000","100,000","100,000","0","100,000",,"100,000","100,000","100,000","100,000",,"200,000","100,000","100,000","200,000","100,000","100,000","100,000","100,000","100,000","100,000",,,,,,,,,,
		GainOnSaleOfPPE,,,,,,"300,000","1,000,000","-300,000","400,000","400,000","0","500,000","300,000","0","300,000","600,000","-400,000","-100,000","100,000","600,000","400,000","220,000","182,000","236,000","-106,000","752,000","162,000","390,000","108,000","242,000","310,000","196,000","216,000","75,000","112,000","243,000","213,000","136,000",,,,,,,,,,"-39,000","-67,000","-60,000","-38,000","-424,000","-328,000",,,,,,,,,,,,,,,,,,,,,,,,,,,,,,,,,,,,,,,,,,,,,,,,,,,,,,,,,,,,,,,,,,,,,,,,,,,,,,,,,,,,,,,,
PretaxIncome,"1,207,800,000","298,500,000","316,100,000","315,200,000","277,900,000","262,200,000","287,600,000","313,700,000","269,200,000","236,400,000","278,400,000","271,400,000","257,500,000","229,800,000","259,400,000","265,900,000","231,900,000","200,800,000","226,000,000","235,400,000","210,900,000","180,822,000","201,239,000","207,817,000","199,851,000","178,205,000","219,204,000","225,099,000","203,512,000","188,819,000","212,988,000","206,782,000","178,845,000","157,274,000","188,643,000","192,379,000","175,172,000","158,151,000","175,836,000","179,039,000","161,129,000","140,769,000","155,319,000","150,182,000","128,811,000","107,144,000","120,702,000","112,125,000","90,669,000","71,419,000","77,002,000","70,402,000","78,667,000","99,600,000","117,786,000","123,596,000","110,185,000","91,956,000","99,312,000","97,860,000","88,771,000","73,082,000","87,400,000","83,219,000","76,940,000","63,169,000","74,148,000","72,011,000","59,727,000","50,723,000","56,054,000","56,181,000","45,378,000","32,237,000","37,387,000","35,538,000","30,860,000","27,344,000","30,985,000","34,223,000","28,655,000","21,643,000","27,555,000","30,824,000","33,612,000","30,792,000","33,880,000","34,162,000","32,596,000","25,800,000","27,800,000","27,800,000","25,100,000","20,500,000","22,800,000","22,800,000","20,200,000","16,600,000","18,400,000","17,600,000","14,700,000","13,200,000","14,500,000","14,100,000","12,400,000","12,200,000","12,500,000","11,300,000","10,300,000","9,200,000","8,700,000","7,700,000","5,700,000","5,800,000","5,900,000","4,800,000","3,600,000","4,000,000","4,200,000","3,700,000","2,800,000","2,700,000","3,100,000","2,700,000","2,200,000","2,800,000","2,800,000","2,600,000","2,100,000","2,100,000","2,200,000","1,600,000",,,,,,,,,
TaxProvision,"282,800,000","67,300,000","72,600,000","75,500,000","67,300,000","66,100,000","66,100,000","74,800,000","66,600,000","57,700,000","64,900,000","66,800,000","63,400,000","61,000,000","61,800,000","54,700,000","57,600,000","48,400,000","82,900,000","86,500,000","76,700,000","66,017,000","74,314,000","76,296,000","73,624,000","66,301,000","82,710,000","84,742,000","75,906,000","70,428,000","79,674,000","76,268,000","66,914,000","58,045,000","69,293,000","71,370,000","66,124,000","59,435,000","66,516,000","66,733,000","60,935,000","53,298,000","58,521,000","56,070,000","49,264,000","41,983,000","45,708,000","42,958,000","34,635,000","26,883,000","29,413,000","26,864,000","29,973,000","37,064,000","44,877,000","47,430,000","42,091,000","35,765,000","37,170,000","37,604,000","34,738,000","27,512,000","33,299,000","31,706,000","29,474,000","24,005,000","28,177,000","27,364,000","22,696,000","17,454,000","21,313,000","21,349,000","17,231,000","12,347,000","14,439,000","13,611,000","11,819,000","10,455,000","11,868,000","13,108,000","10,950,000","8,289,000","10,554,000","11,806,000","12,873,000","11,885,000","13,078,000","13,187,000","12,550,000","9,900,000","10,700,000","10,700,000","9,700,000","7,900,000","8,800,000","8,800,000","7,800,000","6,400,000","7,100,000","7,100,000","5,900,000","5,300,000","5,800,000","5,700,000","5,000,000","5,000,000","5,100,000","4,600,000","4,200,000","3,700,000","3,500,000","3,100,000","2,300,000","2,400,000","2,500,000","1,900,000","1,400,000","1,600,000","1,700,000","1,500,000","1,100,000","1,000,000","1,200,000","1,000,000","900,000","1,100,000","1,100,000","1,000,000","800,000","800,000","900,000","600,000",,,,,,,,,
NetIncomeCommonStockholders,"925,000,000","231,200,000","243,500,000","239,700,000","210,600,000","196,100,000","221,500,000","238,900,000","202,600,000","178,700,000","213,500,000","204,600,000","194,100,000","168,800,000","197,600,000","211,200,000","174,300,000","152,400,000","143,100,000","148,900,000","134,200,000","114,805,000","126,925,000","131,521,000","126,227,000","111,904,000","136,494,000","140,357,000","127,606,000","118,391,000","133,314,000","130,514,000","111,931,000","99,229,000","119,350,000","121,009,000","109,048,000","98,716,000","109,320,000","112,306,000","100,194,000","87,471,000","96,798,000","94,112,000","79,547,000","65,161,000","74,994,000","69,167,000","56,034,000","44,536,000","47,589,000","43,538,000","48,694,000","62,536,000","72,909,000","76,166,000","68,094,000","56,191,000","62,142,000","60,256,000","54,033,000","45,570,000","54,101,000","51,513,000","47,854,000","39,164,000","45,971,000","44,647,000","37,031,000","33,269,000","34,741,000","34,832,000","28,147,000","19,890,000","23,262,000","21,927,000","19,041,000","16,889,000","19,117,000","21,831,000","17,705,000","13,354,000","17,001,000","19,018,000","20,739,000","18,907,000","20,802,000","20,975,000","20,046,000","15,900,000","17,100,000","17,100,000","15,400,000","12,600,000","14,000,000","14,000,000","12,400,000","10,200,000","11,300,000","10,500,000","8,800,000","7,900,000","8,700,000","8,400,000","7,400,000","7,200,000","7,400,000","6,700,000","6,100,000","5,500,000","5,200,000","4,600,000","3,400,000","3,400,000","3,400,000","2,900,000","2,200,000","2,400,000","2,500,000","2,200,000","1,700,000","1,700,000","1,900,000","1,700,000","1,300,000","1,700,000","1,700,000","1,600,000","1,300,000","1,300,000","1,300,000","1,000,000",,,,,,,,,
	NetIncome,"925,000,000","231,200,000","243,500,000","239,700,000","210,600,000","196,100,000","221,500,000","238,900,000","202,600,000","178,700,000","213,500,000","204,600,000","194,100,000","168,800,000","197,600,000","211,200,000","174,300,000","152,400,000","143,100,000","148,900,000","134,200,000","114,805,000","126,925,000","131,521,000","126,227,000","111,904,000","136,494,000","140,357,000","127,606,000","118,391,000","133,314,000","130,514,000","111,931,000","99,229,000","119,350,000","121,009,000","109,048,000","98,716,000","109,320,000","112,306,000","100,194,000","87,471,000","96,798,000","94,112,000","79,547,000","65,161,000","74,994,000","69,167,000","56,034,000","44,536,000","47,589,000","43,538,000","48,694,000","62,536,000","72,909,000","76,166,000","68,094,000","56,191,000","62,142,000","60,256,000","54,033,000","45,570,000","54,101,000","51,513,000","47,854,000","39,164,000","45,971,000","44,647,000","37,031,000","33,269,000","34,741,000","34,832,000","28,147,000","19,890,000","23,262,000","21,927,000","19,041,000","16,889,000","19,117,000","21,831,000","17,705,000","13,354,000","17,001,000","19,018,000","20,739,000","18,907,000","20,802,000","20,975,000","20,046,000","15,900,000","17,100,000","17,100,000","15,400,000","12,600,000","14,000,000","14,000,000","12,400,000","10,200,000","11,300,000","10,500,000","8,800,000","7,900,000","8,700,000","8,400,000","7,400,000","7,200,000","7,400,000","6,700,000","6,100,000","5,500,000","5,200,000","4,600,000","3,400,000","3,400,000","3,400,000","2,900,000","2,200,000","2,400,000","2,500,000","2,200,000","1,700,000","1,700,000","1,900,000","1,700,000","1,300,000","1,700,000","1,700,000","1,600,000","1,300,000","1,300,000","1,300,000","1,000,000",,,,,,,,,
		NetIncomeIncludingNoncontrollingInterests,"925,000,000","231,200,000","243,500,000","239,700,000","210,600,000","196,100,000","221,500,000","238,900,000","202,600,000","178,700,000","213,500,000","204,600,000","194,100,000","168,800,000","197,600,000","211,200,000","174,300,000","152,400,000","143,100,000","148,900,000","134,200,000","114,805,000","126,925,000","131,521,000","126,227,000","111,904,000","136,494,000","140,357,000","127,606,000","118,391,000","133,314,000","130,514,000","111,931,000","99,229,000","119,350,000","121,009,000","109,048,000","98,716,000","109,320,000","112,306,000","100,194,000","87,471,000","96,798,000","94,112,000","79,547,000","65,161,000","74,994,000","69,167,000","56,034,000","44,536,000","47,589,000","43,538,000","48,694,000","62,536,000","72,909,000","76,166,000","68,094,000","56,191,000","62,142,000","60,256,000","54,033,000","45,570,000","54,101,000","51,513,000","47,854,000","39,164,000","45,971,000","44,647,000","37,031,000","33,269,000","34,741,000","34,832,000","28,147,000","19,890,000","23,262,000","21,927,000","19,041,000","16,889,000","19,117,000","21,831,000","17,705,000","13,354,000","17,001,000","19,018,000","20,739,000","18,907,000","20,802,000","20,975,000","20,046,000","15,900,000","17,100,000","17,100,000","15,400,000","12,600,000","14,000,000","14,000,000","12,400,000","10,200,000","11,300,000","10,500,000","8,800,000","7,900,000","8,700,000","8,400,000","7,400,000","7,200,000","7,400,000","6,700,000","6,100,000","5,500,000","5,200,000","4,600,000","3,400,000","3,400,000","3,400,000","2,900,000","2,200,000","2,400,000","2,500,000","2,200,000","1,700,000","1,700,000","1,900,000","1,700,000","1,300,000","1,700,000","1,700,000","1,600,000","1,300,000","1,300,000","1,300,000","1,000,000","700,000","900,000","900,000","800,000","600,000","500,000","500,000","400,000","300,000"
			NetIncomeContinuousOperations,"925,000,000","231,200,000","243,500,000","239,700,000","210,600,000","196,100,000","221,500,000","238,900,000","202,600,000","178,700,000","213,500,000","204,600,000","194,100,000","168,800,000","197,600,000","211,200,000","174,300,000","152,400,000","143,100,000","148,900,000","134,200,000","114,805,000","126,925,000","131,521,000","126,227,000","111,904,000","136,494,000","140,357,000","127,606,000","118,391,000","133,314,000","130,514,000","111,931,000","99,229,000","119,350,000","121,009,000","109,048,000","98,716,000","109,320,000","112,306,000","100,194,000","87,471,000","96,798,000","94,112,000","79,547,000","65,161,000","74,994,000","69,167,000","56,034,000","44,536,000","47,589,000","43,538,000","48,694,000","62,536,000","72,909,000","76,166,000","68,094,000","56,191,000","62,142,000","60,256,000","54,033,000","45,570,000","54,101,000","51,513,000","47,854,000","39,164,000","45,971,000","44,647,000","37,031,000","33,269,000","34,741,000","34,832,000","28,147,000","19,890,000","23,262,000","21,927,000","19,041,000","16,889,000","19,117,000","21,115,000","17,705,000","13,354,000","17,001,000","19,018,000","20,739,000","18,907,000","20,802,000","20,975,000","20,046,000","15,900,000","17,100,000","17,100,000","15,400,000","12,600,000","14,000,000","14,000,000","12,400,000","10,200,000","11,300,000","10,500,000","8,800,000","7,900,000","8,700,000","8,400,000","7,400,000","7,200,000","7,400,000","6,700,000","6,100,000","5,500,000","5,200,000","4,600,000","3,400,000","3,400,000","3,400,000","2,900,000","2,200,000","2,400,000","2,500,000","2,200,000","1,700,000","1,700,000","1,900,000","1,700,000","1,300,000","1,700,000","1,700,000","1,600,000","1,300,000","1,300,000","1,300,000","1,000,000","700,000","900,000","900,000","800,000","600,000","500,000","500,000","400,000","300,000"
			NetIncomeFromTaxLossCarryforward,,,,,,,,,,,,,,,,,,,,,,,,,,,,,,,,,,,,,,,,,,,,,,,,,,,,,,,,,,,,,,,,,,,,,,,,,,,,,,"0",,"716,000",,,,,,,,,,,,,,,,,,,,,,,,,,,,,,,,,,,,,,,,,,,,,,,,,,,,,,,,,,,,,
DilutedNIAvailtoComStockholders,"925,000,000","231,200,000","243,500,000","239,700,000","210,600,000","196,100,000","221,500,000","238,900,000","202,600,000","178,700,000","213,500,000","204,600,000","194,100,000","168,800,000","197,600,000","211,200,000","174,300,000","152,400,000","143,100,000","148,900,000","134,200,000","114,805,000","126,925,000","131,521,000","126,227,000","111,904,000","136,494,000","140,357,000","127,606,000","118,391,000","133,314,000","130,514,000","111,931,000","99,229,000","119,350,000","121,009,000","109,048,000","98,716,000","109,320,000","112,306,000","100,194,000","87,471,000","96,798,000","94,112,000","79,547,000","65,161,000","74,994,000","69,167,000","56,034,000","44,536,000","47,589,000","43,538,000","48,694,000","62,536,000","72,909,000","76,166,000","68,094,000","56,191,000","62,142,000","60,256,000","54,033,000","45,570,000","54,101,000","51,513,000","47,854,000","39,164,000","45,971,000","44,647,000","37,031,000","33,269,000","34,741,000","34,832,000","28,147,000","19,890,000","23,262,000","21,927,000","19,041,000","16,889,000","19,117,000","21,831,000","17,705,000","13,354,000","17,001,000","19,018,000","20,739,000","18,907,000","20,802,000","20,975,000","20,046,000","15,900,000","17,100,000","17,100,000","15,400,000","12,600,000","14,000,000","14,000,000","12,400,000","10,200,000","11,300,000","10,500,000","8,800,000","7,900,000","8,700,000","8,400,000","7,400,000","7,200,000","7,400,000","6,700,000","6,100,000","5,500,000","5,200,000","4,600,000","3,400,000","3,400,000","3,400,000","2,900,000","2,200,000","2,400,000","2,500,000","2,200,000","1,700,000","1,700,000","1,900,000","1,700,000","1,300,000","1,700,000","1,700,000","1,600,000","1,300,000","1,300,000","1,300,000","1,000,000",,,,,,,,,
BasicEPS,,"0.4","0.42","0.42","0.37","0.34","0.39","0.42","0.35","0.31","0.37","0.36","0.34","0.295","0.345","0.37","0.305","0.265","0.25","0.26","0.23","0.2","0.22","0.23","0.22","0.195","0.235","0.24","0.215","0.2","0.225","0.22","0.19","0.165","0.2","0.205","0.185","0.165","0.185","0.19","0.17",,"0.165","0.16","0.135",,"0.128","0.118","0.095",,"0.08","0.073","0.083",,"0.123","0.128","0.115",,"0.103","0.1","0.09",,"0.09","0.085","0.08",,"0.076","0.074","0.061",,"0.058","0.058","0.046",,"0.039","0.036","0.031",,"0.031","0.036","0.029",,"0.028","0.031","0.034",,"0.034","0.034","0.033",,"0.028","0.028","0.026",,"0.023","0.023","0.021",,"0.019","0.018","0.014",,"0.014","0.014","0.013",,"0.012","0.011","0.01",,"0.009","0.008","0.006",,"0.006","0.005","0.004",,"0.004","0.004","0.003",,"0.003","0.003","0.003",,"0.003","0.003","0.003",,"0.003","0.002","0.001",,"0.002","0.001","0.001",,"0.001","0.001","0.001"
DilutedEPS,,"0.4","0.42","0.42","0.37","0.34","0.38","0.42","0.35","0.31","0.37","0.36","0.34","0.295","0.345","0.37","0.305","0.265","0.25","0.26","0.23","0.2","0.22","0.225","0.22","0.195","0.235","0.24","0.215","0.2","0.225","0.22","0.19","0.165","0.2","0.205","0.185","0.165","0.185","0.19","0.17",,"0.165","0.16","0.135",,"0.128","0.118","0.095",,"0.08","0.073","0.083",,"0.123","0.128","0.115",,"0.103","0.1","0.089",,"0.09","0.085","0.079",,"0.076","0.074","0.061",,"0.057","0.057","0.046",,"0.039","0.036","0.031",,"0.031","0.036","0.029",,"0.028","0.031","0.034",,"0.034","0.034","0.033",,"0.028","0.028","0.026",,"0.023","0.023","0.021",,"0.019","0.018","0.014",,"0.014","0.014","0.013",,"0.012","0.011","0.01",,"0.009","0.008","0.006",,"0.006","0.005","0.004",,"0.004","0.004","0.003",,"0.003","0.003","0.003",,"0.003","0.003","0.003",,"0.003","0.002","0.001",,"0.002","0.001","0.001",,"0.001","0.001","0.001"
BasicAverageShares,,"575,300,000","575,000,000","574,600,000","574,300,000","574,100,000","573,900,000","573,200,000","573,900,000","574,000,000","573,500,000","573,200,000","572,200,000","572,200,000","574,000,000","574,200,000","575,200,000","575,000,000","575,000,000","577,400,000","578,400,000","578,150,000","577,990,000","577,838,000","577,616,000","579,182,000","579,836,000","582,354,000","590,476,000","592,076,000","593,190,000","593,382,000","593,284,000","593,498,000","593,686,000","593,558,000","593,286,000","592,914,000","592,476,000","592,220,000","591,076,000",,"590,288,000","589,948,000","589,724,000",,"589,724,000","589,724,000","589,724,000",,"594,124,000","594,124,000","594,124,000",,"594,292,000","596,452,000","596,484,000",,"601,848,000","603,956,000","604,716,000",,"603,628,000","604,220,000","604,220,000",,"604,216,000","604,944,000","607,016,000",,"607,016,000","607,016,000","607,016,000",,"607,016,000","607,016,000","607,016,000",,"607,016,000","607,016,000","607,024,000",,"607,024,000","607,024,000","607,024,000",,"607,024,000","607,024,000","607,024,000",,"608,000,000","608,000,000","600,975,610",,"605,405,405","605,405,405","601,212,121",,"602,666,667","600,000,000","612,173,913",,"605,217,391","610,909,091","592,000,000",,"623,157,895","595,555,556","610,000,000",,"594,285,714","613,333,333","604,444,444",,"604,444,444","580,000,000","586,666,667",,"571,428,571","586,666,667","544,000,000",,"608,000,000","544,000,000","520,000,000",,"544,000,000","512,000,000","520,000,000",,"303,520,000","303,520,000","606,976,000",,"607,104,000","606,720,000","606,720,000",,"512,384,000","512,384,000","512,384,000"
DilutedAverageShares,,"577,700,000","577,300,000","577,000,000","576,500,000","576,400,000","576,100,000","575,000,000","575,300,000","575,600,000","574,400,000","574,600,000","573,000,000","572,600,000","574,600,000","574,600,000","575,800,000","575,200,000","575,200,000","577,600,000","579,000,000","578,442,000","578,300,000","578,238,000","578,248,000","580,122,000","580,950,000","583,660,000","591,874,000","593,568,000","594,756,000","595,156,000","594,990,000","595,254,000","595,432,000","595,444,000","595,304,000","594,678,000","594,358,000","594,260,000","593,854,000",,"591,790,000","591,832,000","590,856,000",,"589,724,000","589,724,000","589,724,000",,"594,124,000","594,124,000","594,124,000",,"594,292,000","596,452,000","596,484,000",,"601,848,000","603,956,000","604,716,000",,"604,028,000","605,608,000","605,560,000",,"605,168,000","605,760,000","607,952,000",,"608,072,000","607,848,000","607,720,000",,"607,016,000","607,016,000","607,016,000",,"607,016,000","607,016,000","607,024,000",,"607,024,000","607,024,000","607,024,000",,"607,024,000","607,024,000","607,024,000",,"608,000,000","608,000,000","600,975,610",,"605,405,405","605,405,405","601,212,121",,"602,666,667","600,000,000","612,173,913",,"605,217,391","610,909,091","592,000,000",,"623,157,895","595,555,556","610,000,000",,"594,285,714","613,333,333","604,444,444",,"604,444,444","580,000,000","586,666,667",,"571,428,571","586,666,667","544,000,000",,"608,000,000","544,000,000","520,000,000",,"544,000,000","512,000,000","520,000,000",,"303,520,000","303,520,000","606,976,000",,"607,104,000","606,720,000","606,720,000",,"512,384,000","512,384,000","512,384,000"
TotalOperatingIncomeAsReported,"1,217,400,000","300,900,000","318,400,000","317,800,000","280,300,000","264,400,000","290,100,000","316,000,000","271,300,000","238,900,000","281,900,000","275,000,000","261,400,000","233,400,000","262,300,000","269,000,000","234,500,000","203,300,000","228,500,000","237,500,000","212,500,000","182,488,000","202,969,000","209,209,000","201,173,000","179,143,000","220,009,000","225,833,000","203,771,000","189,021,000","212,871,000","206,847,000","178,851,000","157,135,000","188,550,000","192,214,000","174,759,000","158,044,000","175,719,000","178,895,000","161,033,000","140,615,000","155,225,000","150,106,000","128,663,000","106,906,000","120,510,000","111,836,000","90,436,000","71,034,000","76,410,000","69,938,000","78,411,000","99,305,000","117,619,000","123,349,000","109,964,000","91,622,000","98,848,000","97,406,000","88,459,000","72,919,000","87,174,000","82,809,000","76,940,000","62,823,000","73,883,000","71,730,000","59,727,000","50,436,000","55,693,000","55,898,000","45,130,000","31,908,000","37,387,000","35,245,000","30,597,000","26,651,000","30,609,000","33,761,000","28,210,000","21,225,000","27,010,000","30,450,000","33,046,000","30,232,000","33,577,000","33,713,000","32,035,000","25,600,000","27,600,000","27,400,000","25,100,000","20,400,000","23,100,000","23,100,000","20,400,000","16,500,000","18,600,000","17,300,000","14,700,000","13,300,000","14,400,000","13,900,000","12,000,000","12,200,000","12,300,000","11,300,000","9,900,000","9,100,000","8,500,000","7,700,000","5,700,000","5,700,000","5,800,000","4,700,000","3,600,000","3,900,000","4,000,000","3,600,000","2,700,000","2,600,000","3,000,000","2,600,000","2,100,000","2,500,000","2,700,000","2,500,000","2,100,000","1,800,000","2,200,000","1,400,000",,,,,,,,,
TotalExpenses,"4,793,500,000","1,231,000,000","1,235,800,000","1,189,900,000","1,136,700,000","1,093,900,000","1,124,200,000","1,192,700,000","1,096,100,000","1,038,400,000","1,097,200,000","1,093,900,000","1,048,200,000","998,200,000","1,017,800,000","999,500,000","950,900,000","885,100,000","904,400,000","884,600,000","835,600,000","765,679,000","810,335,000","805,314,000","785,401,000","744,402,000","775,403,000","772,384,000","749,654,000","737,475,000","768,253,000","743,287,000","697,866,000","656,700,000","669,986,000","655,625,000","631,780,000","599,328,000","627,016,000","626,277,000","607,668,000","557,178,000","571,618,000","551,365,000","511,895,000","466,928,000","483,242,000","459,347,000","430,269,000","405,656,000","412,891,000","404,532,000","410,608,000","445,487,000","507,418,000","480,870,000","456,246,000","427,584,000","434,902,000","422,300,000","400,698,000","375,810,000","382,914,000","376,008,000","354,763,000","321,220,000","328,335,000","311,533,000","294,082,000","268,029,000","269,985,000","254,245,000","239,076,000","219,735,000","220,943,000","213,867,000","205,246,000","192,635,000","207,477,000","199,723,000","186,372,000","184,058,000","180,067,000","174,457,000","167,970,000","157,729,000","159,345,000","154,876,000","144,233,000","129,700,000","131,800,000","126,500,000","115,500,000","108,200,000","108,200,000","103,300,000","96,300,000","90,600,000","87,000,000","80,900,000","72,400,000","64,300,000","61,800,000","57,000,000","51,100,000","45,800,000","45,700,000","44,200,000","41,200,000","35,900,000","35,000,000","31,700,000","28,300,000","24,600,000","23,700,000","22,400,000","19,800,000","17,500,000","17,300,000","16,700,000","15,500,000","13,700,000","13,700,000","12,900,000","11,700,000","10,500,000","11,200,000","10,600,000","10,100,000","9,000,000","9,000,000","8,900,000",,,,,,,,,
NetIncomeFromContinuingAndDiscontinuedOperation,"925,000,000","231,200,000","243,500,000","239,700,000","210,600,000","196,100,000","221,500,000","238,900,000","202,600,000","178,700,000","213,500,000","204,600,000","194,100,000","168,800,000","197,600,000","211,200,000","174,300,000","152,400,000","143,100,000","148,900,000","134,200,000","114,805,000","126,925,000","131,521,000","126,227,000","111,904,000","136,494,000","140,357,000","127,606,000","118,391,000","133,314,000","130,514,000","111,931,000","99,229,000","119,350,000","121,009,000","109,048,000","98,716,000","109,320,000","112,306,000","100,194,000","87,471,000","96,798,000","94,112,000","79,547,000","65,161,000","74,994,000","69,167,000","56,034,000","44,536,000","47,589,000","43,538,000","48,694,000","62,536,000","72,909,000","76,166,000","68,094,000","56,191,000","62,142,000","60,256,000","54,033,000","45,570,000","54,101,000","51,513,000","47,854,000","39,164,000","45,971,000","44,647,000","37,031,000","33,269,000","34,741,000","34,832,000","28,147,000","19,890,000","23,262,000","21,927,000","19,041,000","16,889,000","19,117,000","21,115,000","17,705,000","13,354,000","17,001,000","19,018,000","20,739,000","18,907,000","20,802,000","20,975,000","20,046,000","15,900,000","17,100,000","17,100,000","15,400,000","12,600,000","14,000,000","14,000,000","12,400,000","10,200,000","11,300,000","10,500,000","8,800,000","7,900,000","8,700,000","8,400,000","7,400,000","7,200,000","7,400,000","6,700,000","6,100,000","5,500,000","5,200,000","4,600,000","3,400,000","3,400,000","3,400,000","2,900,000","2,200,000","2,400,000","2,500,000","2,200,000","1,700,000","1,700,000","1,900,000","1,700,000","1,300,000","1,700,000","1,700,000","1,600,000","1,300,000","1,300,000","1,300,000","1,000,000",,,,,,,,,
NormalizedIncome,"925,000,000","231,200,000","243,500,000","239,700,000","210,600,000","195,875,629.291","220,730,000","239,128,600","202,298,800","178,397,631.134","213,500,000","204,223,000","193,873,800","168,800,000","197,371,400","210,723,600","174,600,800","152,475,896.414","143,036,700","148,520,800","133,945,600","114,665,320.647","126,810,209.378","131,371,642.844","126,293,992","111,431,780.882","136,393,125.801","140,113,821.532","127,538,284","118,239,264.094","133,119,963.998","130,390,291.244","111,795,784","99,181,680.195","119,279,140.228","120,856,149.704","108,915,514","98,630,486.206","109,221,768.921","112,129,109.535","100,302,197.506","87,477,835.177","96,735,054.72","94,274,303.126","79,562,438.705","65,119,644.926","74,992,757.369","69,191,058.087","56,075,406.412","44,573,415.254","47,612,484.871","43,800,210.051","48,897,028.36","62,515,908.112","72,880,526.209","76,252,891.21","68,158,271.689","56,182,445.104","62,140,748.55","60,134,084.12","54,102,998.029","45,599,306.669","54,117,094.119","51,584,185.607","47,875,592.28","39,247,078.345","45,884,821.425","44,773,480.51","37,184,761.08","33,326,718.826","34,773,228.423","34,903,919.546","28,392,630.305","19,967,124.112","23,285,324.257","21,941,191.035","19,121,828.613","13,229,428.43","19,173,144.812","21,182,251.118","17,763,697.435","13,379,297.51","17,050,975.721","19,099,442.253","20,791,446.001","18,913,754.254","20,821,647.698","21,000,173.438","20,093,968.708","15,961,627.907","17,038,489.209","16,915,467.626","15,400,000","12,600,000","14,000,000","14,000,000","12,338,613.861","10,015,662.651","11,238,586.957","10,260,000","8,680,000","7,840,000","8,580,000","8,220,000","7,040,000","7,080,000","7,280,000","6,640,000","5,860,000","5,440,000","5,080,000","4,540,000","3,340,000","3,400,000","3,340,000","2,900,000","2,138,888.889","2,340,000","2,440,000","2,140,000","1,700,000","1,574,074.074","1,838,709.677","1,637,037.037","1,180,000","1,639,285.714","1,639,285.714","1,538,461.538","1,238,095.238","1,238,095.238","1,240,000","1,000,000",,,,,,,,,
InterestIncome,"100,000","0","100,000","0","0","300,000","100,000","100,000","100,000","100,000","100,000","100,000","100,000","100,000","100,000","100,000","100,000","100,000","100,000","100,000","100,000","136,000","105,000","92,000","61,000","74,000","137,000","63,000","99,000","122,000","388,000","129,000","120,000","191,000","118,000","168,000","447,000","107,000","117,000","144,000","96,000","154,000","94,000","76,000","148,000","238,000","192,000","289,000","233,000","385,000","592,000","464,000","256,000",,,,,,,,,,,,,,,,,,,,,,,,,,,,,,,,,,,,,,,,,,,,,,,,,,,,,,,,,,,,,,,,,,,,,,,,,,,,,,,,,,,,,,,,
InterestExpense,"9,700,000","2,400,000","2,400,000","2,600,000","2,400,000","2,500,000","2,600,000","2,400,000","2,200,000","2,600,000","3,600,000","3,700,000","4,000,000","3,700,000","3,000,000","3,200,000","2,700,000","2,600,000","2,600,000","2,200,000","1,700,000","1,802,000","1,835,000","1,484,000","1,383,000","1,012,000","942,000","797,000","358,000","324,000","271,000","194,000","126,000","52,000","25,000","3,000","34,000",,,,,,,,,,,,,,,,,,,,,,,,,,,,,,,,,,,,,,,,,,,,,,,,,,,,,,,,,,,,,,,,,,,,,,,,,,,,,,,,,,,,,,,,,,,,,,,,,,,,,,,,
NetInterestIncome,"-9,600,000","-2,400,000","-2,300,000","-2,600,000","-2,400,000","-2,200,000","-2,500,000","-2,300,000","-2,100,000","-2,500,000","-3,500,000","-3,600,000","-3,900,000","-3,600,000","-2,900,000","-3,100,000","-2,600,000","-2,500,000","-2,500,000","-2,100,000","-1,600,000","-1,666,000","-1,730,000","-1,392,000","-1,322,000","-938,000","-805,000","-734,000","-259,000","-202,000","117,000","-65,000","-6,000","139,000","93,000","165,000","413,000","107,000","117,000","144,000","96,000","154,000","94,000","76,000","148,000","238,000","192,000","289,000","233,000","385,000","592,000","464,000","256,000",,,,,,,,,,,,,,,,,,,,,,,,,,,,,,,,,,,,,,,,,,,,,,,,,,,,,,,,,,,,,,,,,,,,,,,,,,,,,,,,,,,,,,,,
EBIT,"1,217,500,000","300,900,000","318,500,000","317,800,000","280,300,000","264,700,000","290,200,000","316,100,000","271,400,000","239,000,000","282,000,000","275,100,000","261,500,000","233,500,000","262,400,000","269,100,000","234,600,000","203,400,000","228,600,000","237,600,000","212,600,000","182,624,000","203,074,000","209,301,000","201,234,000","179,217,000","220,146,000","225,896,000","203,870,000","189,143,000","213,259,000","206,976,000","178,971,000","157,326,000","188,668,000","192,382,000","175,206,000","157,907,000","175,561,000","178,613,000","161,207,000","140,626,000","155,124,000","150,365,000","128,688,000","106,838,000","120,508,000","111,836,000","90,503,000","71,094,000","76,448,000","70,362,000","78,739,000","99,472,000","117,619,000","123,349,000","109,964,000","91,622,000","98,848,000","97,406,000","88,459,000","72,919,000","87,174,000","82,809,000","76,940,000","62,823,000","73,883,000","71,730,000","59,727,000","50,436,000","55,693,000","55,898,000","45,130,000","31,908,000","37,387,000","35,245,000","30,597,000","26,651,000","30,609,000","33,761,000","28,210,000","21,225,000","27,010,000","30,450,000","33,046,000","30,232,000","33,577,000","33,713,000","32,035,000","25,600,000","27,600,000","27,400,000","25,100,000","20,400,000","23,100,000","23,100,000","20,400,000","16,500,000","18,600,000","17,300,000","14,700,000","13,300,000","14,400,000","13,900,000","12,000,000","12,200,000","12,300,000","11,300,000","9,900,000","9,100,000","8,500,000","7,700,000","5,700,000","5,700,000","5,800,000","4,700,000","3,600,000","3,900,000","4,000,000","3,600,000","2,700,000","2,600,000","3,000,000","2,600,000","2,100,000","2,500,000","2,700,000","2,500,000","2,100,000","1,800,000","2,200,000","1,400,000","8,900,000","-17,300,000","8,200,000","7,400,000","6,600,000","-11,400,000","5,600,000","4,500,000","4,500,000"
EBITDA,"1,388,200,000"
ReconciledCostOfRevenue,"3,233,700,000","819,000,000","834,000,000","807,000,000","773,600,000","739,200,000","772,700,000","837,400,000","730,200,000","678,500,000","728,000,000","727,200,000","684,600,000","643,800,000","664,000,000","650,200,000","608,200,000","557,300,000","576,900,000","563,000,000","529,700,000","476,056,000","513,288,000","512,695,000","495,220,000","462,221,000","493,025,000","495,740,000","469,267,000","458,690,000","482,121,000","467,271,000","428,023,000","402,311,000","415,029,000","404,875,000","384,446,000","366,414,000","388,202,000","389,739,000","374,698,000","340,626,000","349,361,000","335,497,000","307,203,000","275,149,000","291,102,000","273,525,000","254,859,000","239,035,000","244,772,000","232,389,000","230,699,000","253,769,000","294,154,000","286,830,000","269,580,000","254,640,000","261,726,000","258,237,000","239,642,000","224,781,000","232,853,000","229,812,000","214,216,000","199,467,000","199,872,000","189,456,000","176,436,000","157,878,000","162,118,000","152,936,000","141,227,000","129,154,000","131,823,000","125,738,000","119,146,000","109,941,000","121,017,000","117,999,000","108,005,000","108,451,000","101,393,000","99,601,000","96,411,000","86,393,000","89,435,000","88,011,000","81,364,000","71,400,000","73,200,000","69,600,000","63,700,000","59,100,000","58,900,000","56,900,000","52,700,000","48,200,000","47,400,000","44,900,000","39,100,000","35,100,000","33,200,000","30,900,000","28,000,000","25,000,000","25,700,000","24,700,000","22,700,000","19,800,000","19,500,000","17,600,000","15,300,000","14,100,000","12,600,000","12,200,000","10,300,000","9,400,000","9,300,000","8,900,000","8,200,000","7,500,000","7,400,000","7,000,000","6,100,000","5,500,000","6,200,000","5,900,000","5,500,000","4,700,000","5,100,000","4,800,000",,,,,,,,,
ReconciledDepreciation,"170,700,000","43,600,000","42,800,000","42,300,000","42,000,000","42,000,000","41,100,000","40,700,000","38,600,000","37,900,000","37,300,000","37,100,000","36,400,000","35,900,000","34,800,000","34,100,000","33,400,000","32,300,000","32,500,000","31,900,000","30,700,000","29,186,000","26,666,000","24,782,000","23,418,000","25,703,000","21,337,000","20,014,000","19,544,000","18,801,000","18,418,000","18,040,000","17,413,000","16,689,000","16,375,000","15,949,000","15,178,000","14,454,000","13,589,000","13,446,000","12,563,000","11,820,000","11,226,000","11,031,000","10,629,000","10,273,000","10,044,000","10,134,000","10,304,000","9,823,000","9,800,000","10,080,000","10,317,000","9,998,000","9,873,000","9,789,000","9,541,000","9,390,000","9,375,000","9,391,000","9,243,000","10,605,000","7,897,000","7,486,000","7,609,000","7,396,000","7,758,000","7,256,000","6,663,000","6,356,000","6,096,000","5,708,000","5,550,000","5,354,000","5,127,000","5,139,000","4,891,000","4,449,000","4,224,000","4,250,000","4,089,000","3,955,000","3,810,000","3,872,000","3,330,000","3,317,000","3,027,000","2,916,000","2,717,000","2,700,000","2,900,000","3,300,000","3,100,000","3,300,000","2,900,000","2,600,000","2,400,000","2,700,000","2,500,000","2,200,000","2,100,000","1,700,000","2,300,000","1,900,000","1,600,000","1,500,000","1,300,000","1,300,000","1,300,000","1,200,000","1,000,000","800,000","700,000","700,000","700,000","600,000","600,000","600,000","400,000","500,000","400,000","400,000","300,000","300,000","300,000","200,000","200,000","200,000","200,000","200,000","100,000","200,000",,,,,,,,,
NetIncomeFromContinuingOperationNetMinorityInterest,"925,000,000","231,200,000","243,500,000","239,700,000","210,600,000","196,100,000","221,500,000","238,900,000","202,600,000","178,700,000","213,500,000","204,600,000","194,100,000","168,800,000","197,600,000","211,200,000","174,300,000","152,400,000","143,100,000","148,900,000","134,200,000","114,805,000","126,925,000","131,521,000","126,227,000","111,904,000","136,494,000","140,357,000","127,606,000","118,391,000","133,314,000","130,514,000","111,931,000","99,229,000","119,350,000","121,009,000","109,048,000","98,716,000","109,320,000","112,306,000","100,194,000","87,471,000","96,798,000","94,112,000","79,547,000","65,161,000","74,994,000","69,167,000","56,034,000","44,536,000","47,589,000","43,538,000","48,694,000","62,536,000","72,909,000","76,166,000","68,094,000","56,191,000","62,142,000","60,256,000","54,033,000","45,570,000","54,101,000","51,513,000","47,854,000","39,164,000","45,971,000","44,647,000","37,031,000","33,269,000","34,741,000","34,832,000","28,147,000","19,890,000","23,262,000","21,927,000","19,041,000","16,889,000","19,117,000","21,115,000","17,705,000","13,354,000","17,001,000","19,018,000","20,739,000","18,907,000","20,802,000","20,975,000","20,046,000","15,900,000","17,100,000","17,100,000","15,400,000","12,600,000","14,000,000","14,000,000","12,400,000","10,200,000","11,300,000","10,500,000","8,800,000","7,900,000","8,700,000","8,400,000","7,400,000","7,200,000","7,400,000","6,700,000","6,100,000","5,500,000","5,200,000","4,600,000","3,400,000","3,400,000","3,400,000","2,900,000","2,200,000","2,400,000","2,500,000","2,200,000","1,700,000","1,700,000","1,900,000","1,700,000","1,300,000","1,700,000","1,700,000","1,600,000","1,300,000","1,300,000","1,300,000","1,000,000",,,,,,,,,
TotalUnusualItemsExcludingGoodwill,,,,,,"300,000","1,000,000","-300,000","400,000","400,000","0","500,000","300,000","0","300,000","600,000","-400,000","-100,000","100,000","600,000","400,000","220,000","182,000","236,000","-106,000","752,000","162,000","390,000","108,000","242,000","310,000","196,000","216,000","75,000","112,000","243,000","213,000","137,000","158,000","282,000","-174,000","-11,000","101,000","-259,000","-25,000","68,000","2,000","-39,000","-67,000","-60,000","-38,000","-424,000","-328,000","32,000","46,000","-141,000","-104,000","14,000","2,000","198,000","-115,000","-47,000","-26,000","-115,000","-35,000","-134,000","139,000","-204,000","-248,000","-88,000","-52,000","-116,000","-396,000","-125,000","-38,000","-23,000","-131,000","5,925,000","-91,000","-109,000","-95,000","-41,000","-81,000","-132,000","-85,000","-11,000","-32,000","-41,000","-78,000","-100,000","100,000","300,000",,,,,"100,000","300,000","100,000","400,000","200,000","100,000","200,000","300,000","600,000","200,000","200,000","100,000","400,000","100,000","200,000","100,000","100,000","0","100,000",,"100,000","100,000","100,000","100,000",,"200,000","100,000","100,000","200,000","100,000","100,000","100,000","100,000","100,000","100,000",,,,,,,,,,
TotalUnusualItems,,,,,,"300,000","1,000,000","-300,000","400,000","400,000","0","500,000","300,000","0","300,000","600,000","-400,000","-100,000","100,000","600,000","400,000","220,000","182,000","236,000","-106,000","752,000","162,000","390,000","108,000","242,000","310,000","196,000","216,000","75,000","112,000","243,000","213,000","137,000","158,000","282,000","-174,000","-11,000","101,000","-259,000","-25,000","68,000","2,000","-39,000","-67,000","-60,000","-38,000","-424,000","-328,000","32,000","46,000","-141,000","-104,000","14,000","2,000","198,000","-115,000","-47,000","-26,000","-115,000","-35,000","-134,000","139,000","-204,000","-248,000","-88,000","-52,000","-116,000","-396,000","-125,000","-38,000","-23,000","-131,000","5,925,000","-91,000","-109,000","-95,000","-41,000","-81,000","-132,000","-85,000","-11,000","-32,000","-41,000","-78,000","-100,000","100,000","300,000",,,,,"100,000","300,000","100,000","400,000","200,000","100,000","200,000","300,000","600,000","200,000","200,000","100,000","400,000","100,000","200,000","100,000","100,000","0","100,000",,"100,000","100,000","100,000","100,000",,"200,000","100,000","100,000","200,000","100,000","100,000","100,000","100,000","100,000","100,000",,,,,,,,,,
NormalizedEBITDA,"1,388,200,000","344,500,000","361,300,000","360,100,000","322,300,000","306,400,000","330,300,000","357,100,000","309,600,000","276,500,000","319,300,000","311,700,000","297,600,000","269,400,000","296,900,000","302,600,000","268,400,000","235,800,000","261,000,000","268,900,000","242,900,000","211,590,000","229,558,000","233,847,000","224,758,000","204,168,000","241,321,000","245,520,000","223,306,000","207,702,000","231,367,000","224,820,000","196,168,000","173,940,000","204,931,000","208,088,000","190,171,000","172,224,000","188,992,000","191,777,000","173,944,000","152,457,000","166,249,000","161,655,000","139,342,000","117,043,000","130,550,000","122,009,000","100,874,000","80,977,000","86,286,000","80,866,000","89,384,000","109,438,000","127,446,000","133,279,000","119,609,000","100,998,000","108,221,000","106,599,000","97,817,000","83,571,000","95,097,000","90,410,000","84,584,000","70,353,000","81,502,000","79,190,000","66,638,000","56,880,000","61,841,000","61,722,000","51,076,000","37,387,000","42,552,000","40,407,000","35,619,000","25,175,000","34,924,000","38,120,000","32,394,000","25,221,000","30,901,000","34,454,000","36,461,000","33,560,000","36,636,000","36,670,000","34,830,000","28,400,000","30,400,000","30,400,000","28,200,000","23,700,000","26,000,000","25,700,000","22,700,000","18,900,000","21,000,000","19,100,000","16,600,000","14,900,000","16,500,000","15,500,000","13,000,000","13,500,000","13,400,000","12,500,000","10,800,000","10,200,000","9,300,000","8,400,000","6,300,000","6,400,000","6,400,000","5,300,000","4,100,000","4,400,000","4,300,000","4,000,000","3,100,000","2,800,000","3,200,000","2,800,000","2,200,000","2,600,000","2,800,000","2,600,000","2,200,000","1,900,000","2,300,000","1,600,000","8,900,000","-17,300,000","8,200,000","7,400,000","6,600,000","-11,400,000","5,600,000","4,500,000","4,500,000"
TaxRateForCalcs,"0.234","0.225","0.23","0.24","0.242","0.252","0.23","0.238","0.247","0.244","0.233","0.246","0.246","0.265","0.238","0.206","0.248","0.241","0.367","0.368","0.364","0.365","0.369","0.367","0.368","0.372","0.377","0.376","0.373","0.373","0.374","0.369","0.374","0.369","0.367","0.371","0.378","0.376","0.378","0.373","0.378","0.379","0.377","0.373","0.382","0.392","0.379","0.383","0.382","0.376","0.382","0.382","0.381","0.372","0.381","0.384","0.382","0.389","0.374","0.384","0.391","0.376","0.381","0.381","0.383","0.38","0.38","0.38","0.38","0.344","0.38","0.38","0.38","0.383","0.386","0.383","0.383","0.382","0.383","0.383","0.382","0.383","0.383","0.383","0.383","0.386","0.386","0.386","0.385","0.384","0.385","0.385","0.386","0.385","0.386","0.386","0.386","0.386","0.386","0.4","0.4","0.4","0.4","0.4","0.4","0.4","0.4","0.4","0.4","0.4","0.4","0.4","0.4","0.4","0.4","0.396","0.389","0.4","0.4","0.4","0.393","0.37","0.387","0.37","0.4","0.393","0.393","0.385","0.381","0.381","0.4","0.375",,,,,,,,,
TaxEffectOfUnusualItems,"0","0","0","0","0","75,629.291","230,000","-71,400","98,800","97,631.134","0","123,000","73,800","0","71,400","123,600","-99,200","-24,103.586","36,700","220,800","145,600","80,320.647","67,209.378","86,642.844","-39,008","279,780.882","61,125.801","146,821.532","40,284","90,264.094","115,963.998","72,291.244","80,784","27,680.195","41,140.228","90,149.704","80,514","51,486.206","59,768.921","105,109.535","-65,802.494","-4,164.823","38,054.72","-96,696.874","-9,561.295","26,644.926","757.369","-14,941.913","-25,593.588","-22,584.746","-14,515.129","-161,789.949","-124,971.64","11,908.112","17,526.209","-54,108.79","-39,728.311","5,445.104","748.55","76,084.12","-45,001.971","-17,693.331","-9,905.881","-43,814.393","-13,407.72","-50,921.655","52,821.425","-77,519.49","-94,238.92","-30,281.174","-19,771.577","-44,080.454","-150,369.695","-47,875.888","-14,675.743","-8,808.965","-50,171.387","2,265,428.43","-34,855.188","-41,748.882","-36,302.565","-15,702.49","-31,024.279","-50,557.747","-32,553.999","-4,245.746","-12,352.302","-15,826.562","-30,031.292","-38,372.093","38,489.209","115,467.626","0","0","0","0","38,613.861","115,662.651","38,586.957","160,000","80,000","40,000","80,000","120,000","240,000","80,000","80,000","40,000","160,000","40,000","80,000","40,000","40,000","0","40,000","0","38,888.889","40,000","40,000","40,000","0","74,074.074","38,709.677","37,037.037","80,000","39,285.714","39,285.714","38,461.538","38,095.238","38,095.238","40,000","0",,,,,,,,,