name,ttm,12/31/2021,09/30/2021,06/30/2021,03/31/2021,12/31/2020,09/30/2020,06/30/2020,03/31/2020,12/31/2019,09/30/2019,06/30/2019,03/31/2019,12/31/2018,09/30/2018,06/30/2018,03/31/2018,12/31/2017,09/30/2017,06/30/2017,03/31/2017,12/31/2016,09/30/2016,06/30/2016,03/31/2016,12/31/2015,09/30/2015,06/30/2015,03/31/2015,12/31/2014,09/30/2014,06/30/2014,03/31/2014,12/31/2013,09/30/2013,06/30/2013,03/31/2013,12/31/2012,09/30/2012,06/30/2012,03/31/2012,12/31/2011,09/30/2011,06/30/2011,03/31/2011,12/31/2010,09/30/2010,06/30/2010,03/31/2010
TotalRevenue,"7,656,100,000","1,962,700,000","1,986,300,000","1,936,100,000","1,771,000,000","1,659,700,000","1,652,100,000","1,375,800,000","1,402,700,000","1,470,500,000","1,459,000,000","1,507,200,000","1,327,900,000","1,420,700,000","1,380,800,000","1,429,000,000","1,254,600,000","1,382,500,000","1,348,600,000","1,365,400,000","1,186,800,000","1,301,600,000","1,279,000,000","1,297,800,000","1,106,500,000","1,224,700,000","1,238,800,000","1,165,100,000","950,800,000","940,300,000","1,097,700,000","1,142,200,000","966,200,000","1,101,900,000","1,125,100,000","1,040,400,000","890,000,000","947,900,000","909,100,000","935,300,000","798,800,000","876,100,000","848,000,000","889,700,000","714,800,000","843,700,000","813,100,000","878,000,000","698,700,000"
	OperatingRevenue,"7,656,100,000","1,962,700,000","1,986,300,000","1,936,100,000","1,771,000,000","1,659,700,000","1,652,100,000","1,375,800,000","1,402,700,000","1,470,500,000","1,459,000,000","1,507,200,000","1,327,900,000","1,420,700,000","1,380,800,000","1,429,000,000","1,254,600,000","1,382,500,000","1,348,600,000","1,365,400,000","1,186,800,000","1,301,600,000","1,279,000,000","1,297,800,000","1,106,500,000","1,224,700,000","1,238,800,000","1,165,100,000","950,800,000","940,300,000","1,097,700,000","1,142,200,000","966,200,000","1,101,900,000","1,125,100,000","1,040,400,000","890,000,000","947,900,000","909,100,000","935,300,000","798,800,000","876,100,000","848,000,000","889,700,000","714,800,000","843,700,000","813,100,000","878,000,000","698,700,000"
CostOfRevenue,"4,909,100,000","1,271,900,000","1,280,000,000","1,230,300,000","1,126,900,000","1,052,000,000","1,071,500,000","892,900,000","909,500,000","938,700,000","934,800,000","969,600,000","869,100,000","918,900,000","886,900,000","904,900,000","815,000,000","889,500,000","841,600,000","849,900,000","769,800,000","827,500,000","801,000,000","823,100,000","728,700,000","804,600,000","804,300,000","754,700,000","633,900,000","623,200,000","719,400,000","741,800,000","651,500,000","725,200,000","740,200,000","663,400,000","589,800,000","644,400,000","606,800,000","617,900,000","552,000,000","649,600,000","576,900,000","598,400,000","506,000,000","577,900,000","541,200,000","583,500,000","479,800,000"
GrossProfit,"2,747,000,000","690,800,000","706,300,000","705,800,000","644,100,000","607,700,000","580,600,000","482,900,000","493,200,000","531,800,000","524,200,000","537,600,000","458,800,000","501,800,000","493,900,000","524,100,000","439,600,000","493,000,000","507,000,000","515,500,000","417,000,000","474,100,000","478,000,000","474,700,000","377,800,000","420,100,000","434,500,000","410,400,000","316,900,000","317,100,000","378,300,000","400,400,000","314,700,000","376,700,000","384,900,000","377,000,000","300,200,000","303,500,000","302,300,000","317,400,000","246,800,000","226,500,000","271,100,000","291,300,000","208,800,000","265,800,000","271,900,000","294,500,000","218,900,000"
OperatingExpense,"1,634,000,000","419,200,000","416,100,000","410,600,000","388,100,000","373,800,000","338,800,000","286,500,000","324,200,000","355,700,000","321,200,000","330,700,000","322,000,000","312,900,000","314,000,000","324,700,000","319,400,000","325,200,000","304,800,000","299,800,000","296,700,000","306,200,000","291,800,000","283,300,000","276,700,000","275,800,000","272,400,000","276,100,000","244,900,000","247,400,000","241,800,000","263,000,000","250,300,000","279,800,000","263,600,000","270,200,000","242,700,000","279,800,000","238,600,000","245,100,000","224,500,000","266,300,000","220,600,000","225,700,000","203,800,000","223,600,000","206,500,000","218,800,000","206,400,000"
	SellingGeneralAndAdministration,"1,569,900,000","403,600,000","400,200,000","394,600,000","371,500,000","362,900,000","328,300,000","276,200,000","313,900,000","344,300,000","311,300,000","320,600,000","312,000,000","302,100,000","305,100,000","316,500,000","311,200,000","317,100,000","297,300,000","291,800,000","288,600,000","298,500,000","284,500,000","276,700,000","270,200,000","269,500,000","265,700,000","271,000,000","241,400,000","243,900,000","238,300,000","259,000,000","246,300,000","275,700,000","259,600,000","267,700,000","240,100,000","277,300,000","236,200,000","242,300,000","221,100,000","262,900,000","217,100,000","221,900,000","200,100,000","219,900,000","202,800,000","214,600,000","202,300,000"
		GeneralAndAdministrativeExpense,"1,569,900,000"
			SalariesAndWages,"-9,100,000"
			OtherGandA,"1,579,000,000"
	DepreciationAmortizationDepletionIncomeStatement,"64,100,000","15,600,000","15,900,000","16,000,000","16,600,000","10,900,000","10,500,000","10,300,000","10,300,000","11,400,000","9,900,000","10,100,000","10,000,000","10,800,000","8,900,000","8,200,000","8,200,000","8,100,000","7,500,000","8,000,000","8,100,000","7,700,000","7,300,000","6,600,000","6,500,000","6,300,000","6,700,000","5,100,000","3,500,000","3,500,000","3,500,000","4,000,000","4,000,000","4,100,000","4,000,000","2,500,000","2,600,000","2,500,000","2,400,000","2,800,000","3,400,000","3,400,000","3,500,000","3,800,000","3,700,000","3,700,000","3,700,000","4,200,000","4,100,000"
		DepreciationAndAmortizationInIncomeStatement,"64,100,000","15,600,000","15,900,000","16,000,000","16,600,000","10,900,000","10,500,000","10,300,000","10,300,000","11,400,000","9,900,000","10,100,000","10,000,000","10,800,000","8,900,000","8,200,000","8,200,000","8,100,000","7,500,000","8,000,000","8,100,000","7,700,000","7,300,000","6,600,000","6,500,000","6,300,000","6,700,000","5,100,000","3,500,000","3,500,000","3,500,000","4,000,000","4,000,000","4,100,000","4,000,000","2,500,000","2,600,000","2,500,000","2,400,000","2,800,000","3,400,000","3,400,000","3,500,000","3,800,000","3,700,000","3,700,000","3,700,000","4,200,000","4,100,000"
			Amortization,"64,100,000","15,600,000","15,900,000","16,000,000","16,600,000","10,900,000","10,500,000","10,300,000","10,300,000","11,400,000","9,900,000","10,100,000","10,000,000","10,800,000","8,900,000","8,200,000","8,200,000","8,100,000","7,500,000","8,000,000","8,100,000","7,700,000","7,300,000","6,600,000","6,500,000","6,300,000","6,700,000","5,100,000","3,500,000","3,500,000","3,500,000","4,000,000","4,000,000","4,100,000","4,000,000","2,500,000","2,600,000","2,500,000","2,400,000","2,800,000","3,400,000","3,400,000","3,500,000","3,800,000","3,700,000","3,700,000","3,700,000","4,200,000","4,100,000"
				AmortizationOfIntangiblesIncomeStatement,"64,100,000","15,600,000","15,900,000","16,000,000","16,600,000","10,900,000","10,500,000","10,300,000","10,300,000","11,400,000","9,900,000","10,100,000","10,000,000","10,800,000","8,900,000","8,200,000","8,200,000","8,100,000","7,500,000","8,000,000","8,100,000","7,700,000","7,300,000","6,600,000","6,500,000","6,300,000","6,700,000","5,100,000","3,500,000","3,500,000","3,500,000","4,000,000","4,000,000","4,100,000","4,000,000","2,500,000","2,600,000","2,500,000","2,400,000","2,800,000","3,400,000","3,400,000","3,500,000","3,800,000","3,700,000","3,700,000","3,700,000","4,200,000","4,100,000"
OperatingIncome,"1,113,000,000","271,600,000","290,200,000","295,200,000","256,000,000","233,900,000","241,800,000","196,400,000","169,000,000","176,100,000","203,000,000","206,900,000","136,800,000","188,900,000","179,900,000","199,400,000","120,200,000","167,800,000","202,200,000","215,700,000","120,300,000","167,900,000","186,200,000","191,400,000","101,100,000","144,300,000","162,100,000","134,300,000","72,000,000","69,700,000","136,500,000","137,400,000","64,400,000","96,900,000","121,300,000","106,800,000","57,500,000","23,700,000","63,700,000","72,300,000","22,300,000","-39,800,000","50,500,000","65,600,000","5,000,000","42,200,000","65,400,000","75,700,000","12,500,000"
NetNonOperatingInterestIncomeExpense,"-84,400,000","-21,200,000","-20,600,000","-21,200,000","-21,400,000","-19,500,000","-20,100,000","-22,200,000","-22,100,000","-22,400,000","-23,600,000","-24,500,000","-23,700,000","-23,400,000","-19,000,000","-17,400,000","-14,700,000","-12,900,000","-12,300,000","-12,300,000","-11,900,000","-11,600,000","-11,800,000","-13,900,000","-11,800,000","-11,400,000","-11,100,000","-6,000,000","-3,400,000","-3,200,000","-3,200,000","-2,100,000","-1,900,000","-1,700,000","-2,100,000","-1,700,000","-1,700,000","-2,100,000","-2,000,000","-2,100,000","-2,500,000","-3,000,000","-100,000","-500,000","-22,800,000","-28,700,000","-29,300,000","-29,900,000","-28,700,000"
	InterestIncomeNonOperating,,,,,,,,,,,,,,,,,,,,,,,,,,,,,,,,,,,,,,,,,,,"100,000",,,,"0",,
	InterestExpenseNonOperating,"84,400,000","21,200,000","20,600,000","21,200,000","21,400,000","19,500,000","20,100,000","22,200,000","22,100,000","22,400,000","23,600,000","24,500,000","23,700,000","23,400,000","19,000,000","17,400,000","14,700,000","12,900,000","12,300,000","12,300,000","11,900,000","11,600,000","11,800,000","13,900,000","11,800,000","11,400,000","11,100,000","6,000,000","3,400,000","3,200,000","3,200,000","2,100,000","1,900,000","1,700,000","2,100,000","1,700,000","1,700,000","2,100,000","2,000,000","2,100,000","2,500,000","3,000,000","200,000","500,000","22,800,000","28,700,000","29,300,000","37,400,000","28,700,000"
OtherIncomeExpense,"-23,500,000","-11,300,000","-2,300,000","1,000,000","-10,900,000","-800,000","500,000","-18,200,000","-7,900,000","-14,800,000","-34,700,000","-3,800,000",,"-48,300,000","-23,200,000","-7,400,000","2,000,000","-12,500,000","-500,000","-4,200,000","-4,600,000","-3,100,000","-3,700,000","-3,300,000","-5,300,000","-4,600,000","-2,300,000","-7,600,000","-6,400,000","-4,900,000","200,000","-1,600,000","-1,800,000","-1,100,000","-22,200,000","-6,400,000","-700,000","-15,800,000","-2,300,000","-700,000","-500,000","-92,600,000","-2,900,000","-500,000","-300,000","-6,700,000","700,000","-400,000","-300,000"
	GainOnSaleOfSecurity,"-6,000,000"
	EarningsFromEquityInterest,"-5,000,000"
	SpecialIncomeCharges,"-13,500,000","-2,000,000","-3,600,000","-300,000","-7,600,000","600,000","-1,600,000","-23,400,000","-14,000,000","-15,500,000","-35,000,000","-4,500,000","-1,200,000","-42,300,000","-32,800,000","-10,800,000","-800,000","-11,800,000","-400,000","-3,300,000","-5,400,000","-1,500,000","-3,100,000","-3,700,000","-5,600,000","-4,000,000","-1,800,000","-6,100,000","-4,700,000","-5,400,000","-100,000","-800,000","-2,300,000","-1,500,000","-22,700,000","-6,500,000","-900,000","-16,800,000","-2,300,000","-700,000","-500,000","-92,600,000","-2,900,000","-500,000","-300,000","-6,700,000","700,000","-400,000","-300,000"
		RestructuringAndMergernAcquisition,"13,500,000","2,000,000","3,600,000","300,000","7,600,000","-600,000","1,600,000","10,400,000","4,500,000","3,500,000","5,500,000","4,500,000","1,200,000","6,800,000","5,700,000","10,800,000","800,000","4,800,000","400,000","900,000","2,200,000","1,500,000","3,100,000","3,700,000","5,600,000","4,000,000","1,800,000","6,100,000","4,700,000","3,800,000","100,000","800,000","2,300,000","1,500,000","1,500,000","300,000","900,000","400,000","3,100,000","0","1,000,000","2,900,000","1,100,000","400,000","300,000","7,200,000","100,000","300,000","400,000"
		ImpairmentOfCapitalAssets,"0","0","0","0","0","0","0","13,000,000","9,500,000","12,000,000","29,500,000",,,"35,500,000","27,100,000","0","0","0","0","0","3,200,000",,,,,,,,,"0","0",,,"0","21,200,000",,,"15,800,000",,,,,,,,,,,
		WriteOff,,,,,,,,,,,,,,,,,,,,,,,,,,,,,,"1,600,000","0","0",,"0","0","6,200,000",,,,,,,,,,,,,
		OtherSpecialCharges,,,,,,,,,,,,,,,,,,,,,,,,,,,,,,,,,,,,,,,"-800,000","700,000","-500,000","-300,000","1,800,000","100,000",,"-500,000","-800,000",,"-100,000"
		GainOnSaleOfBusiness,,,,,,,,,,,,,,"0","0","0",,"0","0","-2,400,000",,,,,,,,,,,,,,,,,,"0",,,,,,,,,,,
	OtherNonOperatingIncomeExpenses,"1,000,000","1,700,000","1,300,000","1,300,000","-3,300,000","-9,600,000","2,100,000","5,200,000","6,100,000","0","300,000","700,000","1,200,000","-11,800,000","9,600,000","3,400,000","2,800,000","-700,000","-100,000","-900,000","800,000","-1,600,000","-600,000","400,000","300,000","-600,000","-500,000","-1,500,000","-1,700,000","500,000","300,000","-800,000","500,000","400,000","500,000","100,000","200,000","400,000",,,,,,,,,,,
PretaxIncome,"1,005,100,000","239,100,000","267,300,000","275,000,000","223,700,000","213,600,000","222,200,000","156,000,000","139,000,000","138,900,000","144,700,000","178,600,000","113,100,000","117,200,000","137,700,000","174,600,000","107,500,000","142,400,000","189,400,000","199,200,000","103,800,000","153,200,000","170,700,000","174,200,000","84,000,000","128,300,000","148,700,000","120,700,000","62,200,000","61,600,000","133,500,000","133,700,000","60,700,000","94,100,000","97,000,000","98,700,000","55,100,000","5,800,000","59,400,000","69,500,000","19,300,000","-135,400,000","47,500,000","64,600,000","-18,100,000","6,800,000","36,800,000","45,400,000","-16,500,000"
TaxProvision,"232,700,000","63,800,000","65,200,000","57,800,000","45,900,000","47,100,000","54,000,000","37,800,000","29,900,000","34,900,000","39,000,000","41,500,000","28,600,000","31,900,000","37,800,000","44,900,000","32,400,000","14,400,000","59,800,000","58,900,000","26,400,000","48,800,000","48,800,000","49,100,000","28,300,000","40,700,000","48,700,000","42,700,000","21,300,000","13,100,000","44,900,000","40,100,000","19,500,000","29,500,000","32,400,000","34,500,000","17,600,000","-12,800,000","19,200,000","21,600,000","6,300,000","-49,900,000","27,100,000","20,500,000","-5,900,000","-3,900,000","9,100,000","11,700,000","-2,800,000"
EarningsFromEquityInterestNetOfTax,"0","0","0","0","0","-2,900,000","-2,400,000","-2,000,000","-300,000",,,,,,,,,,,,,,,,,,,,,,,,,,,,,,,,,,,,,,,,
NetIncomeCommonStockholders,"772,400,000","175,300,000","202,100,000","217,200,000","177,800,000","163,600,000","164,600,000","115,800,000","109,100,000","104,100,000","105,600,000","137,500,000","84,700,000","85,200,000","99,800,000","129,600,000","75,000,000","128,000,000","129,500,000","137,700,000","77,400,000","103,600,000","123,400,000","125,200,000","55,700,000","87,800,000","107,500,000","79,700,000","40,000,000","45,100,000","-21,100,000","93,300,000","40,800,000","64,200,000","64,200,000","64,000,000","37,300,000","18,400,000","40,000,000","47,800,000","12,500,000","-85,600,000","20,100,000","43,700,000","-12,400,000","10,300,000","27,400,000","33,600,000","-14,100,000"
	NetIncome,"772,400,000","175,300,000","202,100,000","217,200,000","177,800,000","163,600,000","164,600,000","115,800,000","109,100,000","104,100,000","105,600,000","137,500,000","84,700,000","85,200,000","99,800,000","129,600,000","75,000,000","128,000,000","129,500,000","137,700,000","77,400,000","103,600,000","123,400,000","125,200,000","55,700,000","87,800,000","107,500,000","79,700,000","40,000,000","45,100,000","-21,100,000","93,300,000","40,800,000","64,200,000","64,200,000","64,000,000","37,300,000","18,400,000","40,000,000","47,800,000","12,500,000","-85,600,000","20,100,000","43,700,000","-12,400,000","10,300,000","27,400,000","33,600,000","-14,100,000"
		NetIncomeIncludingNoncontrollingInterests,"772,400,000","175,300,000","202,100,000","217,200,000","177,800,000","163,600,000","165,800,000","116,200,000","108,800,000","104,000,000","105,700,000","137,100,000","84,500,000","85,300,000","99,900,000","129,700,000","74,900,000","128,000,000","129,600,000","137,700,000","77,400,000","103,700,000","123,400,000","125,100,000","55,700,000","88,000,000","107,800,000","79,400,000","40,300,000","45,400,000","-20,900,000","93,600,000","41,200,000","64,600,000","64,600,000","64,200,000","37,500,000","18,600,000","40,200,000","47,900,000","13,000,000","-85,500,000","20,400,000","44,100,000","-12,200,000","10,700,000","27,700,000","33,700,000","-13,700,000"
			NetIncomeContinuousOperations,"772,400,000","175,300,000","202,100,000","217,200,000","177,800,000","163,600,000","165,800,000","116,200,000","108,800,000","104,000,000","105,700,000","137,100,000","84,500,000","85,300,000","99,900,000","129,700,000","75,100,000","128,000,000","129,600,000","140,300,000","77,400,000","104,400,000","121,900,000","125,100,000","55,700,000","87,600,000","100,000,000","78,000,000","40,900,000","48,500,000","88,600,000","93,600,000","41,200,000","64,600,000","64,600,000","64,200,000","37,500,000","18,600,000","40,200,000","47,900,000","13,000,000","-85,500,000","20,400,000","44,100,000","-12,200,000","10,700,000","27,700,000","33,700,000","-13,700,000"
			NetIncomeDiscontinuousOperations,,,,,,,,,,"0","0","0","0","0","0","0","-200,000","0","0","-2,600,000",,"-700,000","1,500,000","0",,"400,000","7,800,000","1,400,000","-600,000","-3,100,000","-109,500,000",,,,,,,,,,,,,,,,,,
		MinorityInterests,"0","0","0","0","0","0","-1,200,000","-400,000","300,000","100,000","-100,000","400,000","200,000","-100,000","-100,000","-100,000","100,000","0","-100,000","0","0","-100,000",,"100,000",,"-200,000","-300,000","300,000","-300,000","-300,000","-200,000","-300,000","-400,000","-400,000","-400,000","-200,000","-200,000","-200,000","-200,000","-100,000","-500,000","-100,000","-300,000","-400,000","-200,000","-400,000","-300,000","-100,000","-400,000"
DilutedNIAvailtoComStockholders,"772,400,000","175,300,000","202,100,000","217,200,000","177,800,000","163,600,000","164,600,000","115,800,000","109,100,000","104,100,000","105,600,000","137,500,000","84,700,000","85,200,000","99,800,000","129,600,000","75,000,000","128,000,000","129,500,000","137,700,000","77,400,000","103,600,000","123,400,000","125,200,000","55,700,000","87,800,000","107,500,000","79,700,000","40,000,000","45,100,000","-21,100,000","93,300,000","40,800,000","64,200,000","64,200,000","64,000,000","37,300,000","18,400,000","40,000,000","47,800,000","12,500,000","-85,600,000","20,100,000","43,700,000","-12,400,000","10,300,000","27,400,000","33,600,000","-14,100,000"
BasicEPS,,"1.298","1.447","1.556","1.276","1.18","1.164","0.823","0.776","0.746","0.747","0.973","0.6","0.606","0.653","0.849","0.492","0.843","0.834","0.887","0.501","0.675","0.804","0.821","0.367","0.549","0.672","0.498","0.25","0.285","-0.134","0.596","0.243","0.385","0.388","0.385","0.225","0.112","0.249","0.298","0.08",,"0.13","0.28","-0.08",,"0.18",,"-0.091"
DilutedEPS,,"1.28","1.447","1.55","1.26","1.16","1.164","0.823","0.77","0.74","0.747","0.97","0.6","0.6","0.653","0.849","0.49","0.83","0.83","0.887","0.5","0.67","0.77","0.8","0.35","0.54","0.61","0.48","0.25","0.285","-0.134","0.55","0.24","0.37","0.37","0.37","0.22","0.11","0.24","0.29","0.08",,"0.13","0.28","-0.08",,"0.18",,"-0.091"
BasicAverageShares,,"135,064,296","139,693,842","139,593,842","139,293,842","138,660,154","141,464,685","140,664,685","140,564,685","139,555,487","141,289,377","141,289,377","141,089,377","140,498,981","152,720,071","152,620,071","152,520,071","151,906,797","155,294,070","155,194,070","154,394,070","153,412,050","153,394,070","152,494,070","151,794,070","159,906,032","159,695,840","159,990,111","159,690,111","158,140,128","157,490,111","156,590,111","167,795,680","166,667,936","165,299,898","166,399,898","165,499,898","163,855,647","160,500,000","160,500,000","163,000,000",,"155,100,000","155,100,000","155,100,000",,"155,100,000",,"155,100,000"
DilutedAverageShares,,"137,300,000","139,700,000","140,400,000","140,600,000","140,800,000","141,464,685","140,664,685","140,800,000","141,100,000","141,289,377","141,300,000","141,900,000","142,600,000","152,720,071","152,620,071","152,520,071","154,400,000","155,900,000","156,600,000","156,200,000","156,800,000","157,600,000","157,200,000","158,500,000","162,900,000","163,400,000","163,000,000","162,600,000","162,300,000","163,200,000","168,700,000","171,200,000","171,800,000","171,600,000","171,300,000","170,300,000","169,200,000","167,000,000","165,400,000","163,000,000",,"155,100,000","155,100,000","155,100,000",,"155,100,000",,"155,100,000"
TotalOperatingIncomeAsReported,"1,090,400,000","260,500,000","286,600,000","294,900,000","248,400,000","233,200,000","240,200,000","173,000,000","155,000,000","192,500,000","168,000,000","202,400,000","135,600,000","140,100,000","147,100,000","188,600,000","119,400,000","163,000,000","201,800,000","212,400,000","114,900,000","166,400,000","183,100,000","187,700,000","95,500,000","140,300,000","160,300,000","128,200,000","67,300,000","65,900,000","136,400,000","136,600,000","62,100,000","95,400,000","98,600,000","106,500,000","56,600,000","7,500,000","60,600,000","72,300,000","21,300,000","-132,700,000","49,400,000","65,200,000","4,700,000","35,000,000","65,300,000","75,400,000","12,100,000"
TotalExpenses,"6,543,100,000","1,691,100,000","1,696,100,000","1,640,900,000","1,515,000,000","1,425,800,000","1,410,300,000","1,179,400,000","1,233,700,000","1,294,400,000","1,256,000,000","1,300,300,000","1,191,100,000","1,231,800,000","1,200,900,000","1,229,600,000","1,134,400,000","1,214,700,000","1,146,400,000","1,149,700,000","1,066,500,000","1,133,700,000","1,092,800,000","1,106,400,000","1,005,400,000","1,080,400,000","1,076,700,000","1,030,800,000","878,800,000","870,600,000","961,200,000","1,004,800,000","901,800,000","1,005,000,000","1,003,800,000","933,600,000","832,500,000","924,200,000","845,400,000","863,000,000","776,500,000","915,900,000","797,500,000","824,100,000","709,800,000","801,500,000","747,700,000","802,300,000","686,200,000"
NetIncomeFromContinuingAndDiscontinuedOperation,"772,400,000","175,300,000","202,100,000","217,200,000","177,800,000","163,600,000","164,600,000","115,800,000","109,100,000","104,100,000","105,600,000","137,500,000","84,700,000","85,200,000","99,800,000","129,600,000","75,000,000","128,000,000","129,500,000","137,700,000","77,400,000","103,600,000","123,400,000","125,200,000","55,700,000","87,800,000","107,500,000","79,700,000","40,000,000","45,100,000","-21,100,000","93,300,000","40,800,000","64,200,000","64,200,000","64,000,000","37,300,000","18,400,000","40,000,000","47,800,000","12,500,000","-85,600,000","20,100,000","43,700,000","-12,400,000","10,300,000","27,400,000","33,600,000","-14,100,000"
NormalizedIncome,"787,376,000","181,165,328.315","204,821,600","217,437,000","183,842,000","165,314,887.64","165,811,200","133,537,200","120,090,000","115,181,353.492","131,150,000","140,956,000","85,596,400","111,765,273.038","123,612,800","137,624,400","75,759,200","138,606,741.573","129,773,600","142,623,200","81,428,400","105,322,193.211","124,113,400","127,856,600","59,412,800","90,131,098.987","100,909,600","82,240,600","43,692,600","52,451,623.377","88,466,400","93,860,000","42,361,700","65,229,755.579","79,318,200","68,426,500","37,912,900","29,320,000","41,556,565.657","48,282,446.043","12,836,787.565","-27,126,587.888","21,985,000","44,041,331.269","-12,197,790.055","14,655,000","26,873,097.826","33,896,916.3","-13,850,909.091"
InterestIncome,,,,,,,,,,,,,,,,,,,,,,,,,,,,,,,,,,,,,,,,,,,"100,000",,,,"0",,
InterestExpense,"84,400,000","21,200,000","20,600,000","21,200,000","21,400,000","19,500,000","20,100,000","22,200,000","22,100,000","22,400,000","23,600,000","24,500,000","23,700,000","23,400,000","19,000,000","17,400,000","14,700,000","12,900,000","12,300,000","12,300,000","11,900,000","11,600,000","11,800,000","13,900,000","11,800,000","11,400,000","11,100,000","6,000,000","3,400,000","3,200,000","3,200,000","2,100,000","1,900,000","1,700,000","2,100,000","1,700,000","1,700,000","2,100,000","2,000,000","2,100,000","2,500,000","3,000,000","200,000","500,000","22,800,000","28,700,000","29,300,000","37,400,000","28,700,000"
NetInterestIncome,"-84,400,000","-21,200,000","-20,600,000","-21,200,000","-21,400,000","-19,500,000","-20,100,000","-22,200,000","-22,100,000","-22,400,000","-23,600,000","-24,500,000","-23,700,000","-23,400,000","-19,000,000","-17,400,000","-14,700,000","-12,900,000","-12,300,000","-12,300,000","-11,900,000","-11,600,000","-11,800,000","-13,900,000","-11,800,000","-11,400,000","-11,100,000","-6,000,000","-3,400,000","-3,200,000","-3,200,000","-2,100,000","-1,900,000","-1,700,000","-2,100,000","-1,700,000","-1,700,000","-2,100,000","-2,000,000","-2,100,000","-2,500,000","-3,000,000","-100,000","-500,000","-22,800,000","-28,700,000","-29,300,000","-29,900,000","-28,700,000"
EBIT,"1,089,500,000","260,300,000","287,900,000","296,200,000","245,100,000","233,100,000","242,300,000","178,200,000","161,100,000","161,300,000","168,300,000","203,100,000","136,800,000","140,600,000","156,700,000","192,000,000","122,200,000","155,300,000","201,700,000","211,500,000","115,700,000","164,800,000","182,500,000","188,100,000","95,800,000","139,700,000","159,800,000","126,700,000","65,600,000","64,800,000","136,700,000","135,800,000","62,600,000","95,800,000","99,100,000","100,400,000","56,800,000","7,900,000","61,400,000","71,600,000","21,800,000","-132,400,000","47,700,000","65,100,000","4,700,000","35,500,000","66,100,000","82,800,000","12,200,000"
EBITDA,"1,278,600,000"
ReconciledCostOfRevenue,"4,784,100,000","1,239,800,000","1,249,700,000","1,198,800,000","1,095,800,000","1,016,300,000","1,042,700,000","863,100,000","882,300,000","910,100,000","908,000,000","941,500,000","841,300,000","889,000,000","858,300,000","875,200,000","789,700,000","863,600,000","816,800,000","825,700,000","746,100,000","802,200,000","778,400,000","800,700,000","704,400,000","777,600,000","779,400,000","733,600,000","613,400,000","601,100,000","697,300,000","721,700,000","632,000,000","705,100,000","720,800,000","645,100,000","570,400,000","624,600,000","577,700,000","597,700,000","530,900,000","617,500,000","554,200,000","577,200,000","484,900,000","551,000,000","518,100,000","560,400,000","457,000,000"
ReconciledDepreciation,"189,100,000","47,700,000","46,200,000","47,500,000","47,700,000","46,600,000","39,300,000","40,100,000","37,500,000","40,000,000","36,700,000","38,200,000","37,800,000","40,700,000","37,500,000","37,900,000","33,500,000","34,000,000","32,300,000","32,200,000","31,800,000","33,000,000","29,900,000","29,000,000","30,800,000","33,300,000","31,600,000","26,200,000","24,000,000","25,600,000","25,600,000","24,100,000","23,500,000","24,200,000","23,400,000","20,800,000","22,000,000","22,300,000","31,500,000","23,000,000","24,500,000","35,500,000","26,200,000","25,000,000","24,800,000","30,600,000","26,800,000","27,300,000","26,900,000"
NetIncomeFromContinuingOperationNetMinorityInterest,"772,400,000","175,300,000","202,100,000","217,200,000","177,800,000","163,600,000","164,600,000","115,800,000","109,100,000","104,100,000","105,600,000","137,500,000","84,700,000","85,200,000","99,800,000","129,600,000","75,200,000","128,000,000","129,500,000","140,300,000","77,400,000","104,300,000","121,900,000","125,200,000","55,700,000","87,400,000","99,700,000","78,300,000","40,600,000","48,200,000","88,400,000","93,300,000","40,800,000","64,200,000","64,200,000","64,000,000","37,300,000","18,400,000","40,000,000","47,800,000","12,500,000","-85,600,000","20,100,000","43,700,000","-12,400,000","10,300,000","27,400,000","33,600,000","-14,100,000"
TotalUnusualItemsExcludingGoodwill,"-19,500,000","-8,000,000","-3,600,000","-300,000","-7,600,000","-2,200,000","-1,600,000","-23,400,000","-14,000,000","-14,800,000","-35,000,000","-4,500,000","-1,200,000","-36,500,000","-32,800,000","-10,800,000","-800,000","-11,800,000","-400,000","-3,300,000","-5,400,000","-1,500,000","-3,100,000","-3,700,000","-5,600,000","-4,000,000","-1,800,000","-6,100,000","-4,700,000","-5,400,000","-100,000","-800,000","-2,300,000","-1,500,000","-22,700,000","-6,500,000","-900,000","-16,800,000","-2,300,000","-700,000","-500,000","-92,600,000","-2,900,000","-500,000","-300,000","-6,700,000","700,000","-400,000","-300,000"
TotalUnusualItems,"-19,500,000","-8,000,000","-3,600,000","-300,000","-7,600,000","-2,200,000","-1,600,000","-23,400,000","-14,000,000","-14,800,000","-35,000,000","-4,500,000","-1,200,000","-36,500,000","-32,800,000","-10,800,000","-800,000","-11,800,000","-400,000","-3,300,000","-5,400,000","-1,500,000","-3,100,000","-3,700,000","-5,600,000","-4,000,000","-1,800,000","-6,100,000","-4,700,000","-5,400,000","-100,000","-800,000","-2,300,000","-1,500,000","-22,700,000","-6,500,000","-900,000","-16,800,000","-2,300,000","-700,000","-500,000","-92,600,000","-2,900,000","-500,000","-300,000","-6,700,000","700,000","-400,000","-300,000"
NormalizedEBITDA,"1,298,100,000","316,000,000","337,700,000","344,000,000","300,400,000","281,900,000","283,200,000","241,700,000","212,600,000","216,100,000","240,000,000","245,800,000","175,800,000","217,800,000","227,000,000","240,700,000","156,500,000","201,100,000","234,400,000","247,000,000","152,900,000","199,300,000","215,500,000","220,800,000","132,200,000","177,000,000","193,200,000","159,000,000","94,300,000","95,800,000","162,400,000","160,700,000","88,400,000","121,500,000","145,200,000","127,700,000","79,700,000","47,000,000","95,200,000","95,300,000","46,800,000","-4,300,000","76,800,000","90,600,000","29,800,000","72,800,000","92,200,000","110,500,000","39,400,000"
TaxRateForCalcs,"0.232","0.267","0.244","0.21","0.205","0.221","0.243","0.242","0.215","0.251","0.27","0.232","0.253","0.272","0.274","0.257","0.301","0.101","0.316","0.296","0.254","0.319","0.286","0.282","0.337","0.317","0.328","0.354","0.342","0.213","0.336","0.3","0.321","0.313","0.334","0.319","0.319","0.35","0.323","0.311","0.326","0.369","0.35","0.317","0.326","0.35","0.247","0.258","0.17"
TaxEffectOfUnusualItems,"-4,524,000","-2,134,671.685","-878,400","-63,000","-1,558,000","-485,112.36","-388,800","-5,662,800","-3,010,000","-3,718,646.508","-9,450,000","-1,044,000","-303,600","-9,934,726.962","-8,987,200","-2,775,600","-240,800","-1,193,258.427","-126,400","-976,800","-1,371,600","-477,806.789","-886,600","-1,043,400","-1,887,200","-1,268,901.013","-590,400","-2,159,400","-1,607,400","-1,148,376.623","-33,600","-240,000","-738,300","-470,244.421","-7,581,800","-2,073,500","-287,100","-5,880,000","-743,434.343","-217,553.957","-163,212.435","-34,126,587.888","-1,015,000","-158,668.731","-97,790.055","-2,345,000","173,097.826","-103,083.7","-50,909.091"