name,ttm,12/31/2021,09/30/2021,06/30/2021,03/31/2021,12/31/2020,09/30/2020,06/30/2020,03/31/2020,12/31/2019,09/30/2019,06/30/2019,03/31/2019,12/31/2018,09/30/2018,06/30/2018,03/31/2018,12/31/2017,09/30/2017,06/30/2017,03/31/2017,12/31/2016,09/30/2016,06/30/2016,03/31/2016,12/31/2015,09/30/2015,06/30/2015,03/31/2015,12/31/2014,09/30/2014,06/30/2014,03/31/2014,12/31/2013,09/30/2013,06/30/2013,03/31/2013,12/31/2012,09/30/2012,06/30/2012,03/31/2012,12/31/2011,09/30/2011,06/30/2011,03/31/2011,12/31/2010,09/30/2010,06/30/2010,03/31/2010,12/31/2009,09/30/2009,06/30/2009,03/31/2009,12/31/2008,09/30/2008,06/30/2008,03/31/2008,12/31/2007,09/30/2007,06/30/2007,03/31/2007,12/31/2006,09/30/2006,06/30/2006,03/31/2006,12/31/2005,09/30/2005,06/30/2005,03/31/2005,12/31/2004,09/30/2004,06/30/2004,03/31/2004,12/31/2003,09/30/2003,06/30/2003,03/31/2003,12/31/2002,09/30/2002,06/30/2002,03/31/2002,12/31/2001,09/30/2001,06/30/2001,03/31/2001,12/31/2000,09/30/2000,06/30/2000,03/31/2000,12/31/1999,09/30/1999,06/30/1999,03/31/1999,12/31/1998,09/30/1998,06/30/1998,03/31/1998,12/31/1997,09/30/1997,06/30/1997,03/31/1997,12/31/1996,09/30/1996,06/30/1996,03/31/1996,12/31/1995,09/30/1995,06/30/1995,03/31/1995,12/31/1994,09/30/1994,06/30/1994,03/31/1994,12/31/1993,09/30/1993,06/30/1993,03/31/1993,12/31/1992,09/30/1992,06/30/1992,03/31/1992,12/31/1991,09/30/1991,06/30/1991,03/31/1991,12/31/1990,09/30/1990,06/30/1990,03/31/1990,12/31/1989,09/30/1989,06/30/1989,03/31/1989,12/31/1988,09/30/1988,06/30/1988,03/31/1988,12/31/1987,09/30/1987,06/30/1987,03/31/1987
TotalRevenue,"22,845,000,000","6,164,000,000","6,083,000,000","5,748,000,000","4,850,000,000","4,495,000,000","3,851,000,000","3,054,000,000","2,798,000,000","3,911,000,000","3,153,000,000","3,546,000,000","3,792,000,000","3,684,000,000","4,908,000,000","5,168,000,000","4,868,000,000","5,041,000,000","4,310,000,000","3,711,000,000","3,341,000,000","4,377,000,000","3,877,000,000","3,334,000,000","3,527,000,000","3,795,000,000","3,681,000,000","4,248,000,000","4,153,000,000","5,235,000,000","5,696,000,000","5,522,000,000","4,985,000,000","5,885,000,000","6,165,000,000","4,288,000,000","4,583,000,000","4,513,000,000","4,417,000,000","4,475,000,000","4,605,000,000","4,162,000,000","5,195,000,000","5,814,000,000","5,709,000,000","5,603,000,000","5,152,000,000","3,864,000,000","4,363,000,000","4,610,000,000","4,144,000,000","3,684,000,000","2,602,000,000","2,067,000,000","4,616,000,000","5,441,000,000","5,672,000,000","4,184,000,000","5,066,000,000","5,807,000,000","2,302,900,000","1,642,127,000","1,636,049,000","1,426,202,000","1,086,122,000","1,489,874,000","983,270,000","902,909,000","803,065,000","924,791,000","600,556,000","486,334,000","360,185,000","446,124,000","631,990,000","609,455,000","524,596,000","571,044,000","538,739,000","407,999,000","392,680,000","412,282,000","441,238,000","538,259,000","447,087,000","529,833,000","473,837,000","397,348,000","467,592,000","527,500,000","473,700,000","470,300,000","415,800,000","485,000,000","442,100,000","433,900,000","396,100,000","420,600,000","489,500,000","567,000,000","523,800,000","617,600,000","474,700,000","424,300,000","388,400,000","534,200,000","469,800,000","421,500,000","408,800,000","351,300,000","313,400,000","281,500,000","266,200,000","490,700,000","170,800,000","130,900,000","133,500,000","208,800,000","157,100,000","241,700,000","106,700,000","121,400,000","153,200,000","73,700,000","119,200,000","110,600,000","135,900,000","107,400,000","80,100,000","97,500,000","90,900,000","95,500,000","84,000,000","128,400,000","75,600,000","57,400,000","73,600,000","77,000,000","44,600,000","43,600,000","24,800,000"
	OperatingRevenue,"22,845,000,000","6,164,000,000","6,083,000,000","5,748,000,000","4,850,000,000","4,495,000,000","3,851,000,000","3,054,000,000","2,798,000,000","3,911,000,000","3,153,000,000","3,546,000,000","3,792,000,000","3,684,000,000","4,908,000,000","5,168,000,000","4,868,000,000","5,041,000,000","4,310,000,000","3,711,000,000","3,341,000,000","4,377,000,000","3,877,000,000","3,334,000,000","3,527,000,000","3,795,000,000","3,681,000,000","4,248,000,000","4,153,000,000","5,235,000,000","5,696,000,000","5,522,000,000","4,985,000,000","5,885,000,000","6,165,000,000","4,288,000,000","4,583,000,000","4,513,000,000","4,417,000,000","4,475,000,000","4,605,000,000","4,162,000,000","5,195,000,000","5,814,000,000","5,709,000,000","5,603,000,000","5,152,000,000","3,864,000,000","4,363,000,000","4,610,000,000","4,144,000,000","3,684,000,000","2,602,000,000","2,067,000,000","4,616,000,000","5,441,000,000","5,672,000,000","4,184,000,000","5,066,000,000","5,807,000,000","2,302,900,000","1,642,127,000","1,636,049,000","1,426,202,000","1,086,122,000","1,489,874,000","983,270,000","902,909,000","803,065,000","924,791,000","600,556,000","486,334,000","360,185,000","446,124,000","631,990,000","609,455,000","524,596,000","571,044,000","538,739,000","407,999,000","392,680,000","412,282,000","441,238,000","538,259,000","447,087,000","529,833,000","473,837,000","397,348,000","467,592,000","527,500,000","473,700,000","470,300,000","415,800,000","485,000,000","442,100,000","433,900,000","396,100,000","420,600,000","489,500,000","567,000,000","523,800,000","617,600,000","474,700,000","424,300,000","388,400,000","534,200,000","469,800,000","421,500,000","408,800,000","351,300,000","313,400,000","281,500,000","266,200,000","490,700,000","170,800,000","130,900,000","133,500,000","208,800,000","157,100,000","241,700,000","106,700,000","121,400,000","153,200,000","73,700,000","119,200,000","110,600,000","135,900,000","107,400,000","80,100,000","97,500,000","90,900,000","95,500,000","84,000,000","128,400,000","75,600,000","57,400,000","73,600,000","77,000,000","44,600,000","43,600,000","24,800,000"
CostOfRevenue,"14,030,000,000","3,723,000,000","3,551,000,000","3,550,000,000","3,206,000,000","3,066,000,000","2,868,000,000","2,613,000,000","3,108,000,000","3,400,000,000","3,028,000,000","3,354,000,000","3,323,000,000","3,302,000,000","3,527,000,000","3,357,000,000","3,259,000,000","3,268,000,000","3,220,000,000","2,945,000,000","2,589,000,000","3,342,000,000","3,411,000,000","3,879,000,000","7,234,000,000","7,712,000,000","7,433,000,000","6,424,000,000","6,955,000,000","7,301,000,000","4,405,000,000","4,095,000,000","3,703,000,000","3,955,000,000","4,251,000,000","3,383,000,000","3,048,000,000","3,063,000,000","2,890,000,000","2,913,000,000","2,695,000,000","2,660,000,000","2,827,000,000","2,824,000,000","2,659,000,000","2,402,000,000","2,534,000,000","2,339,000,000","2,220,000,000","2,131,000,000","1,986,000,000","2,089,000,000","1,843,000,000","4,664,000,000","2,874,000,000","3,182,000,000","3,140,000,000","3,726,000,000","2,702,000,000","3,269,000,000","952,100,000","653,510,000","794,726,000","608,385,000","480,491,000","456,475,000","434,368,000","390,586,000","366,926,000","436,671,000","369,979,000","371,679,000","277,839,000","284,254,000","265,312,000","279,235,000","247,470,000","259,840,000","239,139,000","206,924,000","235,671,000","239,807,000","247,157,000","269,164,000","196,501,000","221,537,000","278,886,000","253,322,000","262,040,000","274,200,000","227,700,000","245,600,000","192,800,000","205,900,000","207,400,000","215,800,000","188,500,000","237,500,000","267,400,000","269,200,000","252,200,000","277,500,000","230,600,000","238,900,000","204,800,000","270,400,000","216,200,000","221,500,000","224,200,000","251,200,000","192,800,000","172,700,000","164,800,000","348,600,000","73,800,000","74,800,000","66,500,000","79,400,000","66,900,000","96,700,000","48,500,000","54,700,000","72,700,000","32,000,000","49,600,000","42,800,000","45,900,000","41,300,000","29,900,000","33,900,000","27,500,000","34,200,000",,,,,,,,,
GrossProfit,"8,815,000,000","2,441,000,000","2,532,000,000","2,198,000,000","1,644,000,000","1,429,000,000","983,000,000","441,000,000","-310,000,000","511,000,000","125,000,000","192,000,000","469,000,000","382,000,000","1,381,000,000","1,811,000,000","1,609,000,000","1,773,000,000","1,090,000,000","766,000,000","752,000,000","1,035,000,000","466,000,000","-545,000,000","-3,707,000,000","-3,917,000,000","-3,752,000,000","-2,176,000,000","-2,802,000,000","-2,066,000,000","1,291,000,000","1,427,000,000","1,282,000,000","1,930,000,000","1,914,000,000","905,000,000","1,535,000,000","1,450,000,000","1,527,000,000","1,562,000,000","1,910,000,000","1,502,000,000","2,368,000,000","2,990,000,000","3,050,000,000","3,201,000,000","2,618,000,000","1,525,000,000","2,143,000,000","2,479,000,000","2,158,000,000","1,595,000,000","759,000,000","-2,597,000,000","1,742,000,000","2,259,000,000","2,532,000,000","458,000,000","2,364,000,000","2,538,000,000","1,350,800,000","988,617,000","841,323,000","817,817,000","605,631,000","1,033,399,000","548,902,000","512,323,000","436,139,000","488,120,000","230,577,000","114,655,000","82,346,000","161,870,000","366,678,000","330,220,000","277,126,000","311,204,000","299,600,000","201,075,000","157,009,000","172,475,000","194,081,000","269,095,000","250,586,000","308,296,000","194,951,000","144,026,000","205,552,000","253,300,000","246,000,000","224,700,000","223,000,000","279,100,000","234,700,000","218,100,000","207,600,000","183,100,000","222,100,000","297,800,000","271,600,000","340,100,000","244,100,000","185,400,000","183,600,000","263,800,000","253,600,000","200,000,000","184,600,000","100,100,000","120,600,000","108,800,000","101,400,000","142,100,000","97,000,000","56,100,000","67,000,000","129,400,000","90,200,000","145,000,000","58,200,000","66,700,000","80,500,000","41,700,000","69,600,000","67,800,000","90,000,000","66,100,000","50,200,000","63,600,000","63,400,000","61,300,000",,,,,,,,,
OperatingExpense,"529,000,000","153,000,000","130,000,000","134,000,000","112,000,000","206,000,000","101,000,000","120,000,000","152,000,000","140,000,000","151,000,000","151,000,000","181,000,000","148,000,000","136,000,000","192,000,000","161,000,000","321,000,000","206,000,000","107,000,000","195,000,000","219,000,000","120,000,000","186,000,000","169,000,000","183,000,000","193,000,000","198,000,000","200,000,000","187,000,000","205,000,000","274,000,000","171,000,000","280,000,000","207,000,000","266,000,000","180,000,000","169,000,000","189,000,000","170,000,000","166,000,000","169,000,000","180,000,000","173,000,000","114,000,000","104,000,000","116,000,000","101,000,000","95,000,000","186,000,000","74,000,000","89,000,000","62,000,000","-1,264,000,000","609,000,000","206,000,000","130,000,000","-696,000,000","451,000,000","92,000,000","83,900,000","126,458,000","76,003,000","78,223,000","73,881,000","103,706,000","89,351,000","81,880,000","78,540,000","35,269,000","81,930,000","67,953,000","40,970,000","55,369,000","54,412,000","88,994,000","85,800,000","87,096,000","93,524,000","78,665,000","69,466,000","79,405,000","84,087,000","94,461,000","82,538,000","102,998,000","96,554,000","70,846,000","84,108,000","98,500,000","89,300,000","89,700,000","86,400,000","104,600,000","99,600,000","83,100,000","77,800,000","66,800,000","85,700,000","84,100,000","74,000,000","89,400,000","73,700,000","73,800,000","78,000,000","94,400,000","83,100,000","69,200,000","62,800,000","22,000,000","57,200,000","56,200,000","48,200,000","40,700,000","39,600,000","84,400,000","42,400,000","56,100,000","31,600,000","35,600,000","23,000,000","18,100,000","23,600,000","17,400,000","21,800,000","21,700,000","18,000,000","15,100,000","14,800,000","12,500,000","12,600,000","10,800,000",,,,,,,,,
	SellingGeneralAndAdministration,"383,000,000","94,000,000","102,000,000","87,000,000","100,000,000","97,000,000","72,000,000","91,000,000","110,000,000","99,000,000","106,000,000","97,000,000","112,000,000","102,000,000","101,000,000","109,000,000","131,000,000","118,000,000","106,000,000","107,000,000","153,000,000","199,000,000","110,000,000","160,000,000","140,000,000","140,000,000","124,000,000","151,000,000","154,000,000","135,000,000","158,000,000","164,000,000","135,000,000","200,000,000","158,000,000","186,000,000","113,000,000","120,000,000","110,000,000","97,000,000","104,000,000","92,000,000","102,000,000","107,000,000","114,000,000","104,000,000","81,000,000","101,000,000","95,000,000","96,000,000","74,000,000","89,000,000","62,000,000","-31,000,000","90,000,000","126,000,000","136,000,000","152,000,000","131,000,000","139,000,000","48,900,000","46,242,000","45,062,000","35,135,000","30,631,000","24,925,000","27,705,000","27,721,000","21,614,000","25,605,000","26,186,000","25,363,000","15,560,000","26,639,000","16,421,000","20,711,000","18,012,000","19,086,000","16,447,000","16,360,000","16,412,000","13,909,000","14,962,000","16,142,000","14,409,000","14,954,000","18,729,000","16,518,000","20,749,000","22,500,000","15,200,000","17,300,000","15,700,000","24,600,000","24,500,000","19,100,000","19,500,000","13,500,000","26,900,000","29,500,000","26,700,000","39,200,000","28,500,000","30,400,000","42,800,000","54,300,000","49,200,000","41,000,000","40,900,000","700,000","39,300,000","37,900,000","31,100,000","11,400,000","25,300,000","72,200,000","26,900,000","24,900,000","20,600,000","19,600,000","15,600,000","12,800,000","11,900,000","11,100,000","11,300,000","11,600,000","8,300,000","7,000,000","7,200,000","6,000,000","6,300,000","4,800,000",,,,,,,,,
	ResearchAndDevelopment,,,,,,,,,,,,,,,,,,,,,,,,,,,,,,,,,,,,,,,"79,000,000","73,000,000","62,000,000","77,000,000","78,000,000","66,000,000",,,"35,000,000",,,,,,,"83,000,000","77,000,000","80,000,000",,,,,"6,500,000",,,,,,,,,,,,,,,,,,,,,,,,,,,,,,,,,,,,,,,,,,,,,,,,,,,,,,,,,,,,,,,,,,,,,,,,,,,,,,,,
	DepreciationAmortizationDepletionIncomeStatement,,,,,,,,,,,,,,,,,,,,,,,,,,,,,,,,,,,,,,,"298,000,000",,,,,,,,,,,,,,,,"442,000,000",,,,"356,000,000",,"116,300,000","80,139,000","60,827,000","43,355,000","43,250,000","78,781,000","61,646,000","54,159,000","56,926,000","82,653,000","55,755,000","42,590,000","25,410,000","30,753,000","63,979,000","68,283,000","67,788,000","68,010,000","77,077,000","62,305,000","53,054,000","66,441,000","71,000,000","78,319,000","68,129,000","88,044,000","77,825,000","54,328,000","63,359,000","76,000,000","74,100,000","72,400,000","70,700,000","80,000,000","75,100,000","64,000,000","58,300,000","53,300,000","58,800,000","54,600,000","47,300,000","50,200,000","45,200,000","43,400,000","35,200,000","40,100,000","33,900,000","28,200,000","21,900,000","21,300,000","17,900,000","18,300,000","17,100,000","29,300,000","14,300,000","12,200,000","15,500,000","31,200,000","11,000,000","16,000,000","7,400,000","5,300,000","11,700,000","6,300,000","10,500,000","10,100,000","9,700,000","8,100,000","7,600,000","6,500,000","6,300,000","6,000,000",,,,,,,,,
		DepreciationAndAmortizationInIncomeStatement,,,,,,,,,,,,,,,,,,,,,,,,,,,,,,,,,,,,,,,,,,,,,,,,,,,,,,,"442,000,000",,,,"356,000,000",,"116,300,000","80,139,000","60,827,000","43,355,000","43,250,000","78,781,000","61,646,000","54,159,000","56,926,000","82,653,000","55,755,000","42,590,000","25,410,000","30,753,000","63,979,000","68,283,000","67,788,000","68,010,000","77,077,000","62,305,000","53,054,000","66,441,000","71,000,000","78,319,000","68,129,000","88,044,000","77,825,000","54,328,000","63,359,000","76,000,000","74,100,000","72,400,000","70,700,000","80,000,000","75,100,000","64,000,000","58,300,000","53,300,000","58,800,000","54,600,000","47,300,000","50,200,000","45,200,000","43,400,000","35,200,000","40,100,000","33,900,000","28,200,000","21,900,000","21,300,000","17,900,000","18,300,000","17,100,000","29,300,000","14,300,000","12,200,000","15,500,000","31,200,000","11,000,000","16,000,000","7,400,000","5,300,000","11,700,000","6,300,000","10,500,000","10,100,000","9,700,000","8,100,000","7,600,000","6,500,000","6,300,000","6,000,000",,,,,,,,,
	OtherOperatingExpenses,"146,000,000","59,000,000","28,000,000","47,000,000","12,000,000","109,000,000","29,000,000","29,000,000","42,000,000","41,000,000","45,000,000","54,000,000","69,000,000","46,000,000","35,000,000","83,000,000","30,000,000","203,000,000","100,000,000",,"42,000,000","20,000,000","10,000,000","26,000,000","29,000,000","43,000,000","69,000,000","47,000,000","46,000,000","52,000,000","47,000,000","110,000,000","36,000,000","80,000,000","49,000,000","80,000,000","67,000,000","31,000,000","-73,000,000",,,,,"66,000,000",,,,,,,,,,,,,"-6,000,000","-2,000,000","-36,000,000","-47,000,000","-87,800,000","77,000","-29,886,000","-267,000",,,,,,"-72,989,000","-11,000",,,"-2,023,000","-25,988,000",,,,,,,,"-1,875,000",,,,,,,,,,,,,,,,,,,,,,,,,,,,,,,,,,,,,,,,,,,,,,,,,,,,,,,,,,
OperatingIncome,"8,286,000,000","2,288,000,000","2,402,000,000","2,064,000,000","1,532,000,000","1,223,000,000","882,000,000","321,000,000","-462,000,000","371,000,000","-26,000,000","41,000,000","288,000,000","234,000,000","1,245,000,000","1,619,000,000","1,448,000,000","1,452,000,000","884,000,000","659,000,000","557,000,000","816,000,000","346,000,000","-731,000,000","-3,876,000,000","-4,100,000,000","-3,945,000,000","-2,374,000,000","-3,002,000,000","-2,253,000,000","1,086,000,000","1,153,000,000","1,111,000,000","1,650,000,000","1,707,000,000","639,000,000","1,355,000,000","1,281,000,000","1,338,000,000","1,392,000,000","1,744,000,000","1,333,000,000","2,188,000,000","2,817,000,000","2,936,000,000","3,097,000,000","2,502,000,000","1,424,000,000","2,048,000,000","2,293,000,000","2,084,000,000","1,506,000,000","697,000,000","-1,333,000,000","1,133,000,000","2,053,000,000","2,402,000,000","1,154,000,000","1,913,000,000","2,446,000,000","1,266,900,000","862,159,000","765,320,000","739,594,000","531,750,000","929,693,000","459,551,000","430,443,000","357,599,000","452,851,000","148,647,000","46,702,000","41,376,000","106,501,000","312,266,000","241,226,000","191,326,000","224,108,000","206,076,000","122,410,000","87,543,000","93,070,000","109,994,000","174,634,000","168,048,000","205,298,000","98,397,000","73,180,000","121,444,000","154,800,000","156,700,000","135,000,000","136,600,000","174,500,000","135,100,000","135,000,000","129,800,000","116,300,000","136,400,000","213,700,000","197,600,000","250,700,000","170,400,000","111,600,000","105,600,000","169,400,000","170,500,000","130,800,000","121,800,000","78,100,000","63,400,000","52,600,000","53,200,000","101,400,000","57,400,000","-28,300,000","24,600,000","73,300,000","58,600,000","109,400,000","35,200,000","48,600,000","56,900,000","24,300,000","47,800,000","46,100,000","72,000,000","51,000,000","35,400,000","51,100,000","50,800,000","50,500,000","84,000,000","-6,600,000","75,600,000","57,400,000","73,600,000","-35,800,000","44,600,000","43,600,000","24,800,000"
NetNonOperatingInterestIncomeExpense,"-602,000,000","-171,000,000","-138,000,000","-148,000,000","-145,000,000","-236,000,000","-120,000,000","-115,000,000","-127,000,000","-219,000,000","-123,000,000","-132,000,000","-146,000,000","-509,000,000","-143,000,000","-142,000,000","-151,000,000","-168,000,000","-304,000,000","-162,000,000","-167,000,000","-181,000,000","-187,000,000","-196,000,000","-200,000,000","-187,000,000","-163,000,000","-149,000,000","-146,000,000","-147,000,000","-158,000,000","-164,000,000","-161,000,000","-167,000,000","-162,000,000","-132,000,000","-57,000,000","-38,000,000","-42,000,000","-43,000,000","-63,000,000","-62,000,000","-78,000,000","-74,000,000","-98,000,000","-92,000,000","-103,000,000","-122,000,000","-145,000,000","-135,000,000","-162,000,000","-158,000,000","-131,000,000",,,,,,,,,,,,,,,,,,,,,,,,,,,,,,,,,,,,,,,,,,,,,,,,,,,,,,,,,,,,,,,,,,,,,,,,,,,,,,,,,,,,,,,,
	InterestExpenseNonOperating,"602,000,000","171,000,000","138,000,000","148,000,000","145,000,000","236,000,000","120,000,000","115,000,000","127,000,000","219,000,000","123,000,000","132,000,000","146,000,000","509,000,000","143,000,000","142,000,000","151,000,000","168,000,000","304,000,000","162,000,000","167,000,000","181,000,000","187,000,000","196,000,000","200,000,000","187,000,000","163,000,000","149,000,000","146,000,000","147,000,000","158,000,000","164,000,000","161,000,000","167,000,000","162,000,000","132,000,000","57,000,000","38,000,000","42,000,000","43,000,000","63,000,000","62,000,000","78,000,000","74,000,000","98,000,000","92,000,000","103,000,000","122,000,000","145,000,000","135,000,000","162,000,000","158,000,000","131,000,000",,,,,,,,,,,,,,,,,,,,,,,,,,,,,,,,,,,,,,,,,,,,,,,,,,,,,,,,,,,,,,,,,,,,,,,,,,,,,,,,,,,,,,,,
	TotalOtherFinanceCost,,,,,,,,,,,,,,,,,,,,,,,,,,,,,,,,,,,,,,,,,,,,,,,"103,000,000",,,,,,,,,,,,,,,,,,,,,,,,,,,,,,,,,,,,,,,,,,,,,,,,,,,,,,,,,,,,,,,,,,,,,,,,,,,,,,,,,,,,,,,,,,,,,,
OtherIncomeExpense,"-25,000,000","-144,000,000","96,000,000","12,000,000","11,000,000","482,000,000","-39,000,000","11,000,000","-23,000,000","214,000,000",,"-3,000,000","41,000,000","94,000,000","84,000,000","74,000,000","39,000,000","41,000,000","46,000,000","16,000,000","48,000,000","-143,000,000","18,000,000","813,000,000","38,000,000","2,000,000","-40,000,000","37,000,000","46,000,000","-1,048,000,000","127,000,000","-3,000,000","33,000,000","-16,000,000","3,000,000","141,000,000","-48,000,000","81,000,000","58,000,000","-30,000,000","-191,000,000","-18,000,000","-10,000,000","-119,000,000","3,000,000","-19,000,000","-22,000,000","-41,000,000","-15,000,000","-100,000,000","-38,000,000","-1,000,000","-39,000,000","-16,994,000,000","-12,000,000","29,000,000","-3,000,000","48,000,000","28,000,000","-6,000,000","-147,500,000","10,937,000","-30,934,000","16,088,000","6,544,000","3,497,000","-33,496,000","10,705,000","10,585,000","130,614,000","3,029,000","-2,273,000","-11,459,000","-11,890,000","-51,058,000","-6,637,000","-942,000","-5,555,000","-1,057,000","-11,868,000","-786,000","-4,815,000","-6,040,000","-409,000","709,000","-5,017,000","-2,700,000","-9,483,000","-2,533,000","14,200,000","-6,700,000","-6,100,000","-9,700,000","-1,300,000","-3,900,000","-800,000","-1,300,000","1,500,000","1,400,000","-500,000","2,000,000","-1,000,000","-1,900,000","3,000,000","900,000",,"-2,800,000","-900,000","-700,000",,"200,000","-500,000","-100,000","3,100,000","-2,100,000","-4,300,000","1,100,000","2,400,000","3,200,000","-400,000","1,900,000","700,000","1,100,000","-900,000","2,600,000","100,000","700,000",,"400,000","500,000","900,000","500,000",,,,,,,,,
	EarningsFromEquityInterest,,,,,,,,,,,,,,,,,,,,,,,,,,,,,,"0","0","0",,"0","0","128,000,000",,,,,,,,,,,,,,,,,,,"2,000,000","7,000,000","7,000,000","5,000,000","5,000,000","7,000,000","4,500,000","-583,000","1,508,000","2,006,000","3,559,000","2,829,000","1,315,000","2,562,000","2,596,000","2,273,000","2,678,000","-2,548,000","-358,000","1,368,000","1,294,000","2,270,000","677,000","1,042,000","-1,864,000","-2,537,000","-822,000","-4,192,000","1,875,000",,,,,,,,,,,,,,,,,,,,,,,,,,,,,,,,,,,,,,,,,,,,,,,,,,,,,,,,,,
	SpecialIncomeCharges,"80,000,000","17,000,000","60,000,000","3,000,000","0","485,000,000","-61,000,000","-9,000,000","-43,000,000","404,000,000","-33,000,000","-8,000,000","27,000,000","81,000,000","70,000,000","54,000,000","11,000,000","28,000,000","44,000,000","6,000,000","23,000,000","-138,000,000","28,000,000","788,000,000","0","-92,000,000","0","92,000,000","39,000,000","-1,036,000,000","104,000,000","5,000,000","0","10,000,000","0","0","-45,000,000","54,000,000","58,000,000","-30,000,000","-191,000,000","-18,000,000","-10,000,000","-119,000,000","3,000,000","-19,000,000","-22,000,000","-41,000,000","-15,000,000","-100,000,000","-38,000,000","-1,000,000","-39,000,000","-16,978,000,000","-14,000,000","22,000,000","-10,000,000","43,000,000","23,000,000","-13,000,000","-152,000,000","11,520,000","-32,442,000","14,082,000","2,985,000","668,000","-34,811,000","8,143,000","7,989,000","128,341,000","351,000","275,000","-11,101,000","-13,258,000","-52,352,000","-8,907,000","-1,619,000","-6,597,000","807,000","-9,331,000","36,000","-623,000","-7,915,000","-409,000","709,000","-5,017,000","-2,700,000","-9,483,000","-2,533,000","14,200,000","-6,700,000","-6,100,000","-9,700,000","-1,300,000","-3,900,000","-800,000","-1,300,000","1,500,000","1,400,000","-500,000","2,000,000","-1,000,000","-1,900,000","3,000,000","900,000",,"-2,800,000","-900,000","-700,000",,"200,000","-500,000","-100,000","3,100,000","-2,100,000","-4,300,000","1,100,000","2,400,000","3,200,000","-400,000","1,900,000","700,000","1,100,000","-900,000","2,600,000","100,000","700,000",,"400,000","500,000","900,000","500,000",,,,,,,,,
		RestructuringAndMergernAcquisition,,,,,,,,,,,,,,,,,,,,,,,,,,,,,,,,,,,,,,,,,,,,,,"0","0","0","0",,"0","-2,000,000","25,000,000",,,,,,,,,,,,,,,,,,,,,,,,,,,,,,,,,,,,,,,,,,,,,,,,,,,,,,,,,,,,,,,,,,,,,,,,,,,,,,,,,,,,,,,,
		ImpairmentOfCapitalAssets,,,,,,,,,,,,,,,,,,,,,,,,,,"0",,,,"1,717,000,000",,,,,,,,,,,,,,,,,,,,,,,,,,,,,,,,,,,,,,,,,,,,,,,,,,,,,,,,,,,,,,,,,,,,,,,,,,,,,,,,,,,,,,,,,,,,,,,,,,,,,,,,,,,,,,,
		OtherSpecialCharges,,,,"-3,000,000",,"1,000,000","59,000,000","9,000,000","32,000,000","0","21,000,000",,"6,000,000","1,000,000",,"-9,000,000",,"-13,000,000","-11,000,000","4,000,000",,"25,000,000","-15,000,000","-39,000,000",,,,"-92,000,000",,"-10,000,000","-58,000,000","-5,000,000",,"-10,000,000",,,"45,000,000","-59,000,000",,,,,,,,"19,000,000","19,000,000","41,000,000","15,000,000","46,000,000","38,000,000","3,000,000","14,000,000",,,,,,,,,,,,,,,,,,,,,,,,,,,,,,,,,,,,,,,,,,,,,,,,,,,,,,,,,,,,,,,,,,,,,,,,,,,,,,,,,,,,,,,,
		GainOnSaleOfBusiness,,,,,,,,,,,,,,,,,,,,,,,,,,,,,,,,,,,,,,,,,,,,,,,,,,,,"0",,,,,,,,,,,,,,,,,,,,,,,,,,,,,,,,,,,,,,,,,,,,,,,,,,,,,,,,,,,,,,,,,,,,,,,,,,,,,,,,,,,,,,,,,
		GainOnSaleOfPPE,"80,000,000","17,000,000","60,000,000","3,000,000","0","486,000,000","-2,000,000","0","-11,000,000","404,000,000","-12,000,000","-8,000,000","33,000,000","82,000,000","70,000,000","45,000,000","11,000,000","15,000,000","33,000,000","10,000,000","23,000,000","-113,000,000","13,000,000","749,000,000","0","0","0","0","39,000,000","671,000,000","46,000,000",,,,,,,,,,,,,,,,,,,,,,,,,,,,,,,,,,,,,,,,,,,,,,,,,,,,,,,,,,,,,,,,,,,,,,,,,,,,,,,,,,,,,,,,,,,,,,,,,,,,,,,,,,,,,,
	OtherNonOperatingIncomeExpenses,"-105,000,000","-161,000,000","36,000,000","9,000,000","11,000,000","-3,000,000","22,000,000","20,000,000","20,000,000","-190,000,000","33,000,000","5,000,000","14,000,000","13,000,000","14,000,000","20,000,000","28,000,000","13,000,000","2,000,000","10,000,000","25,000,000","-5,000,000","-10,000,000","25,000,000","38,000,000","94,000,000","-40,000,000","-55,000,000","7,000,000","-12,000,000","23,000,000","-8,000,000","33,000,000","-26,000,000","3,000,000","13,000,000","-3,000,000","4,000,000",,,,,,,,,,,,,,,,,,,,,,,,,,,,,,,,,,,,,,,,,,,,,,,,,,,,,,,,,,,,,,,,,,,,,,,,,,,,,,,,,,,,,,,,,,,,,,,,,,,,,,,
PretaxIncome,"7,659,000,000","1,973,000,000","2,360,000,000","1,928,000,000","1,398,000,000","1,469,000,000","723,000,000","217,000,000","-612,000,000","366,000,000","-149,000,000","-94,000,000","183,000,000","-181,000,000","1,186,000,000","1,551,000,000","1,336,000,000","1,325,000,000","626,000,000","513,000,000","438,000,000","492,000,000","177,000,000","-114,000,000","-4,038,000,000","-4,285,000,000","-4,148,000,000","-2,486,000,000","-3,102,000,000","-3,448,000,000","1,055,000,000","986,000,000","983,000,000","1,467,000,000","1,548,000,000","648,000,000","1,250,000,000","1,324,000,000","1,354,000,000","1,319,000,000","1,490,000,000","1,253,000,000","2,100,000,000","2,624,000,000","2,841,000,000","2,986,000,000","2,377,000,000","1,261,000,000","1,888,000,000","2,058,000,000","1,884,000,000","1,347,000,000","527,000,000","-18,451,000,000","980,000,000","1,942,000,000","2,234,000,000","1,075,000,000","1,786,000,000","2,258,000,000","1,067,500,000","859,760,000","715,830,000","734,658,000","515,623,000","907,721,000","392,725,000","405,856,000","330,636,000","458,939,000","113,828,000","5,090,000","-3,473,000","53,670,000","213,119,000","179,111,000","137,875,000","140,065,000","163,631,000","61,075,000","36,921,000","79,515,000","53,717,000","117,825,000","107,719,000","133,374,000","34,906,000","9,076,000","59,204,000","107,000,000","88,900,000","69,700,000","66,400,000","106,900,000","71,200,000","73,400,000","72,800,000","77,900,000","90,700,000","157,400,000","150,400,000","194,300,000","124,900,000","79,400,000","74,700,000","136,900,000","137,100,000","104,700,000","108,800,000","100,900,000","57,000,000","46,700,000","49,000,000","91,600,000","50,900,000","-32,900,000","18,800,000","64,500,000","50,100,000","90,900,000","28,100,000","37,700,000","47,800,000","18,600,000","43,700,000","39,800,000","63,900,000","44,100,000","30,400,000","47,000,000","47,200,000","46,800,000",,,,,,,,,
TaxProvision,"2,299,000,000","625,000,000","628,000,000","603,000,000","443,000,000","611,000,000","297,000,000","96,000,000","-60,000,000","329,000,000","91,000,000","-15,000,000","105,000,000","-552,000,000","522,000,000","515,000,000","506,000,000","136,000,000","387,000,000","186,000,000","174,000,000","292,000,000","-114,000,000","116,000,000","70,000,000","-193,000,000","-360,000,000","-687,000,000","-695,000,000","-710,000,000","349,000,000","328,000,000","357,000,000","508,000,000","499,000,000","40,000,000","428,000,000","382,000,000","215,000,000","422,000,000","491,000,000","389,000,000","808,000,000","906,000,000","984,000,000","1,027,000,000","845,000,000","433,000,000","678,000,000","750,000,000","684,000,000","542,000,000","331,000,000","-4,471,000,000","240,000,000","658,000,000","729,000,000","525,000,000","653,000,000","777,000,000","460,200,000","365,365,000","303,844,000","310,244,000","221,722,000","375,644,000","186,712,000","188,684,000","164,028,000","202,786,000","71,343,000","38,210,000","18,341,000","45,248,000","117,683,000","97,908,000","77,214,000","89,530,000","81,134,000","46,040,000","28,814,000","29,671,000","40,285,000","72,408,000","60,615,000","66,096,000","34,752,000","18,252,000","40,473,000","60,100,000","53,300,000","42,200,000","40,000,000","56,100,000","38,600,000","38,700,000","37,200,000","29,300,000","45,100,000","78,300,000","78,600,000","106,500,000","65,300,000","36,700,000","38,600,000","69,000,000","63,000,000","50,500,000","51,400,000","45,700,000","30,200,000","24,400,000","23,100,000","41,100,000","21,800,000","-6,000,000","10,700,000","28,100,000","23,600,000","41,200,000","10,800,000","-8,100,000","23,000,000","9,200,000","21,600,000","18,900,000","30,600,000","21,300,000","14,800,000","22,800,000","21,900,000","22,400,000",,,,,,,,,
EarningsFromEquityInterestNetOfTax,"5,000,000","10,000,000","-9,000,000","6,000,000","-2,000,000","0","6,000,000","3,000,000","3,000,000","5,000,000","5,000,000","5,000,000","-3,000,000","3,000,000","4,000,000","3,000,000","-2,000,000","4,000,000","3,000,000","-1,000,000","4,000,000","2,000,000","1,000,000","1,000,000","7,000,000","-2,000,000","-2,000,000","0","1,000,000","3,000,000","-2,000,000","2,000,000","0","0","-1,000,000","2,000,000","2,000,000","3,000,000","1,000,000","-3,000,000","2,000,000","2,000,000","2,000,000","8,000,000","4,000,000","5,000,000","1,000,000","4,000,000","5,000,000",,,"7,000,000","11,000,000",,,,,,,,,,,,,,,,,,,,,,,,,,,,,,,,,,,,,,,,,,,,,,,,,,,,,,,,,,,,,,,,,,,,,,,,,,,,,,,,,,,,,,,,
NetIncomeCommonStockholders,"4,306,000,000","1,106,000,000","1,399,000,000","1,079,000,000","714,000,000","705,000,000","329,000,000","53,000,000","-494,000,000","9,000,000","-210,000,000","-72,000,000","31,000,000","485,000,000","556,000,000","869,000,000","688,000,000","1,040,000,000","277,000,000","265,000,000","225,000,000","292,000,000","214,000,000","-482,000,000","-4,187,000,000","-4,081,000,000","-3,833,000,000","-1,854,000,000","-2,477,000,000","-2,851,000,000","550,000,000","480,000,000","509,000,000","707,000,000","821,000,000","482,000,000","648,000,000","743,000,000","824,000,000","710,000,000","764,000,000","640,000,000","1,053,000,000","1,368,000,000","1,499,000,000","1,549,000,000","1,178,000,000","649,000,000","897,000,000","971,000,000","925,000,000","588,000,000","43,000,000","-13,933,000,000","523,000,000","947,000,000","1,122,000,000","414,000,000","775,000,000","1,104,000,000","476,200,000","426,442,000","350,662,000","367,255,000","251,650,000","463,180,000","165,805,000","175,247,000","130,395,000","212,505,000","17,133,000","-53,311,000","-19,551,000","236,000","47,366,000","57,372,000","49,245,000","64,091,000","61,537,000","5,576,000","-4,154,000","-2,083,000","4,248,000","36,292,000","38,039,000","58,064,000","-9,192,000","-18,613,000","9,241,000","37,300,000","26,800,000","18,900,000","17,700,000","42,100,000","23,800,000","25,800,000","26,600,000","39,600,000","36,600,000","69,900,000","62,400,000","77,000,000","46,100,000","29,100,000","22,400,000","54,400,000","60,500,000","40,600,000","44,000,000","41,700,000","13,400,000","9,700,000","13,600,000","29,300,000","19,200,000","-30,800,000","4,200,000","32,500,000","23,400,000","49,700,000","17,300,000","40,000,000","24,800,000","9,400,000","22,100,000","20,900,000","33,300,000","22,800,000","15,600,000","24,000,000","25,300,000","24,400,000","24,800,000","42,800,000","19,200,000","13,800,000","18,500,000","24,500,000","8,800,000","7,400,000","2,800,000"
	NetIncome,"4,306,000,000","1,106,000,000","1,399,000,000","1,083,000,000","718,000,000","708,000,000","329,000,000","53,000,000","-491,000,000","9,000,000","-207,000,000","-72,000,000","31,000,000","485,000,000","556,000,000","869,000,000","692,000,000","1,041,000,000","280,000,000","268,000,000","228,000,000","100,000,000","227,000,000","-469,000,000","-4,173,000,000","-4,071,000,000","-3,819,000,000","-1,841,000,000","-2,464,000,000","-2,842,000,000","562,000,000","492,000,000","520,000,000","707,000,000","821,000,000","482,000,000","648,000,000","743,000,000","824,000,000","710,000,000","764,000,000","640,000,000","1,053,000,000","1,368,000,000","1,499,000,000","1,549,000,000","1,178,000,000","664,000,000","945,000,000","1,019,000,000","979,000,000","648,000,000","103,000,000","-13,850,000,000","587,000,000","1,010,000,000","1,186,000,000","478,000,000","838,000,000","1,168,000,000","492,900,000","441,567,000","365,787,000","382,380,000","266,775,000","478,305,000","180,930,000","190,372,000","145,520,000","227,630,000","32,258,000","-38,238,000","-19,383,000","2,394,000","53,490,000","66,944,000","58,832,000","73,598,000","70,963,000","15,035,000","5,058,000","7,072,000","13,432,000","45,417,000","47,104,000","67,278,000","154,000","-9,176,000","18,731,000","46,900,000","35,600,000","27,500,000","26,400,000","50,800,000","32,600,000","34,700,000","35,600,000","48,600,000","45,600,000","79,100,000","71,800,000","87,800,000","59,600,000","42,700,000","36,100,000","67,900,000","74,100,000","54,200,000","57,400,000","55,200,000","26,800,000","22,300,000","25,900,000","40,600,000","29,100,000","-26,900,000","8,100,000","36,400,000","26,500,000","49,700,000","17,300,000","40,000,000","24,800,000","9,400,000","22,100,000","20,900,000","33,300,000","22,800,000","15,600,000","24,200,000","25,300,000","24,400,000","24,800,000","42,800,000","19,200,000","13,800,000","18,500,000","24,500,000","8,800,000","7,400,000","2,800,000"
		NetIncomeIncludingNoncontrollingInterests,"5,365,000,000","1,358,000,000","1,723,000,000","1,331,000,000","953,000,000","858,000,000","432,000,000","124,000,000","-549,000,000","43,000,000","-234,000,000","-74,000,000","76,000,000","378,000,000","664,000,000","1,035,000,000","817,000,000","1,209,000,000","245,000,000","335,000,000","306,000,000","200,000,000","286,000,000","-410,000,000","-4,101,000,000","-4,094,000,000","-3,790,000,000","-1,799,000,000","-2,406,000,000","-2,735,000,000","704,000,000","660,000,000","626,000,000","959,000,000","1,048,000,000","610,000,000","824,000,000","945,000,000","1,140,000,000","894,000,000","1,001,000,000","866,000,000","1,294,000,000","1,726,000,000","1,861,000,000","1,964,000,000","1,533,000,000","832,000,000","1,215,000,000","1,312,000,000","1,203,000,000","812,000,000","207,000,000","-14,598,000,000","742,000,000","1,284,000,000","1,505,000,000","541,000,000","1,145,000,000","1,481,000,000","607,300,000","494,395,000","411,986,000","424,414,000","293,901,000","532,077,000","206,013,000","217,172,000","166,608,000","256,153,000","42,485,000","-33,120,000","-21,814,000","8,422,000","70,761,000","81,203,000","69,743,000","86,976,000","82,497,000","21,010,000","10,612,000","13,989,000","21,679,000","60,424,000","59,705,000","82,126,000","7,406,000","-4,368,000","28,503,000","61,000,000","48,700,000","38,800,000","36,500,000","64,500,000","41,300,000","42,100,000","42,700,000","49,100,000","54,000,000","94,500,000","87,800,000","107,600,000","74,500,000","48,300,000","44,300,000","86,500,000","86,900,000","67,500,000","69,800,000","64,600,000","33,400,000","27,700,000","29,900,000","47,800,000","33,500,000","-30,700,000","9,400,000","44,200,000","33,200,000","62,600,000","21,000,000","45,500,000","27,600,000","10,500,000","24,800,000","23,200,000","38,400,000","26,800,000","18,400,000","28,500,000","29,800,000","28,700,000","24,800,000","42,800,000","19,200,000","13,800,000","18,500,000","24,500,000","8,800,000","7,400,000","2,800,000"
			NetIncomeContinuousOperations,"5,365,000,000","1,358,000,000","1,723,000,000","1,331,000,000","953,000,000","858,000,000","432,000,000","124,000,000","-549,000,000","42,000,000","-235,000,000","-74,000,000","75,000,000","374,000,000","668,000,000","1,039,000,000","828,000,000","1,193,000,000","242,000,000","326,000,000","268,000,000","202,000,000","292,000,000","-229,000,000","-4,101,000,000","-4,094,000,000","-3,790,000,000","-1,799,000,000","-2,406,000,000","-2,735,000,000","704,000,000","660,000,000","626,000,000","959,000,000","1,048,000,000","610,000,000","824,000,000","945,000,000","1,140,000,000","894,000,000","1,001,000,000","866,000,000","1,294,000,000","1,726,000,000","1,861,000,000","1,964,000,000","1,533,000,000","832,000,000","1,215,000,000","1,312,000,000","1,203,000,000","812,000,000","207,000,000","-13,850,000,000","587,000,000","1,010,000,000","1,186,000,000","487,000,000","826,000,000","1,168,000,000","492,900,000","441,567,000","365,787,000","382,380,000","266,775,000","478,305,000","180,930,000","190,372,000","145,520,000","227,630,000","32,258,000","-38,238,000","-19,383,000","2,394,000","78,165,000","66,944,000","49,750,000","73,598,000","70,963,000","15,035,000","8,107,000","7,072,000","13,432,000","45,417,000","47,104,000","67,278,000","154,000","-9,176,000","18,731,000","46,900,000","35,600,000","27,500,000","26,400,000","50,800,000","32,600,000","34,700,000","35,600,000","48,600,000","45,600,000","79,100,000","71,800,000","87,800,000","59,600,000","42,700,000","36,100,000","67,900,000","74,100,000","54,200,000","57,400,000","55,200,000","26,800,000","22,300,000","25,900,000","50,500,000","29,100,000","-26,900,000","8,100,000","36,400,000","26,500,000","49,700,000","17,300,000","45,800,000","24,800,000","9,400,000","22,100,000","20,900,000","33,300,000","22,800,000","15,600,000","24,200,000","25,300,000","24,400,000","24,800,000","42,800,000","19,200,000","13,800,000","18,500,000","24,500,000","8,800,000","7,400,000","2,800,000"
			NetIncomeDiscontinuousOperations,"0",,,,,"0","0","0","0","1,000,000","1,000,000","0","1,000,000","4,000,000","-4,000,000","-4,000,000","-11,000,000","16,000,000","3,000,000","9,000,000","38,000,000","-2,000,000","-6,000,000","-181,000,000","-4,000,000",,,,,,,,,,,,,,,,,,,,,,,,,,,,,,,,,"-9,000,000","12,000,000",,,,,,,,,,,,,,,,,,,,,,,,,,,,,,,,,,,,,,,,,,,,,,,,,,,,,,,,,,,,,,,,,,,,,,,,,,,,,,,,,,
			NetIncomeExtraordinary,,,,,,,,,,,,,,,,,,,,,,,,,,,,,,,,,,,,,,,,,,,,,,,,,,,,,,,,,,,,,,,,,,,,,,,,,,"0","-24,675,000",,"9,082,000","0",,,"-3,049,000",,,,,,,,,,,,,,,,,,,,,,,,,,,,,,,,,,,,,,,,,,,,,,,,,,,,,,,,,,,,
		MinorityInterests,"-1,059,000,000","-252,000,000","-324,000,000","-248,000,000","-235,000,000","-150,000,000","-103,000,000","-71,000,000","58,000,000","-34,000,000","27,000,000","2,000,000","-45,000,000","107,000,000","-108,000,000","-166,000,000","-125,000,000","-168,000,000","35,000,000","-67,000,000","-78,000,000","-100,000,000","-59,000,000","-59,000,000","-72,000,000","23,000,000","-29,000,000","-42,000,000","-58,000,000","-107,000,000","-142,000,000","-168,000,000","-106,000,000","-252,000,000","-227,000,000","-128,000,000","-176,000,000","-202,000,000","-316,000,000","-184,000,000","-237,000,000","-226,000,000","-241,000,000","-358,000,000","-362,000,000","-415,000,000","-355,000,000","-168,000,000","-270,000,000","-293,000,000","-224,000,000","-164,000,000","-104,000,000",,"-155,000,000","-274,000,000","-319,000,000","-63,000,000","-307,000,000","-313,000,000","-114,400,000","-52,828,000","-46,199,000","-42,034,000","-27,126,000","-53,772,000","-25,083,000","-26,800,000","-21,088,000","-28,523,000","-10,227,000","-5,118,000","2,431,000","-6,028,000","-17,271,000","-14,259,000","-10,911,000","-13,378,000","-11,534,000","-5,975,000","-5,554,000","-6,917,000","-8,247,000","-15,007,000","-12,601,000","-14,848,000","-7,252,000","-4,808,000","-9,772,000","-14,100,000","-13,100,000","-11,300,000","-10,100,000","-13,700,000","-8,700,000","-7,400,000","-7,100,000","-500,000","-8,400,000","-15,400,000","-16,000,000","-19,800,000","-14,900,000","-5,600,000","-8,200,000","-18,600,000","-12,800,000","-13,300,000","-12,400,000","-9,400,000","-6,600,000","-5,400,000","-4,000,000","-7,200,000","-4,400,000","3,800,000","-1,300,000","-7,800,000","-6,700,000","-12,900,000","-3,700,000","-5,500,000","-2,800,000","-1,100,000","-2,700,000","-2,300,000","-5,100,000","-4,000,000","-2,800,000","-4,300,000","-4,500,000","-4,300,000",,,,,,,,,
	PreferredStockDividends,,,,,,,,,,,,,,,,,,,,,,,"10,000,000","10,000,000","11,000,000","10,000,000","11,000,000","10,000,000","10,000,000","10,000,000","10,000,000","10,000,000","10,000,000",,,,,,,,,,,,,"0",,"15,000,000","48,000,000","48,000,000","54,000,000","60,000,000","60,000,000","83,000,000","64,000,000","63,000,000","64,000,000","64,000,000","63,000,000","64,000,000","16,700,000","15,125,000","15,125,000","15,125,000","15,125,000","15,125,000","15,125,000","15,125,000","15,125,000","15,125,000","15,125,000","15,073,000","168,000","2,158,000","6,124,000","9,572,000","9,587,000","9,507,000","9,426,000","9,459,000","9,212,000","9,155,000","9,184,000","9,125,000","9,065,000","9,214,000","9,346,000","9,437,000","9,490,000","9,600,000","8,800,000","8,600,000","8,700,000","8,700,000","8,800,000","8,900,000","9,000,000","9,000,000","9,000,000","9,200,000","9,400,000","10,800,000","13,500,000","13,600,000","13,700,000","13,500,000","13,600,000","13,600,000","13,400,000","13,500,000","13,400,000","12,600,000","12,300,000","11,300,000","9,900,000","3,900,000","3,900,000","3,900,000","3,100,000",,,,,,,,,,,,,,,,,,,,,,
	OtherunderPreferredStockDividend,,,,"4,000,000","4,000,000",,,,"3,000,000","0","3,000,000",,,,,,"4,000,000","1,000,000","3,000,000","3,000,000","3,000,000","-161,000,000","3,000,000","3,000,000","3,000,000","0","3,000,000","3,000,000","3,000,000","-1,000,000","2,000,000","2,000,000","1,000,000",,,,,,,,,,,,,,,,,,,"164,000,000",,,,,,,,,,,,,,,,,,,,,,,,,,,,,,,,,,,,,,,,,,,,,,,,,,,,,,,,,,,,,,,,,,,,,,,,,,,,,,,,,,,,,,,,,
DilutedNIAvailtoComStockholders,"4,306,000,000","1,106,000,000","1,399,000,000","1,079,000,000","714,000,000","705,000,000","329,000,000","53,000,000","-494,000,000","9,000,000","-210,000,000","-72,000,000","31,000,000","485,000,000","556,000,000","869,000,000","688,000,000","1,040,000,000","277,000,000","265,000,000","225,000,000","292,000,000","214,000,000","-482,000,000","-4,187,000,000","-4,081,000,000","-3,833,000,000","-1,854,000,000","-2,477,000,000","-2,851,000,000","550,000,000","480,000,000","509,000,000","707,000,000","821,000,000","482,000,000","648,000,000","743,000,000","824,000,000","710,000,000","764,000,000","640,000,000","1,053,000,000","1,368,000,000","1,499,000,000","1,549,000,000","1,178,000,000","649,000,000","897,000,000","971,000,000","925,000,000","588,000,000","43,000,000","-13,933,000,000","523,000,000","947,000,000","1,122,000,000","414,000,000","775,000,000","1,104,000,000","476,200,000","426,442,000","350,662,000","367,255,000","251,650,000","463,180,000","165,805,000","175,247,000","130,395,000","212,505,000","17,133,000","-53,311,000","-19,551,000","236,000","47,366,000","57,372,000","49,245,000","64,091,000","61,537,000","5,576,000","-4,154,000","-2,083,000","4,248,000","36,292,000","38,039,000","58,064,000","-9,192,000","-18,613,000","9,241,000","37,300,000","26,800,000","18,900,000","17,700,000","42,100,000","23,800,000","25,800,000","26,600,000","39,600,000","36,600,000","69,900,000","62,400,000","77,000,000","46,100,000","29,100,000","22,400,000","54,400,000","60,500,000","40,600,000","44,000,000","41,700,000","13,400,000","9,700,000","13,600,000","29,300,000","19,200,000","-30,800,000","4,200,000","32,500,000","23,400,000","49,700,000","17,300,000","40,000,000","24,800,000","9,400,000","22,100,000","20,900,000","33,300,000","22,800,000","15,600,000","24,000,000","25,300,000","24,400,000","24,800,000","42,800,000","19,200,000","13,800,000","18,500,000","24,500,000","8,800,000","7,400,000","2,800,000"
BasicEPS,,"0.759","0.953","0.738","0.49","0.486","0.226","0.036","-0.338","0.006","-0.09","-0.05","0.021","0.097","0.38","0.6","0.47","0.71","0.19","0.18","0.16","0.21","0.16","-0.377","-3.35","-3.47","-3.58","-1.78","-2.38","-2.75","0.53","0.46","0.49","0.68","0.79","0.49","0.68","0.78","0.87","0.75","0.81",,"1.11","1.44","1.58","1.645","1.25","0.71","1.04",,"1.115","0.715","0.055",,"0.685","1.235","1.465",,"1.015","1.45","1.1",,"0.925","0.975","0.67",,"0.465","0.49","0.365",,"0.05","-0.15","-0.05",,"0.15","0.195","0.17",,"0.21","0.02","-0.015",,"0.015","0.125","0.13",,"-0.03","-0.06","0.03",,"0.08","0.06","0.055",,"0.07","0.07","0.075",,"0.095","0.175","0.155",,"0.12","0.075","0.055",,"0.15","0.1","0.105",,"0.035","0.025","0.035",,"0.05","-0.08","0.01",,"0.06","0.135","0.05",,"0.07","0.025","0.06",,"0.1","0.07","0.045",,"0.075","0.075","0.075",,"0.047","0.034","0.046",,"0.022","0.018","0.007"
DilutedEPS,,"0.74","0.94","0.73","0.48","0.48","0.22","0.03","-0.34","0.006","-0.09","-0.05","0.02","0.09","0.38","0.59","0.47","0.71","0.19","0.18","0.16","0.21","0.16","-0.38","-3.35","-3.47","-3.58","-1.78","-2.38","-2.75","0.53","0.46","0.49","0.68","0.79","0.49","0.68","0.78","0.86","0.74","0.8",,"1.1","1.43","1.57","1.625","1.245","0.7","1",,"1.035","0.69","0.055",,"0.655","1.125","1.32",,"0.935","1.31","1.01",,"0.835","0.87","0.615",,"0.43","0.455","0.35",,"0.05","-0.15","-0.05",,"0.145","0.185","0.165",,"0.195","0.02","-0.015",,"0.015","0.125","0.13",,"-0.03","-0.06","0.03",,"0.08","0.06","0.055",,"0.07","0.07","0.075",,"0.095","0.175","0.155",,"0.12","0.075","0.055",,"0.15","0.1","0.105",,"0.035","0.025","0.035",,"0.05","-0.08","0.01",,"0.06","0.135","0.05",,"0.07","0.025","0.06",,"0.1","0.07","0.045",,"0.075","0.075","0.075",,"0.047","0.034","0.046",,"0.022","0.018","0.007"
BasicAverageShares,,"1,457,000,000","1,468,000,000","1,468,000,000","1,464,000,000","1,458,000,000","1,453,000,000","1,453,000,000","1,452,000,000","1,452,000,000","1,452,000,000","1,451,000,000","1,451,000,000","1,450,000,000","1,450,000,000","1,449,000,000","1,449,000,000","1,448,000,000","1,448,000,000","1,447,000,000","1,446,000,000","1,403,000,000","1,346,000,000","1,269,000,000","1,251,000,000","1,177,000,000","1,071,000,000","1,040,000,000","1,040,000,000","1,039,000,000","1,039,000,000","1,039,000,000","1,038,000,000","1,038,000,000","1,038,000,000","980,000,000","950,000,000","949,000,000","949,000,000","949,000,000","949,000,000",,"948,000,000","947,000,000","946,000,000","942,000,000","942,000,000","916,000,000","862,000,000",,"832,000,000","824,000,000","800,000,000",,"764,000,000","768,000,000","766,000,000",,"764,000,000","762,000,000","433,600,000",,"379,108,000","377,012,000","375,832,000",,"355,790,000","356,648,000","358,640,000",,"354,274,000","350,404,000","395,876,000",,"318,814,000","291,814,000","290,480,000",,"289,788,000","289,396,000","288,216,000",,"287,946,000","287,908,000","287,812,000",,"300,176,000","316,758,000","322,646,000",,"335,000,000","315,000,000","321,818,182",,"340,000,000","368,571,429","354,666,667",,"385,263,158","399,428,571","402,580,645",,"384,166,667","388,000,000","407,272,727",,"403,333,333","406,000,000","419,047,619",,"382,857,143","388,000,000","388,571,429",,"384,000,000","385,000,000","420,000,000",,"390,000,000","368,148,148","346,000,000",,"354,285,714","376,000,000","368,333,333",,"333,000,000","325,714,286","346,666,667",,"337,333,333","325,333,333","330,666,667",,"406,000,000","406,000,000","406,000,000",,"406,000,000","406,000,000","406,000,000"
DilutedAverageShares,,"1,482,000,000","1,484,000,000","1,483,000,000","1,477,000,000","1,469,000,000","1,461,000,000","1,458,000,000","1,452,000,000","1,457,000,000","1,452,000,000","1,451,000,000","1,457,000,000","1,457,000,000","1,458,000,000","1,458,000,000","1,458,000,000","1,455,000,000","1,454,000,000","1,453,000,000","1,454,000,000","1,410,000,000","1,351,000,000","1,269,000,000","1,251,000,000","1,177,000,000","1,071,000,000","1,040,000,000","1,040,000,000","1,039,000,000","1,046,000,000","1,045,000,000","1,044,000,000","1,044,000,000","1,043,000,000","984,000,000","953,000,000","954,000,000","953,000,000","953,000,000","955,000,000",,"955,000,000","956,000,000","955,000,000","954,000,000","948,000,000","946,000,000","946,000,000",,"944,000,000","942,000,000","802,000,000",,"894,000,000","900,000,000","898,000,000",,"894,000,000","892,000,000","488,000,000",,"442,154,000","444,222,000","442,954,000",,"439,648,000","439,980,000","400,252,000",,"359,610,000","350,404,000","395,876,000",,"388,670,000","381,980,000","378,968,000",,"377,754,000","294,740,000","288,216,000",,"289,316,000","290,464,000","289,456,000",,"300,176,000","316,758,000","325,088,000",,"335,000,000","315,000,000","321,818,182",,"340,000,000","368,571,429","354,666,667",,"385,263,158","399,428,571","402,580,645",,"384,166,667","388,000,000","407,272,727",,"403,333,333","406,000,000","419,047,619",,"382,857,143","388,000,000","388,571,429",,"384,000,000","385,000,000","420,000,000",,"390,000,000","368,148,148","346,000,000",,"354,285,714","376,000,000","368,333,333",,"333,000,000","325,714,286","346,666,667",,"337,333,333","325,333,333","330,666,667",,"406,000,000","406,000,000","406,000,000",,"406,000,000","406,000,000","406,000,000"
TotalOperatingIncomeAsReported,"8,366,000,000","2,305,000,000","2,462,000,000","2,067,000,000","1,532,000,000","1,709,000,000","880,000,000","321,000,000","-473,000,000","775,000,000","-38,000,000","33,000,000","321,000,000","316,000,000","1,315,000,000","1,664,000,000","1,459,000,000","1,467,000,000","917,000,000","669,000,000","580,000,000","703,000,000","359,000,000","18,000,000","-3,876,000,000","-4,100,000,000","-3,945,000,000","-2,374,000,000","-2,963,000,000","-3,299,000,000","1,132,000,000","1,153,000,000","1,111,000,000","1,650,000,000","1,707,000,000","639,000,000","1,355,000,000","1,358,000,000","1,411,000,000","1,311,000,000","1,734,000,000","1,297,000,000","2,150,000,000","2,757,000,000","2,936,000,000","3,097,000,000","2,499,000,000","1,424,000,000","2,048,000,000","2,239,000,000","2,084,000,000","1,508,000,000","672,000,000","-18,292,000,000","1,133,000,000","2,053,000,000","2,396,000,000","1,152,000,000","1,877,000,000","2,399,000,000","1,179,100,000","862,236,000","735,434,000","739,327,000","531,750,000","929,693,000","459,551,000","430,443,000","357,599,000","466,862,000","148,636,000","46,702,000","41,376,000","104,478,000","286,278,000","241,226,000","191,326,000","224,108,000","206,076,000","122,410,000","87,543,000","93,070,000","109,994,000","174,634,000","168,048,000","205,298,000","98,397,000","73,180,000","121,444,000","154,800,000","156,700,000","135,000,000","136,600,000","174,500,000","135,100,000","135,000,000","129,800,000","116,300,000","136,400,000","213,700,000","197,600,000","250,700,000","170,400,000","111,600,000","105,600,000","169,400,000","170,500,000","130,800,000","121,800,000","78,100,000","63,400,000","52,600,000","53,200,000","101,400,000","57,400,000","-28,300,000","24,600,000","73,300,000","58,600,000","109,400,000","35,200,000","48,600,000","56,900,000","24,300,000","47,800,000","46,100,000","72,000,000","51,000,000","35,400,000","51,100,000","50,800,000","50,500,000",,,,,,,,,
TotalExpenses,"14,559,000,000","3,876,000,000","3,681,000,000","3,684,000,000","3,318,000,000","3,272,000,000","2,969,000,000","2,733,000,000","3,260,000,000","3,540,000,000","3,179,000,000","3,505,000,000","3,504,000,000","3,450,000,000","3,663,000,000","3,549,000,000","3,420,000,000","3,589,000,000","3,426,000,000","3,052,000,000","2,784,000,000","3,561,000,000","3,531,000,000","4,065,000,000","7,403,000,000","7,895,000,000","7,626,000,000","6,622,000,000","7,155,000,000","7,488,000,000","4,610,000,000","4,369,000,000","3,874,000,000","4,235,000,000","4,458,000,000","3,649,000,000","3,228,000,000","3,232,000,000","3,079,000,000","3,083,000,000","2,861,000,000","2,829,000,000","3,007,000,000","2,997,000,000","2,773,000,000","2,506,000,000","2,650,000,000","2,440,000,000","2,315,000,000","2,317,000,000","2,060,000,000","2,178,000,000","1,905,000,000","3,400,000,000","3,483,000,000","3,388,000,000","3,270,000,000","3,030,000,000","3,153,000,000","3,361,000,000","1,036,000,000","779,968,000","870,729,000","686,608,000","554,372,000","560,181,000","523,719,000","472,466,000","445,466,000","471,940,000","451,909,000","439,632,000","318,809,000","339,623,000","319,724,000","368,229,000","333,270,000","346,936,000","332,663,000","285,589,000","305,137,000","319,212,000","331,244,000","363,625,000","279,039,000","324,535,000","375,440,000","324,168,000","346,148,000","372,700,000","317,000,000","335,300,000","279,200,000","310,500,000","307,000,000","298,900,000","266,300,000","304,300,000","353,100,000","353,300,000","326,200,000","366,900,000","304,300,000","312,700,000","282,800,000","364,800,000","299,300,000","290,700,000","287,000,000","273,200,000","250,000,000","228,900,000","213,000,000","389,300,000","113,400,000","159,200,000","108,900,000","135,500,000","98,500,000","132,300,000","71,500,000","72,800,000","96,300,000","49,400,000","71,400,000","64,500,000","63,900,000","56,400,000","44,700,000","46,400,000","40,100,000","45,000,000",,,,,,,,,
NetIncomeFromContinuingAndDiscontinuedOperation,"4,306,000,000","1,106,000,000","1,399,000,000","1,083,000,000","718,000,000","708,000,000","329,000,000","53,000,000","-491,000,000","9,000,000","-207,000,000","-72,000,000","31,000,000","485,000,000","556,000,000","869,000,000","692,000,000","1,041,000,000","280,000,000","268,000,000","228,000,000","100,000,000","227,000,000","-469,000,000","-4,173,000,000","-4,071,000,000","-3,819,000,000","-1,841,000,000","-2,464,000,000","-2,842,000,000","562,000,000","492,000,000","520,000,000","707,000,000","821,000,000","482,000,000","648,000,000","743,000,000","824,000,000","710,000,000","764,000,000","640,000,000","1,053,000,000","1,368,000,000","1,499,000,000","1,549,000,000","1,178,000,000","664,000,000","945,000,000","1,019,000,000","979,000,000","648,000,000","103,000,000","-13,850,000,000","587,000,000","1,010,000,000","1,186,000,000","478,000,000","838,000,000","1,168,000,000","492,900,000","441,567,000","365,787,000","382,380,000","266,775,000","478,305,000","180,930,000","190,372,000","145,520,000","227,630,000","32,258,000","-38,238,000","-19,383,000","2,394,000","78,165,000","66,944,000","49,750,000","73,598,000","70,963,000","15,035,000","8,107,000","7,072,000","13,432,000","45,417,000","47,104,000","67,278,000","154,000","-9,176,000","18,731,000","46,900,000","35,600,000","27,500,000","26,400,000","50,800,000","32,600,000","34,700,000","35,600,000","48,600,000","45,600,000","79,100,000","71,800,000","87,800,000","59,600,000","42,700,000","36,100,000","67,900,000","74,100,000","54,200,000","57,400,000","55,200,000","26,800,000","22,300,000","25,900,000","50,500,000","29,100,000","-26,900,000","8,100,000","36,400,000","26,500,000","49,700,000","17,300,000","45,800,000","24,800,000","9,400,000","22,100,000","20,900,000","33,300,000","22,800,000","15,600,000","24,200,000","25,300,000","24,400,000","24,800,000","42,800,000","19,200,000","13,800,000","18,500,000","24,500,000","8,800,000","7,400,000","2,800,000"
NormalizedIncome,"4,250,000,000","1,094,385,200.203","1,354,966,101.695","1,080,938,278.008","718,000,000","353,950,000","373,530,000","59,570,000","-452,300,000","-286,920,000","-183,910,000","-65,276,595.745","10,290,000","421,870,000","508,900,000","836,930,367.505","696,180,000","999,873,962.264","250,600,000","255,175,438.596","176,200,000","184,800,000","216,200,000","-760,800,000","-4,173,000,000","-3,983,143,757.293","-3,819,000,000","-1,907,576,025.744","-2,494,420,000","-2,019,329,466.357","492,403,791.469","488,663,286.004","520,000,000","700,462,849.352","821,000,000","482,000,000","677,700,000","704,580,060.423","775,209,748.892","730,401,819.56","891,970,000","652,411,811.652","1,059,152,380.952","1,445,912,347.561","1,497,039,070.75","1,561,465,170.797","1,192,179,217.501","690,921,490.88","954,613,347.458","1,082,556,851.312","1,003,203,821.656","648,600,000","128,350,000","-986,066,337.868","597,571,428.571","995,454,170.958","1,192,736,794.987","459,050,000","811,409,294.513","1,176,526,572.188","591,700,000","434,655,000","385,252,200","373,930,800","264,984,000","477,904,200","201,816,600","185,486,200","140,726,600","150,625,400","32,047,400","-38,403,000","-12,722,400","10,348,800","109,576,200","72,288,200","50,721,400","77,556,200","70,478,800","20,633,600","8,085,400","7,462,527.724","18,181,000","45,662,400","46,678,600","70,288,200","1,774,000","-3,486,200","20,250,800","38,380,000","39,620,000","31,160,000","32,220,000","51,580,000","34,940,000","35,180,000","36,380,000","47,664,184.852","44,760,000","79,400,000","70,600,000","88,400,000","60,740,000","40,900,000","35,560,000","67,900,000","75,780,000","54,740,000","57,820,000","55,200,000","26,680,000","22,600,000","25,960,000","48,640,000","30,360,000","-23,384,194.529","7,440,000","34,960,000","24,580,000","49,940,000","16,130,249.11","45,380,000","24,140,000","9,940,000","20,540,000","20,840,000","32,880,000","22,800,000","15,360,000","23,900,000","24,760,000","24,100,000","24,800,000","42,800,000","19,200,000","13,800,000","18,500,000","24,500,000","8,800,000","7,400,000","2,800,000"
InterestExpense,"602,000,000","171,000,000","138,000,000","148,000,000","145,000,000","236,000,000","120,000,000","115,000,000","127,000,000","219,000,000","123,000,000","132,000,000","146,000,000","509,000,000","143,000,000","142,000,000","151,000,000","168,000,000","304,000,000","162,000,000","167,000,000","181,000,000","187,000,000","196,000,000","200,000,000","187,000,000","163,000,000","149,000,000","146,000,000","147,000,000","158,000,000","164,000,000","161,000,000","167,000,000","162,000,000","132,000,000","57,000,000","38,000,000","42,000,000","43,000,000","63,000,000","62,000,000","78,000,000","74,000,000","98,000,000","92,000,000","103,000,000","122,000,000","145,000,000","135,000,000","162,000,000","158,000,000","131,000,000",,,,,,,,,,,,,,,,,,,,,,,,,,,,,,,,,,,,,,,,,,,,,,,,,,,,,,,,,,,,,,,,,,,,,,,,,,,,,,,,,,,,,,,,
NetInterestIncome,"-602,000,000","-171,000,000","-138,000,000","-148,000,000","-145,000,000","-236,000,000","-120,000,000","-115,000,000","-127,000,000","-219,000,000","-123,000,000","-132,000,000","-146,000,000","-509,000,000","-143,000,000","-142,000,000","-151,000,000","-168,000,000","-304,000,000","-162,000,000","-167,000,000","-181,000,000","-187,000,000","-196,000,000","-200,000,000","-187,000,000","-163,000,000","-149,000,000","-146,000,000","-147,000,000","-158,000,000","-164,000,000","-161,000,000","-167,000,000","-162,000,000","-132,000,000","-57,000,000","-38,000,000","-42,000,000","-43,000,000","-63,000,000","-62,000,000","-78,000,000","-74,000,000","-98,000,000","-92,000,000","-103,000,000","-122,000,000","-145,000,000","-135,000,000","-162,000,000","-158,000,000","-131,000,000",,,,,,,,,,,,,,,,,,,,,,,,,,,,,,,,,,,,,,,,,,,,,,,,,,,,,,,,,,,,,,,,,,,,,,,,,,,,,,,,,,,,,,,,
EBIT,"8,261,000,000","2,144,000,000","2,498,000,000","2,076,000,000","1,543,000,000","1,705,000,000","843,000,000","332,000,000","-485,000,000","585,000,000","-26,000,000","38,000,000","329,000,000","328,000,000","1,329,000,000","1,693,000,000","1,487,000,000","1,493,000,000","930,000,000","675,000,000","605,000,000","673,000,000","364,000,000","82,000,000","-3,838,000,000","-4,098,000,000","-3,985,000,000","-2,337,000,000","-2,956,000,000","-3,301,000,000","1,213,000,000","1,150,000,000","1,144,000,000","1,634,000,000","1,710,000,000","780,000,000","1,307,000,000","1,362,000,000","1,396,000,000","1,362,000,000","1,553,000,000","1,315,000,000","2,178,000,000","2,698,000,000","2,939,000,000","3,078,000,000","2,480,000,000","1,383,000,000","2,033,000,000","2,193,000,000","2,046,000,000","1,505,000,000","658,000,000","-18,313,000,000","1,133,000,000","2,053,000,000","2,402,000,000","1,154,000,000","1,913,000,000","2,446,000,000","1,266,900,000","862,159,000","765,320,000","739,594,000","531,750,000","929,693,000","459,551,000","430,443,000","357,599,000","452,851,000","148,647,000","46,702,000","41,376,000","106,501,000","312,266,000","241,226,000","191,326,000","224,108,000","206,076,000","122,410,000","87,543,000","93,070,000","109,994,000","174,634,000","168,048,000","205,298,000","98,397,000","73,180,000","121,444,000","154,800,000","156,700,000","135,000,000","136,600,000","174,500,000","135,100,000","135,000,000","129,800,000","116,300,000","136,400,000","213,700,000","197,600,000","250,700,000","170,400,000","111,600,000","105,600,000","169,400,000","170,500,000","130,800,000","121,800,000","78,100,000","63,400,000","52,600,000","53,200,000","101,400,000","57,400,000","-28,300,000","24,600,000","73,300,000","58,600,000","109,400,000","35,200,000","48,600,000","56,900,000","24,300,000","47,800,000","46,100,000","72,000,000","51,000,000","35,400,000","51,100,000","50,800,000","50,500,000","84,000,000","-6,600,000","75,600,000","57,400,000","73,600,000","-35,800,000","44,600,000","43,600,000","24,800,000"
EBITDA,"10,259,000,000"
ReconciledCostOfRevenue,"14,030,000,000","3,723,000,000","3,551,000,000","3,550,000,000","3,206,000,000","3,066,000,000","2,868,000,000","2,613,000,000","3,108,000,000","3,400,000,000","3,028,000,000","3,354,000,000","3,323,000,000","3,302,000,000","3,527,000,000","3,357,000,000","3,259,000,000","3,268,000,000","3,220,000,000","2,945,000,000","2,589,000,000","3,342,000,000","3,411,000,000","3,879,000,000","7,234,000,000","7,712,000,000","7,433,000,000","6,424,000,000","6,955,000,000","7,301,000,000","4,405,000,000","4,095,000,000","3,703,000,000","3,955,000,000","4,251,000,000","3,383,000,000","3,048,000,000","3,063,000,000","2,890,000,000","2,913,000,000","2,695,000,000","2,660,000,000","2,827,000,000","2,824,000,000","2,659,000,000","2,402,000,000","2,534,000,000","2,339,000,000","2,220,000,000","2,131,000,000","1,986,000,000","2,089,000,000","1,843,000,000","4,664,000,000","2,874,000,000","3,182,000,000","3,140,000,000","3,726,000,000","2,689,000,000","3,269,000,000","952,100,000","648,542,000","794,726,000","608,385,000","480,491,000","454,858,000","432,399,000","388,615,000","364,887,000","434,679,000","367,930,000","369,508,000","275,550,000","281,419,000","261,522,000","273,695,000","243,439,000","256,813,000","236,142,000","200,919,000","235,671,000","239,807,000","247,157,000","269,164,000","196,501,000","221,537,000","278,886,000","253,322,000","262,040,000","274,200,000","227,700,000","245,600,000","192,800,000","205,900,000","207,400,000","215,800,000","188,500,000","237,500,000","267,500,000","269,200,000","252,200,000","277,500,000","230,600,000","238,900,000","204,800,000","270,400,000","216,200,000","221,500,000","224,200,000","251,200,000","192,300,000","172,700,000","164,800,000","348,600,000","79,900,000","72,100,000","66,500,000","79,400,000","66,900,000","96,700,000","48,500,000","54,700,000","68,100,000","32,000,000","49,600,000","42,800,000","45,900,000","41,300,000","29,900,000","33,900,000","27,500,000","34,200,000",,,,,,,,,
ReconciledDepreciation,"1,998,000,000","568,000,000","528,000,000","483,000,000","419,000,000","435,000,000","394,000,000","358,000,000","341,000,000","391,000,000","322,000,000","352,000,000","347,000,000","403,000,000","458,000,000","442,000,000","451,000,000","457,000,000","418,000,000","450,000,000","389,000,000","593,000,000","643,000,000","652,000,000","722,000,000","780,000,000","888,000,000","890,000,000","939,000,000","939,000,000","945,000,000","1,013,000,000","966,000,000","1,019,000,000","919,000,000","530,000,000","329,000,000","323,000,000","298,000,000","291,000,000","267,000,000","266,000,000","257,000,000","267,000,000","232,000,000","340,000,000","242,000,000","275,000,000","271,000,000","344,000,000","269,000,000","259,000,000","265,000,000","577,000,000","442,000,000","462,000,000","418,000,000","400,000,000","369,000,000","378,700,000","116,300,000","85,107,000","60,827,000","43,355,000","43,250,000","80,398,000","63,615,000","56,130,000","58,965,000","84,645,000","57,804,000","44,761,000","27,699,000","33,588,000","67,769,000","73,823,000","71,819,000","71,037,000","80,074,000","68,310,000","53,054,000","66,441,000","71,000,000","78,319,000","68,129,000","88,044,000","77,825,000","54,328,000","63,359,000","76,000,000","74,100,000","72,400,000","70,700,000","80,000,000","75,100,000","64,000,000","58,300,000","53,300,000","58,700,000","54,600,000","47,300,000","50,200,000","45,200,000","43,400,000","35,200,000","40,100,000","33,900,000","28,200,000","21,900,000","21,300,000","18,400,000","18,300,000","17,100,000","29,300,000","8,200,000","14,900,000","15,500,000","31,200,000","11,000,000","16,000,000","7,400,000","5,300,000","16,300,000","6,300,000","10,500,000","10,100,000","9,700,000","8,100,000","7,600,000","6,500,000","6,300,000","6,000,000",,,,,,,,,
NetIncomeFromContinuingOperationNetMinorityInterest,"4,306,000,000","1,106,000,000","1,399,000,000","1,083,000,000","718,000,000","708,000,000","329,000,000","53,000,000","-491,000,000","8,000,000","-208,000,000","-72,000,000","30,000,000","481,000,000","560,000,000","873,000,000","703,000,000","1,025,000,000","277,000,000","259,000,000","190,000,000","102,000,000","233,000,000","-288,000,000","-4,173,000,000","-4,071,000,000","-3,819,000,000","-1,841,000,000","-2,464,000,000","-2,842,000,000","562,000,000","492,000,000","520,000,000","707,000,000","821,000,000","482,000,000","648,000,000","743,000,000","824,000,000","710,000,000","764,000,000","640,000,000","1,053,000,000","1,368,000,000","1,499,000,000","1,549,000,000","1,178,000,000","664,000,000","945,000,000","1,019,000,000","979,000,000","648,000,000","103,000,000","-13,850,000,000","587,000,000","1,010,000,000","1,186,000,000","487,000,000","826,000,000","1,168,000,000","492,900,000","441,567,000","365,787,000","382,380,000","266,775,000","478,305,000","180,930,000","190,372,000","145,520,000","227,630,000","32,258,000","-38,238,000","-19,383,000","2,394,000","78,165,000","66,944,000","49,750,000","73,598,000","70,963,000","15,035,000","8,107,000","7,072,000","13,432,000","45,417,000","47,104,000","67,278,000","154,000","-9,176,000","18,731,000","46,900,000","35,600,000","27,500,000","26,400,000","50,800,000","32,600,000","34,700,000","35,600,000","48,600,000","45,600,000","79,100,000","71,800,000","87,800,000","59,600,000","42,700,000","36,100,000","67,900,000","74,100,000","54,200,000","57,400,000","55,200,000","26,800,000","22,300,000","25,900,000","50,500,000","29,100,000","-26,900,000","8,100,000","36,400,000","26,500,000","49,700,000","17,300,000","45,800,000","24,800,000","9,400,000","22,100,000","20,900,000","33,300,000","22,800,000","15,600,000","24,200,000","25,300,000","24,400,000","24,800,000","42,800,000","19,200,000","13,800,000","18,500,000","24,500,000","8,800,000","7,400,000","2,800,000"
TotalUnusualItemsExcludingGoodwill,"80,000,000","17,000,000","60,000,000","3,000,000","0","485,000,000","-61,000,000","-9,000,000","-43,000,000","404,000,000","-33,000,000","-8,000,000","27,000,000","81,000,000","70,000,000","54,000,000","11,000,000","28,000,000","44,000,000","6,000,000","23,000,000","-138,000,000","28,000,000","788,000,000","0","-92,000,000","0","92,000,000","39,000,000","-1,036,000,000","104,000,000","5,000,000","0","10,000,000","0","0","-45,000,000","54,000,000","58,000,000","-30,000,000","-191,000,000","-18,000,000","-10,000,000","-119,000,000","3,000,000","-19,000,000","-22,000,000","-41,000,000","-15,000,000","-100,000,000","-38,000,000","-1,000,000","-39,000,000","-16,978,000,000","-14,000,000","22,000,000","-10,000,000","43,000,000","23,000,000","-13,000,000","-152,000,000","11,520,000","-32,442,000","14,082,000","2,985,000","668,000","-34,811,000","8,143,000","7,989,000","128,341,000","351,000","275,000","-11,101,000","-13,258,000","-52,352,000","-8,907,000","-1,619,000","-6,597,000","807,000","-9,331,000","36,000","-623,000","-7,915,000","-409,000","709,000","-5,017,000","-2,700,000","-9,483,000","-2,533,000","14,200,000","-6,700,000","-6,100,000","-9,700,000","-1,300,000","-3,900,000","-800,000","-1,300,000","1,500,000","1,400,000","-500,000","2,000,000","-1,000,000","-1,900,000","3,000,000","900,000",,"-2,800,000","-900,000","-700,000",,"200,000","-500,000","-100,000","3,100,000","-2,100,000","-4,300,000","1,100,000","2,400,000","3,200,000","-400,000","1,900,000","700,000","1,100,000","-900,000","2,600,000","100,000","700,000",,"400,000","500,000","900,000","500,000",,,,,,,,,
TotalUnusualItems,"80,000,000","17,000,000","60,000,000","3,000,000","0","485,000,000","-61,000,000","-9,000,000","-43,000,000","404,000,000","-33,000,000","-8,000,000","27,000,000","81,000,000","70,000,000","54,000,000","11,000,000","28,000,000","44,000,000","6,000,000","23,000,000","-138,000,000","28,000,000","788,000,000","0","-92,000,000","0","92,000,000","39,000,000","-1,036,000,000","104,000,000","5,000,000","0","10,000,000","0","0","-45,000,000","54,000,000","58,000,000","-30,000,000","-191,000,000","-18,000,000","-10,000,000","-119,000,000","3,000,000","-19,000,000","-22,000,000","-41,000,000","-15,000,000","-100,000,000","-38,000,000","-1,000,000","-39,000,000","-16,978,000,000","-14,000,000","22,000,000","-10,000,000","43,000,000","23,000,000","-13,000,000","-152,000,000","11,520,000","-32,442,000","14,082,000","2,985,000","668,000","-34,811,000","8,143,000","7,989,000","128,341,000","351,000","275,000","-11,101,000","-13,258,000","-52,352,000","-8,907,000","-1,619,000","-6,597,000","807,000","-9,331,000","36,000","-623,000","-7,915,000","-409,000","709,000","-5,017,000","-2,700,000","-9,483,000","-2,533,000","14,200,000","-6,700,000","-6,100,000","-9,700,000","-1,300,000","-3,900,000","-800,000","-1,300,000","1,500,000","1,400,000","-500,000","2,000,000","-1,000,000","-1,900,000","3,000,000","900,000",,"-2,800,000","-900,000","-700,000",,"200,000","-500,000","-100,000","3,100,000","-2,100,000","-4,300,000","1,100,000","2,400,000","3,200,000","-400,000","1,900,000","700,000","1,100,000","-900,000","2,600,000","100,000","700,000",,"400,000","500,000","900,000","500,000",,,,,,,,,
NormalizedEBITDA,"10,179,000,000","2,695,000,000","2,966,000,000","2,556,000,000","1,962,000,000","1,655,000,000","1,298,000,000","699,000,000","-101,000,000","572,000,000","329,000,000","398,000,000","649,000,000","650,000,000","1,717,000,000","2,081,000,000","1,927,000,000","1,922,000,000","1,304,000,000","1,119,000,000","971,000,000","1,404,000,000","979,000,000","-54,000,000","-3,116,000,000","-3,226,000,000","-3,097,000,000","-1,539,000,000","-2,056,000,000","-1,326,000,000","2,054,000,000","2,158,000,000","2,110,000,000","2,643,000,000","2,629,000,000","1,310,000,000","1,681,000,000","1,631,000,000","1,636,000,000","1,683,000,000","2,011,000,000","1,599,000,000","2,445,000,000","3,084,000,000","3,168,000,000","3,437,000,000","2,744,000,000","1,699,000,000","2,319,000,000","2,637,000,000","2,353,000,000","1,765,000,000","962,000,000","-758,000,000","1,589,000,000","2,493,000,000","2,830,000,000","1,511,000,000","2,259,000,000","2,837,700,000","1,535,200,000","935,746,000","858,589,000","768,867,000","572,015,000","1,009,423,000","557,977,000","478,430,000","408,575,000","409,155,000","206,100,000","91,188,000","80,176,000","153,347,000","432,387,000","323,956,000","264,764,000","301,742,000","285,343,000","200,051,000","140,561,000","160,134,000","188,909,000","253,362,000","235,468,000","298,359,000","178,922,000","136,991,000","187,336,000","216,600,000","237,500,000","213,500,000","217,000,000","255,800,000","214,100,000","199,800,000","189,400,000","168,100,000","193,800,000","268,800,000","242,900,000","301,900,000","217,500,000","152,000,000","139,900,000","209,500,000","207,200,000","159,900,000","144,400,000","99,400,000","81,600,000","71,400,000","70,400,000","127,600,000","73,800,000","-9,100,000","39,000,000","102,100,000","66,400,000","125,800,000","40,700,000","53,200,000","72,100,000","31,500,000","55,700,000","56,100,000","81,000,000","59,100,000","42,600,000","57,100,000","56,200,000","56,000,000","84,000,000","-6,600,000","75,600,000","57,400,000","73,600,000","-35,800,000","44,600,000","43,600,000","24,800,000"
TaxRateForCalcs,"0.3","0.317","0.266","0.313","0.32","0.27","0.27","0.27","0.1","0.27","0.27","0.16","0.27","0.27","0.27","0.332","0.38","0.103","0.4","0.363","0.4","0.4","0.4","0.4","0.02","0.045","0.087","0.276","0.22","0.206","0.331","0.333","0.36","0.346","0.322","0.062","0.34","0.289","0.159","0.32","0.33","0.31","0.385","0.345","0.346","0.344","0.355","0.343","0.359","0.364","0.363","0.4","0.35","0.242","0.245","0.339","0.326","0.35","0.366","0.344","0.35","0.4","0.4","0.4","0.4","0.4","0.4","0.4","0.4","0.4","0.4","0.4","0.4","0.4","0.4","0.4","0.4","0.4","0.4","0.4","0.4","0.373","0.4","0.4","0.4","0.4","0.4","0.4","0.4","0.4","0.4","0.4","0.4","0.4","0.4","0.4","0.4","0.376","0.4","0.4","0.4","0.4","0.4","0.4","0.4","0.4","0.4","0.4","0.4","0.4","0.4","0.4","0.4","0.4","0.4","0.182","0.4","0.4","0.4","0.4","0.384","0.4","0.4","0.4","0.4","0.4","0.4","0.4","0.4","0.4","0.4","0.4","0.4","0.4","0.4","0.4","0.4","0.4","0.4","0.4","0.4"
TaxEffectOfUnusualItems,"24,000,000","5,385,200.203","15,966,101.695","938,278.008","0","130,950,000","-16,470,000","-2,430,000","-4,300,000","109,080,000","-8,910,000","-1,276,595.745","7,290,000","21,870,000","18,900,000","17,930,367.505","4,180,000","2,873,962.264","17,600,000","2,175,438.596","9,200,000","-55,200,000","11,200,000","315,200,000","0","-4,143,757.293","0","25,423,974.256","8,580,000","-213,329,466.357","34,403,791.469","1,663,286.004","0","3,462,849.352","0","0","-15,300,000","15,580,060.423","9,209,748.892","-9,598,180.44","-63,030,000","-5,588,188.348","-3,847,619.048","-41,087,652.439","1,039,070.75","-6,534,829.203","-7,820,782.499","-14,078,509.12","-5,386,652.542","-36,443,148.688","-13,796,178.344","-400,000","-13,650,000","-4,114,066,337.868","-3,428,571.429","7,454,170.958","-3,263,205.013","15,050,000","8,409,294.513","-4,473,427.812","-53,200,000","4,608,000","-12,976,800","5,632,800","1,194,000","267,200","-13,924,400","3,257,200","3,195,600","51,336,400","140,400","110,000","-4,440,400","-5,303,200","-20,940,800","-3,562,800","-647,600","-2,638,800","322,800","-3,732,400","14,400","-232,472.276","-3,166,000","-163,600","283,600","-2,006,800","-1,080,000","-3,793,200","-1,013,200","5,680,000","-2,680,000","-2,440,000","-3,880,000","-520,000","-1,560,000","-320,000","-520,000","564,184.852","560,000","-200,000","800,000","-400,000","-760,000","1,200,000","360,000","0","-1,120,000","-360,000","-280,000","0","80,000","-200,000","-40,000","1,240,000","-840,000","-784,194.529","440,000","960,000","1,280,000","-160,000","730,249.11","280,000","440,000","-360,000","1,040,000","40,000","280,000","0","160,000","200,000","360,000","200,000","0","0","0","0","0","0","0","0","0"