name,ttm,12/31/2021,09/30/2021,06/30/2021,03/31/2021,12/31/2020,09/30/2020,06/30/2020,03/31/2020,12/31/2019,09/30/2019,06/30/2019,03/31/2019,12/31/2018,09/30/2018,06/30/2018,03/31/2018,12/31/2017,09/30/2017,06/30/2017,03/31/2017,12/31/2016,09/30/2016,06/30/2016,03/31/2016,12/31/2015,09/30/2015,06/30/2015,03/31/2015,12/31/2014,09/30/2014,06/30/2014,03/31/2014,12/31/2013,09/30/2013,06/30/2013,03/31/2013,12/31/2012,09/30/2012,06/30/2012,03/31/2012,12/31/2011,09/30/2011,06/30/2011,03/31/2011,12/31/2010,09/30/2010,06/30/2010,03/31/2010,12/31/2009,09/30/2009,06/30/2009,03/31/2009,12/31/2008,09/30/2008,06/30/2008,03/31/2008,12/31/2007,09/30/2007,06/30/2007,03/31/2007,12/31/2006,09/30/2006,06/30/2006,03/31/2006,12/31/2005,09/30/2005,06/30/2005,03/31/2005,12/31/2004,09/30/2004,06/30/2004,03/31/2004,12/31/2003,09/30/2003,06/30/2003,03/31/2003,12/31/2002,09/30/2002,06/30/2002,03/31/2002,12/31/2001,09/30/2001,06/30/2001,03/31/2001,12/31/2000,09/30/2000,06/30/2000,03/31/2000,12/31/1999,09/30/1999,06/30/1999,03/31/1999,12/31/1998,09/30/1998,06/30/1998,03/31/1998,12/31/1997,09/30/1997,06/30/1997,03/31/1997
TotalRevenue,"11,132,000,000","2,660,000,000","3,124,000,000","2,622,000,000","2,726,000,000","2,537,000,000","3,022,000,000","2,522,000,000","2,709,000,000","2,673,000,000","2,963,000,000","2,516,000,000","2,883,000,000","2,710,000,000","3,064,000,000","2,704,000,000","2,976,000,000","3,442,000,000","3,714,000,000","3,309,000,000","3,552,000,000","3,375,000,000","3,917,000,000","3,401,000,000","3,869,000,000","3,541,000,000","4,123,000,000","3,465,000,000","3,897,000,000","3,483,000,000","3,888,000,000","3,496,000,000","4,189,000,000","3,647,000,000","4,036,000,000","3,519,000,000","3,729,000,000","3,045,000,000","4,311,000,000","3,869,000,000","4,078,000,000","3,903,000,000","4,719,000,000","4,060,000,000","3,576,000,000","3,217,000,000","3,728,000,000","3,128,000,000","3,299,000,000","2,954,000,000","3,408,000,000","3,271,000,000","3,334,000,000","3,201,000,000","3,904,000,000","3,245,000,000","3,277,000,000","3,079,000,000","3,641,000,000","3,109,000,000","2,973,000,000","2,470,000,000","3,401,000,000","2,786,000,000","2,845,000,000","2,712,000,000","3,587,000,000","2,929,000,000","2,813,000,000","2,584,334,000","3,536,319,000","3,150,000,000","3,183,000,000","2,766,000,000","3,444,000,000","2,863,000,000","3,244,472,000","2,828,797,000","3,572,335,000","2,948,708,000","2,802,157,000","2,257,829,000","1,951,646,000","1,804,146,000","1,985,741,000","1,827,282,000","1,891,645,000","1,702,104,000","1,607,930,000","1,646,000,000","1,732,400,000","1,523,900,000","1,417,400,000","1,967,400,000","1,416,700,000","1,277,100,000","1,200,000,000","970,800,000","616,900,000","616,900,000","616,800,000"
	OperatingRevenue,"10,617,000,000","2,512,000,000","2,961,000,000","2,507,000,000","2,637,000,000","2,492,000,000","2,878,000,000","2,410,000,000","2,521,000,000","2,489,000,000","2,782,000,000","2,298,000,000","2,661,000,000","2,469,000,000","2,804,000,000","2,693,000,000","2,899,000,000","3,442,000,000","3,714,000,000","3,309,000,000","3,552,000,000","3,375,000,000","3,917,000,000","3,401,000,000","3,869,000,000","3,541,000,000","4,123,000,000","3,465,000,000","3,897,000,000","3,483,000,000","3,888,000,000","3,496,000,000","4,189,000,000","3,647,000,000","4,036,000,000","3,519,000,000","3,729,000,000","3,045,000,000","4,311,000,000","3,869,000,000","4,078,000,000","3,903,000,000","4,719,000,000","4,060,000,000","3,576,000,000","3,217,000,000","3,728,000,000","3,128,000,000","3,299,000,000","2,954,000,000","3,408,000,000","3,271,000,000","3,334,000,000","3,201,000,000","3,904,000,000","3,245,000,000","3,277,000,000","3,079,000,000","3,641,000,000","3,109,000,000","2,973,000,000","2,470,000,000","3,401,000,000","2,786,000,000","2,845,000,000","2,712,000,000","3,587,000,000","2,929,000,000","2,813,000,000","2,584,334,000","3,536,319,000","3,150,000,000","3,183,000,000","2,766,000,000","3,444,000,000","2,863,000,000","3,244,472,000","2,828,797,000","3,572,335,000","2,948,708,000","2,802,157,000","2,257,829,000","1,951,646,000","1,804,146,000","1,985,741,000","1,827,282,000","1,891,645,000","1,702,104,000","1,607,930,000","1,646,000,000","1,732,400,000","1,523,900,000","1,417,400,000","1,967,400,000","1,416,700,000","1,277,100,000","1,200,000,000","970,800,000","616,900,000","616,900,000","616,800,000"
CostOfRevenue,"3,445,000,000","877,000,000","1,006,000,000","726,000,000","836,000,000","721,000,000","867,000,000","690,000,000","792,000,000","852,000,000","920,000,000","740,000,000","912,000,000","850,000,000","1,013,000,000","875,000,000","1,012,000,000","1,044,000,000","1,224,000,000","1,078,000,000","1,231,000,000","1,218,000,000","1,429,000,000","1,327,000,000","1,505,000,000","1,484,000,000","1,691,000,000","1,372,000,000","1,626,000,000","1,559,000,000","1,732,000,000","1,633,000,000","2,072,000,000","1,612,000,000","1,777,000,000","1,490,000,000","1,573,000,000","1,060,000,000","1,948,000,000","1,812,000,000","1,888,000,000","1,828,000,000","1,981,000,000","1,855,000,000","1,639,000,000","1,398,000,000","1,719,000,000","1,402,000,000","1,572,000,000","1,513,000,000","1,615,000,000","1,300,000,000","1,455,000,000","1,255,000,000","1,662,000,000","1,386,000,000","1,328,000,000","1,213,000,000","1,495,000,000","1,185,000,000","1,121,000,000","947,000,000","1,317,000,000","992,000,000","976,000,000","896,000,000","1,287,000,000","933,000,000","895,000,000","600,857,000","1,382,191,000","1,198,000,000","1,288,000,000","1,055,000,000","1,427,000,000","1,250,000,000","1,411,575,000","901,274,000","1,484,629,000","948,577,000","931,246,000","667,985,000","422,090,000","474,085,000","677,396,000","207,937,000","200,801,000","213,364,000","179,190,000","198,600,000","269,800,000","204,300,000","204,400,000","150,300,000","291,200,000","323,400,000","209,700,000",,,,
GrossProfit,"7,687,000,000","1,783,000,000","2,118,000,000","1,896,000,000","1,890,000,000","1,816,000,000","2,155,000,000","1,832,000,000","1,917,000,000","1,821,000,000","2,043,000,000","1,776,000,000","1,971,000,000","1,860,000,000","2,051,000,000","1,829,000,000","1,964,000,000","2,398,000,000","2,490,000,000","2,231,000,000","2,321,000,000","2,157,000,000","2,488,000,000","2,074,000,000","2,364,000,000","2,057,000,000","2,432,000,000","2,093,000,000","2,271,000,000","1,924,000,000","2,156,000,000","1,863,000,000","2,117,000,000","2,035,000,000","2,259,000,000","2,029,000,000","2,156,000,000","1,985,000,000","2,363,000,000","2,057,000,000","2,190,000,000","2,075,000,000","2,738,000,000","2,205,000,000","1,937,000,000","1,819,000,000","2,009,000,000","1,726,000,000","1,727,000,000","1,441,000,000","1,793,000,000","1,971,000,000","1,879,000,000","1,946,000,000","2,242,000,000","1,859,000,000","1,949,000,000","1,866,000,000","2,146,000,000","1,924,000,000","1,852,000,000","1,523,000,000","2,084,000,000","1,794,000,000","1,869,000,000","1,816,000,000","2,300,000,000","1,996,000,000","1,918,000,000","1,983,477,000","2,154,128,000","1,952,000,000","1,895,000,000","1,711,000,000","2,017,000,000","1,613,000,000","1,832,897,000","1,927,523,000","2,087,706,000","2,000,131,000","1,870,911,000","1,589,844,000","1,529,556,000","1,330,061,000","1,308,345,000","1,619,345,000","1,690,844,000","1,488,740,000","1,428,740,000","1,447,400,000","1,462,600,000","1,319,600,000","1,213,000,000","1,817,100,000","1,125,500,000","953,700,000","990,300,000",,,,
OperatingExpense,"5,458,000,000","1,177,000,000","1,487,000,000","1,354,000,000","1,440,000,000","1,476,000,000","1,434,000,000","1,317,000,000","1,808,000,000","1,880,000,000","1,362,000,000","1,191,000,000","1,342,000,000","1,492,000,000","1,341,000,000","1,142,000,000","1,367,000,000","1,984,000,000","1,575,000,000","1,556,000,000","1,747,000,000","1,863,000,000","1,627,000,000","1,602,000,000","1,588,000,000","1,779,000,000","1,524,000,000","1,539,000,000","1,677,000,000","2,261,000,000","1,440,000,000","1,571,000,000","1,719,000,000","1,312,000,000","1,747,000,000","1,502,000,000","1,502,000,000","2,394,000,000","1,456,000,000","1,500,000,000","1,444,000,000","1,321,000,000","1,707,000,000","1,719,000,000","1,622,000,000","1,281,000,000","1,302,000,000","1,200,000,000","1,311,000,000","1,198,000,000","1,306,000,000","1,169,000,000","1,533,000,000","1,284,000,000","1,454,000,000","1,375,000,000","1,437,000,000","1,391,000,000","1,403,000,000","1,344,000,000","1,108,000,000","1,033,000,000","1,377,000,000","1,276,000,000","1,456,000,000","1,187,000,000","1,697,000,000","1,537,000,000","1,484,000,000","1,461,966,000","1,488,015,000","1,390,000,000","1,433,000,000","1,201,000,000","1,530,000,000","1,380,000,000","1,389,183,000","1,608,464,000","1,318,190,000","1,331,967,000","1,445,467,000","1,147,948,000","990,059,000","942,638,000","992,039,000","1,310,947,000","1,232,271,000","1,124,648,000","1,054,896,000","1,103,300,000","1,021,300,000","945,500,000","837,400,000","1,504,000,000","680,000,000","670,900,000","667,800,000",,,,
	SellingGeneralAndAdministration,"-382,000,000","-382,000,000","0","0","0","54,000,000","0","0","423,000,000",,,,,"144,000,000",,,,"141,000,000",,,,"147,000,000",,,,"242,000,000",,,,,,,,"-256,000,000",,,,"-1,973,000,000","856,000,000","914,000,000","812,000,000","779,000,000","1,024,000,000","1,105,000,000","1,033,000,000",,"738,000,000",,,,,,,,,,,,,,,,,,,,,,,,,,,,,,,,,,,,,,,,,,,,,,,,,,,,,,
		GeneralAndAdministrativeExpense,"-382,000,000",,,,,"54,000,000",,,"423,000,000",,,,,"144,000,000",,,,"141,000,000",,,,"147,000,000",,,,"242,000,000",,,,,,,,"-256,000,000",,,,,,,,,,,,,,,,,,,,,,,,,,,,,,,,,,,,,,,,,,,,,,,,,,,,,,,,,,,,,,,,,,,
			SalariesAndWages,"-382,000,000","-382,000,000","0","0","0","54,000,000","0","0","423,000,000",,,,,"144,000,000",,,,"141,000,000",,,,"147,000,000",,,,"242,000,000",,,,,,,,"-256,000,000",,,,,,,,,,,,,,,,,,,,,,,,,,,,,,,,,,,,,,,,,,,,,,,,,,,,,,,,,,,,,,,,,,,
	DepreciationAmortizationDepletionIncomeStatement,,,"326,000,000","323,000,000",,,,,,,,,,,,,,,,,,,,,,,,,,,,,,,,,,,"282,000,000","292,000,000","285,000,000","327,000,000","292,000,000","282,000,000","220,000,000","-368,000,000","182,000,000","351,000,000","405,000,000","-717,000,000","449,000,000","418,000,000","588,000,000","435,000,000","459,000,000","414,000,000","422,000,000","395,000,000","450,000,000","405,000,000","156,000,000","347,000,000","396,000,000","343,000,000","370,000,000","444,000,000","517,000,000","456,000,000","394,000,000","601,105,000","393,218,000","349,000,000","412,000,000","316,000,000","332,000,000","309,000,000","281,662,000","338,454,000","253,917,000","250,705,000","262,828,000","244,966,000","210,764,000","206,606,000","227,214,000","327,617,000","280,884,000","246,286,000","228,678,000","237,400,000","345,900,000","232,900,000","216,000,000","200,700,000","212,600,000","195,500,000","213,500,000",,,,
		DepreciationAndAmortizationInIncomeStatement,,,"326,000,000","323,000,000",,,,,,,,,,,,,,,,,,,,,,,,,,,,,,,,,,,"282,000,000","292,000,000","285,000,000","327,000,000","292,000,000","282,000,000","220,000,000","-368,000,000","182,000,000","351,000,000","405,000,000","-717,000,000","449,000,000","418,000,000","588,000,000",,,,,,,,,,,,,,,,,,,,,,,,,,,,,,,,,,,,,,,,,,,,,,,,
			DepreciationIncomeStatement,,,"326,000,000","323,000,000",,,,,,,,,,,,,,,,,,,,,,,,,,,,,,,,,,,"282,000,000","292,000,000","285,000,000","327,000,000","292,000,000","282,000,000","220,000,000","181,000,000","182,000,000","190,000,000","193,000,000","186,000,000","188,000,000","185,000,000","177,000,000",,,,,,,,,,,,,,,,,,,,,,,,,,,,,,,,,,,,,,,,,,,,,,,,
			Amortization,,,,,,,,,,,,,,,,,,,,,,,,,,,,,,,,,,,,,,,,,,,,,"132,000,000",,,"161,000,000","212,000,000",,"261,000,000","233,000,000","411,000,000",,,,,,,,,,,,,,,,,,,,,,,,,,,,,,,,,,,,,,,,,,,,,,,,
				AmortizationOfIntangiblesIncomeStatement,,,,,,,,,,,,,,,,,,,,,,,,,,,,,,,,,,,,,,,,,,,,,"132,000,000",,,"161,000,000","212,000,000",,"261,000,000","233,000,000","411,000,000",,,,,,,,,,,,,,,,,,,,,,,,,,,,,,,,,,,,,,,,,,,,,,,,
	OtherTaxes,"1,073,000,000","261,000,000","275,000,000","264,000,000","273,000,000","254,000,000","272,000,000","253,000,000","267,000,000","251,000,000","257,000,000","239,000,000","261,000,000","247,000,000","252,000,000","245,000,000","259,000,000","266,000,000","253,000,000","253,000,000","271,000,000","256,000,000","265,000,000","241,000,000","280,000,000","231,000,000","236,000,000","242,000,000","269,000,000","224,000,000","239,000,000","228,000,000","271,000,000","231,000,000","242,000,000","241,000,000","265,000,000","224,000,000","257,000,000","232,000,000","272,000,000","230,000,000","269,000,000","242,000,000","237,000,000","189,000,000","206,000,000","176,000,000","205,000,000","166,000,000","192,000,000","184,000,000","211,000,000","182,000,000","201,000,000","180,000,000","215,000,000","165,000,000","197,000,000","189,000,000","203,000,000","167,000,000","187,000,000","173,000,000","193,000,000","172,000,000","188,000,000","168,000,000","185,000,000","163,731,000","177,452,000","158,000,000","179,000,000","119,000,000","177,000,000","163,000,000","178,282,000","156,385,000","176,850,000","145,106,000","171,988,000","131,440,000","112,292,000","92,186,000","119,422,000","130,595,000","138,054,000","137,977,000","141,055,000","122,000,000","144,600,000","139,500,000","138,100,000","140,900,000","138,500,000","135,100,000","136,400,000",,,,
	OtherOperatingExpenses,"4,767,000,000","2,270,000,000","886,000,000","767,000,000","1,167,000,000","1,168,000,000","1,162,000,000","1,064,000,000","1,118,000,000","955,000,000","1,105,000,000","952,000,000","1,081,000,000","1,101,000,000","1,089,000,000","897,000,000","1,108,000,000","1,577,000,000","1,322,000,000","1,303,000,000","1,476,000,000","1,460,000,000","1,362,000,000","1,361,000,000","1,308,000,000","1,306,000,000","1,288,000,000","1,297,000,000","1,408,000,000","1,202,000,000","1,201,000,000","1,343,000,000","1,448,000,000","1,337,000,000","1,505,000,000","1,261,000,000","1,237,000,000","5,002,000,000","61,000,000","62,000,000","75,000,000","-15,000,000","122,000,000","90,000,000","132,000,000","-1,390,000,000","176,000,000","673,000,000","701,000,000","1,749,000,000","665,000,000","567,000,000","734,000,000","667,000,000","794,000,000","781,000,000","800,000,000","831,000,000","756,000,000","750,000,000","749,000,000","519,000,000","794,000,000","760,000,000","893,000,000","571,000,000","992,000,000","913,000,000","905,000,000","697,130,000","917,345,000","883,000,000","842,000,000","766,000,000","1,021,000,000","908,000,000","929,239,000","1,113,625,000","887,423,000","936,156,000","1,010,651,000","771,542,000","667,003,000","643,846,000","645,403,000","852,735,000","813,333,000","740,385,000","685,163,000","743,900,000","530,800,000","573,100,000","483,300,000","1,162,400,000","328,900,000","340,300,000","317,900,000",,,,
OperatingIncome,"2,229,000,000","606,000,000","631,000,000","542,000,000","450,000,000","340,000,000","721,000,000","515,000,000","109,000,000","-59,000,000","681,000,000","585,000,000","629,000,000","368,000,000","710,000,000","687,000,000","597,000,000","414,000,000","915,000,000","675,000,000","574,000,000","294,000,000","861,000,000","472,000,000","776,000,000","278,000,000","908,000,000","554,000,000","594,000,000","-337,000,000","716,000,000","292,000,000","398,000,000","723,000,000","512,000,000","527,000,000","654,000,000","-409,000,000","907,000,000","557,000,000","746,000,000","754,000,000","1,031,000,000","486,000,000","315,000,000","538,000,000","707,000,000","526,000,000","416,000,000","243,000,000","487,000,000","802,000,000","346,000,000","662,000,000","788,000,000","484,000,000","512,000,000","475,000,000","743,000,000","580,000,000","744,000,000","490,000,000","707,000,000","518,000,000","413,000,000","629,000,000","603,000,000","459,000,000","434,000,000","521,511,000","666,113,000","562,000,000","462,000,000","510,000,000","487,000,000","233,000,000","443,714,000","319,059,000","769,516,000","668,164,000","425,444,000","441,896,000","539,497,000","387,423,000","316,306,000","308,398,000","458,573,000","364,092,000","373,844,000","344,100,000","441,300,000","374,100,000","375,600,000","313,100,000","445,500,000","282,800,000","322,500,000","-1,110,900,000","616,900,000","616,900,000","616,800,000"
NetNonOperatingInterestIncomeExpense,"-1,066,000,000","-265,000,000","-263,000,000","-266,000,000","-272,000,000","-253,000,000","-245,000,000","-245,000,000","-245,000,000","-242,000,000","-242,000,000","-243,000,000","-235,000,000","-240,000,000","-239,000,000","-353,000,000","-235,000,000","-276,000,000","-286,000,000","-270,000,000","-267,000,000","-270,000,000","-258,000,000","-263,000,000","-263,000,000","-262,000,000","-259,000,000","-249,000,000","-245,000,000","-242,000,000","-247,000,000","-230,000,000","-243,000,000","-221,000,000","-240,000,000","-237,000,000","-241,000,000","-233,000,000","-212,000,000","-255,000,000","-229,000,000","-230,000,000","-250,000,000","-245,000,000","-213,000,000","-174,000,000","-167,000,000","-167,000,000","-172,000,000","-189,000,000","-320,000,000","-173,000,000","-166,000,000",,,,,,,,,,,,,,,,,,,,,,,,,,,,,,,,,,,,,,,,,,,,,,,,
	InterestIncomeNonOperating,,,,,,,,,,,,,,,,,,,,,,,,,,,,,,,,,,,,,,,"18,000,000","19,000,000","17,000,000","15,000,000","17,000,000","20,000,000","18,000,000",,"41,000,000",,,,,,,,,,,,,,,,,,,,,,,,,,,,,,,,,,,,,,,,,,,,,,,,,,,,,,
	InterestExpenseNonOperating,"1,066,000,000","265,000,000","263,000,000","266,000,000","272,000,000","253,000,000","245,000,000","245,000,000","245,000,000","242,000,000","242,000,000","243,000,000","235,000,000","240,000,000","239,000,000","353,000,000","235,000,000","276,000,000","286,000,000","270,000,000","267,000,000","270,000,000","258,000,000","263,000,000","263,000,000","262,000,000","259,000,000","249,000,000","245,000,000","242,000,000","247,000,000","230,000,000","243,000,000","221,000,000","240,000,000","237,000,000","241,000,000","179,000,000","230,000,000","274,000,000","246,000,000","245,000,000","267,000,000","265,000,000","231,000,000","339,000,000","208,000,000","167,000,000","172,000,000","189,000,000","320,000,000","173,000,000","166,000,000",,,,,,,,,,,,,,,,,,,,,,,,,,,,,,,,,,,,,,,,,,,,,,,,
OtherIncomeExpense,"396,000,000","138,000,000","136,000,000","-122,000,000","244,000,000","129,000,000","100,000,000","103,000,000","100,000,000","52,000,000","57,000,000","80,000,000","54,000,000","41,000,000","49,000,000","48,000,000","67,000,000","-2,224,000,000","6,000,000","-114,000,000","24,000,000","-9,209,000,000","28,000,000","-1,428,000,000","28,000,000","-412,000,000","-28,000,000","-3,000,000","17,000,000","5,000,000","16,000,000","28,000,000","15,000,000","-294,000,000","14,000,000","-512,000,000","-101,000,000","389,000,000","39,000,000","13,000,000","11,000,000","-296,000,000","39,000,000","31,000,000","21,000,000","-66,000,000","-246,000,000","31,000,000","16,000,000","-3,000,000","191,000,000","27,000,000","-11,000,000","41,000,000","98,000,000","114,000,000","122,000,000","152,000,000","137,000,000","178,000,000","-74,000,000","150,000,000","199,000,000","176,000,000","104,000,000","-85,000,000","124,000,000","120,000,000",,,,,,,,,,,,,,,,,,"7,610,000","6,323,000","7,022,000","6,104,000","3,900,000","3,400,000","3,400,000","2,700,000","-2,400,000","-5,300,000","-6,300,000","21,600,000",,,,
	GainOnSaleOfSecurity,,,,,,,,,,,,,,,,,,"20,000,000","37,000,000","17,000,000","24,000,000","9,000,000","28,000,000","19,000,000","28,000,000","-8,000,000","-28,000,000","-3,000,000","17,000,000","5,000,000","16,000,000","29,000,000","22,000,000","28,000,000","5,000,000","-15,000,000","18,000,000","14,000,000","39,000,000","13,000,000","11,000,000","14,000,000","48,000,000","31,000,000","21,000,000",,"46,000,000",,,,,,,,,,,,,,,,,,,,,,,,,,,,,,,,,,,,,,,,,,,,,,,,,,,,,,
	EarningsFromEquityInterest,,,,,,,,,,,,,,,,,,,,,,,,,,,,,,,,,,,,,,,,,,,,,,,,,"16,000,000",,,,"-11,000,000",,,,,,,,,,,,,,,,,,,,,,,,,,,,,,,,,,,,,,,,,,,,,,,,
	SpecialIncomeCharges,"-121,000,000","0","0","-230,000,000","109,000,000",,,,,,,,,"0","0",,,"-2,244,000,000","-31,000,000","-131,000,000",,"-9,218,000,000","0","-1,447,000,000",,"-404,000,000","0","0","0","0","0","-1,000,000","-7,000,000","-322,000,000","9,000,000","-497,000,000","-119,000,000",,,,,"-310,000,000","-9,000,000",,"21,000,000","-183,000,000","-292,000,000","31,000,000",,"-3,000,000","191,000,000","27,000,000",,"41,000,000","98,000,000","114,000,000","122,000,000","152,000,000","137,000,000","178,000,000","-74,000,000","150,000,000","199,000,000","176,000,000","104,000,000","-85,000,000","124,000,000","120,000,000",,,,,,,,,,,,,,,,,,"7,610,000","6,323,000","7,022,000","6,104,000","3,900,000","3,400,000","3,400,000","2,700,000","-2,400,000","-5,300,000","-6,300,000","21,600,000",,,,
		ImpairmentOfCapitalAssets,,,,,,,,,,,,,,"0","0",,,"2,244,000,000","31,000,000","131,000,000",,"9,218,000,000","0","1,447,000,000",,"378,000,000",,,,"0","0","0",,"322,000,000","0","473,000,000",,,,,,"372,000,000","9,000,000",,,"90,000,000","292,000,000",,,,,,,,,,,,,,,,,,,,,,,,,,,,,,,,,,,,,,,,,,,,,,,,,,,,,,
		OtherSpecialCharges,"230,000,000","0",,"230,000,000",,,,,,,,,,,,,,,,,,,,,,,,,,"0",,"1,000,000","7,000,000","0","-9,000,000","24,000,000","119,000,000",,,,,,,,,,,,,,,,,,,,,,,,,,,,,,,,,,,,,,,,,,,,,,,,,,,,,,,,,,,,,,,,
		GainOnSaleOfBusiness,"109,000,000","0","0","0","109,000,000",,,,,,,,,,,,,,,,,,,,,,,,,,,,,,,,,,,,,,,,,,,,,,,,,,,,,,,,,,,,,,,,,,,,,,,,,,,,,,,,,,,,,,,,,,,,,,,,
	OtherNonOperatingIncomeExpenses,"517,000,000","138,000,000","136,000,000","108,000,000","135,000,000","129,000,000","100,000,000","103,000,000","100,000,000","52,000,000","57,000,000","80,000,000","54,000,000","41,000,000","49,000,000","48,000,000","67,000,000",,,,,,,,,,,,,,,,,,,,,,,,,,,,,,,,,,,,,,,,,,,,,,,,,,,,,,,,,,,,,,,,,,,,,,,,,,,,,,,,,,,,
PretaxIncome,"1,559,000,000","479,000,000","504,000,000","154,000,000","422,000,000","216,000,000","576,000,000","373,000,000","-36,000,000","-249,000,000","496,000,000","422,000,000","448,000,000","169,000,000","520,000,000","382,000,000","429,000,000","-2,086,000,000","635,000,000","291,000,000","331,000,000","-9,185,000,000","631,000,000","-1,219,000,000","541,000,000","-396,000,000","621,000,000","302,000,000","366,000,000","-574,000,000","485,000,000","90,000,000","170,000,000","208,000,000","286,000,000","-222,000,000","312,000,000","-253,000,000","734,000,000","315,000,000","528,000,000","228,000,000","820,000,000","272,000,000","123,000,000","298,000,000","294,000,000","390,000,000","260,000,000","51,000,000","358,000,000","656,000,000","169,000,000","524,000,000","709,000,000","423,000,000","463,000,000","456,000,000","686,000,000","560,000,000","490,000,000","451,000,000","726,000,000","521,000,000","355,000,000","376,000,000","569,000,000","420,000,000","262,000,000","358,697,000","514,592,000","382,000,000","290,000,000","312,000,000","286,000,000","27,000,000","240,974,000","103,254,000","549,119,000","417,882,000","165,622,000","257,598,000","415,371,000","266,458,000","189,976,000","179,822,000","327,387,000","229,746,000","238,817,000","206,600,000","300,100,000","226,700,000","229,600,000","152,500,000","288,200,000","121,900,000","200,600,000",,,,
TaxProvision,"320,000,000","49,000,000","88,000,000","96,000,000","87,000,000","4,000,000","116,000,000","66,000,000","-60,000,000","-68,000,000","107,000,000","81,000,000","93,000,000","-13,000,000","133,000,000","115,000,000","252,000,000","413,000,000","239,000,000","117,000,000","126,000,000","-3,389,000,000","251,000,000","-130,000,000","213,000,000","-170,000,000","226,000,000","115,000,000","144,000,000","-268,000,000","152,000,000","26,000,000","48,000,000","66,000,000","77,000,000","-58,000,000","116,000,000","-105,000,000","309,000,000","127,000,000","222,000,000","84,000,000","311,000,000","101,000,000","78,000,000","118,000,000","119,000,000","134,000,000","111,000,000","-185,000,000","128,000,000","248,000,000","54,000,000","192,000,000","238,000,000","160,000,000","187,000,000","188,000,000","273,000,000","222,000,000","200,000,000","172,000,000","272,000,000","217,000,000","134,000,000","155,000,000","237,000,000","241,000,000","121,000,000","161,363,000","215,970,000","178,000,000","116,000,000","162,000,000","133,000,000","18,000,000","102,136,000","45,211,000","238,864,000","184,572,000","80,829,000","88,965,000","181,284,000","120,439,000","83,769,000","54,561,000","129,200,000","95,142,000","97,899,000","86,200,000","114,300,000","101,400,000","92,900,000","57,800,000","125,100,000","61,900,000","76,900,000",,,,
NetIncomeCommonStockholders,"1,283,000,000","427,000,000","463,000,000","58,000,000","335,000,000","242,000,000","454,000,000","309,000,000","74,000,000","-108,000,000","391,000,000","308,000,000","315,000,000","128,000,000","-512,000,000","134,000,000","1,213,000,000","-2,499,000,000","396,000,000","174,000,000","205,000,000","-5,796,000,000","380,000,000","-1,089,000,000","328,000,000","-226,000,000","395,000,000","187,000,000","222,000,000","-306,000,000","333,000,000","64,000,000","208,000,000","142,000,000","218,000,000","-164,000,000","196,000,000","-148,000,000","425,000,000","187,000,000","306,000,000","143,000,000","511,000,000","181,000,000","50,000,000","185,000,000","179,000,000","265,000,000","155,000,000","238,000,000","234,000,000","414,000,000","119,000,000","332,000,000","471,000,000","263,000,000","276,000,000","268,000,000","413,000,000","338,000,000","290,000,000","275,000,000","454,000,000","304,000,000","221,000,000","191,000,000","333,000,000","178,000,000","160,000,000","201,334,000","298,622,000","204,000,000","174,000,000","109,000,000","153,000,000","-58,000,000","240,985,000","-30,778,000","310,255,000","233,310,000","116,493,000","168,633,000","234,087,000","146,019,000","97,708,000","125,261,000","198,187,000","134,604,000","140,918,000","120,400,000","185,800,000","125,300,000","136,700,000","94,700,000","163,100,000","29,500,000","123,700,000","70,400,000","78,500,000","78,500,000","78,400,000"
	NetIncome,"1,283,000,000","427,000,000","463,000,000","58,000,000","335,000,000","242,000,000","454,000,000","309,000,000","74,000,000","-111,000,000","391,000,000","312,000,000","320,000,000","138,000,000","-458,000,000","299,000,000","1,369,000,000","-2,499,000,000","396,000,000","174,000,000","205,000,000","-5,796,000,000","380,000,000","-1,089,000,000","328,000,000","-226,000,000","395,000,000","187,000,000","222,000,000","-306,000,000","333,000,000","64,000,000","208,000,000","142,000,000","218,000,000","-164,000,000","196,000,000","-148,000,000","425,000,000","187,000,000","306,000,000","143,000,000","511,000,000","181,000,000","50,000,000","185,000,000","179,000,000","265,000,000","155,000,000","238,000,000","234,000,000","414,000,000","119,000,000","332,000,000","471,000,000","263,000,000","276,000,000","268,000,000","413,000,000","338,000,000","290,000,000","275,000,000","454,000,000","304,000,000","221,000,000","191,000,000","333,000,000","178,000,000","160,000,000","201,334,000","298,622,000","204,000,000","174,000,000","109,000,000","153,000,000","-58,000,000","240,985,000","-30,778,000","310,255,000","233,310,000","116,493,000","168,633,000","234,087,000","146,019,000","97,708,000","125,261,000","198,187,000","134,604,000","140,918,000","120,400,000","185,800,000","125,300,000","136,700,000","94,700,000","163,100,000","29,500,000","123,700,000","70,400,000","78,500,000","78,500,000","78,400,000"
		NetIncomeIncludingNoncontrollingInterests,"1,283,000,000","427,000,000","463,000,000","58,000,000","335,000,000","242,000,000","454,000,000","309,000,000","74,000,000","-111,000,000","391,000,000","312,000,000","320,000,000","138,000,000","-458,000,000","299,000,000","1,369,000,000","-2,499,000,000","396,000,000","174,000,000","205,000,000","-5,796,000,000","380,000,000","-1,089,000,000","328,000,000","-226,000,000","395,000,000","187,000,000","222,000,000","-306,000,000","333,000,000","64,000,000","208,000,000","142,000,000","218,000,000","-164,000,000","196,000,000","-148,000,000","425,000,000","188,000,000","306,000,000","144,000,000","509,000,000","171,000,000","45,000,000","180,000,000","175,000,000","256,000,000","149,000,000","236,000,000","230,000,000","408,000,000","115,000,000","332,000,000","471,000,000","263,000,000","276,000,000","268,000,000","413,000,000","338,000,000","290,000,000","275,000,000","454,000,000","304,000,000","221,000,000","191,000,000","333,000,000","178,000,000","160,000,000","201,334,000","298,622,000","204,000,000","174,000,000","109,000,000","153,000,000","-58,000,000","240,985,000","-30,778,000","310,255,000","233,310,000","116,493,000","240,694,000","234,087,000","146,019,000","97,708,000","125,261,000","198,187,000","134,604,000","140,918,000","120,400,000","185,800,000","125,300,000","136,700,000","94,700,000","163,100,000","29,500,000","123,700,000","70,400,000","78,500,000","78,500,000","78,400,000"
			NetIncomeContinuousOperations,"1,239,000,000","430,000,000","416,000,000","58,000,000","335,000,000","212,000,000","460,000,000","307,000,000","24,000,000","-181,000,000","389,000,000","341,000,000","355,000,000","182,000,000","387,000,000","267,000,000","177,000,000","-2,499,000,000","396,000,000","174,000,000","205,000,000","-5,796,000,000","380,000,000","-1,089,000,000","328,000,000","-226,000,000","395,000,000","187,000,000","222,000,000","-306,000,000","333,000,000","64,000,000","122,000,000","142,000,000","209,000,000","-164,000,000","196,000,000","-148,000,000","425,000,000","188,000,000","306,000,000","144,000,000","509,000,000","171,000,000","45,000,000","180,000,000","175,000,000","256,000,000","149,000,000","236,000,000","230,000,000","408,000,000","115,000,000","332,000,000","471,000,000","263,000,000","276,000,000","268,000,000","413,000,000","338,000,000","290,000,000","279,000,000","454,000,000","304,000,000","221,000,000","221,000,000","332,000,000","179,000,000","141,000,000","197,334,000","298,622,000","204,000,000","174,000,000","150,000,000","153,000,000","9,000,000","138,838,000","58,043,000","310,255,000","233,310,000","84,793,000","168,633,000","234,087,000","146,019,000","106,207,000","125,261,000","198,187,000","134,604,000","140,918,000","120,400,000","185,800,000","125,300,000","136,700,000","94,700,000","163,100,000","60,000,000","123,700,000","70,400,000","78,500,000","78,500,000","78,400,000"
			NetIncomeDiscontinuousOperations,"44,000,000","-3,000,000","47,000,000","0","0","30,000,000","-6,000,000","2,000,000","50,000,000","70,000,000","2,000,000","-29,000,000","-35,000,000","-44,000,000","-845,000,000","32,000,000","1,192,000,000",,,,,,,,,"0","0","0","0","0","0","0","86,000,000","0","9,000,000",,,,,,,,,,,,,,,,,,,,,,,,,,,,,,,"0","1,000,000","-1,000,000","19,000,000",,,,,"-41,000,000",,"-67,000,000",,,,,,,,,,,,,,,,,,,,,,,,,
			NetIncomeExtraordinary,,,,,,,,,,,,,,,,,,,,,,,,,,,,,,,,,,,,,,,,,,,,,,,,,,,,,,,,,,,,,,,,,,,,,,,,,,"0",,,"102,147,000","-88,821,000",,,"31,700,000","0",,,"-8,499,000",,,,,,,,,,,,,,,,
			NetIncomeFromTaxLossCarryforward,,,,,,,,,,,,,,,,,,,,,,,,,,,,,,,,,,,,,,,,,,,,,,,,,,,,,,,,,,,,,,,,,,,,,,,,,,,,,,,,,,,,,,,,,,,,,,"0",,"-30,500,000",,,,,
		MinorityInterests,,,,,,,,,,,,,,,,,,,,,,,,,,,,,,,,,,"0","0","0",,"0","0","-1,000,000","0","-1,000,000","2,000,000","10,000,000","5,000,000","5,000,000","4,000,000","9,000,000","6,000,000","2,000,000","4,000,000","6,000,000","4,000,000",,,,,,,,,,,,,,,,,,,,,,,,,,,,,,,,,,,,,,,,,,,,,,,,
	PreferredStockDividends,,,,,,,,,,"-3,000,000",,"4,000,000","5,000,000","10,000,000","54,000,000","165,000,000","156,000,000",,,,,,,,,,,,,,,,,,,,,,,,,,,,,,,,,,,,,,,,,,,,,,,,,,,,,,,,,,,,,,,,,,,,,,,,,,,,,,,,,,,,
	OtherunderPreferredStockDividend,,,,,,,,,,,,,,,,,,,,,,,,,,,,,,,,,,,,,,,,,,,,,,,,,,,,"-6,000,000",,,,,,,,,,,,,,,,,,,,,,,,,,,,,,,,,,,,,,,,,,,,,,,,,
DilutedNIAvailtoComStockholders,"1,283,000,000","427,000,000","463,000,000","58,000,000","335,000,000","242,000,000","454,000,000","309,000,000","74,000,000","-108,000,000","391,000,000","308,000,000","315,000,000","128,000,000","-512,000,000","134,000,000","1,213,000,000","-2,499,000,000","396,000,000","174,000,000","205,000,000","-5,796,000,000","380,000,000","-1,089,000,000","328,000,000","-226,000,000","395,000,000","187,000,000","222,000,000","-306,000,000","333,000,000","64,000,000","208,000,000","142,000,000","218,000,000","-164,000,000","196,000,000","-148,000,000","425,000,000","187,000,000","306,000,000","143,000,000","511,000,000","181,000,000","50,000,000","185,000,000","179,000,000","265,000,000","155,000,000","238,000,000","234,000,000","414,000,000","119,000,000","332,000,000","471,000,000","263,000,000","276,000,000","268,000,000","413,000,000","338,000,000","290,000,000","275,000,000","454,000,000","304,000,000","221,000,000","191,000,000","333,000,000","178,000,000","160,000,000","201,334,000","298,622,000","204,000,000","174,000,000","109,000,000","153,000,000","-58,000,000","240,985,000","-30,778,000","310,255,000","233,310,000","116,493,000","168,633,000","234,087,000","146,019,000","97,708,000","125,261,000","198,187,000","134,604,000","140,918,000","120,400,000","185,800,000","125,300,000","136,700,000","94,700,000","163,100,000","29,500,000","123,700,000","70,400,000","78,500,000","78,500,000","78,400,000"
BasicEPS,,,"0.85","0.11","0.62",,"0.84","0.57","0.14",,"0.73","0.58","0.59","0.25","-1.02","0.28","2.55","-5.62","0.89","0.39","0.46","-13.44","0.89","-2.56","0.78","-0.53","0.94","0.44","0.53",,"0.79","0.16","0.5","0.34","0.52","-0.39","0.47",,"1.02","0.45","0.73",,"1.22","0.43","0.15",,"0.59","0.87","0.51",,"0.77","1.36","0.39",,"1.55","0.86","0.91",,"1.36","1.11","0.92",,"1.41","0.92","0.67",,"1.01","0.54","0.49",,"0.91","0.62","0.53",,"0.51","-0.2","0.82",,"1.06","0.8","0.4",,"1.07","0.67","0.45",,"0.89","0.6","0.63",,"0.82","0.55","0.6",,"0.71","0.13","0.56",,"0.5","0.5","0.5"
DilutedEPS,,,"0.85","0.11","0.62",,"0.84","0.57","0.14",,"0.72","0.58","0.59","0.25","-1.02","0.28","2.54","-5.62","0.89","0.39","0.46","-13.44","0.89","-2.56","0.77","-0.53","0.93","0.44","0.53",,"0.79","0.15","0.49","0.34","0.52","-0.39","0.47",,"1.01","0.45","0.73",,"1.22","0.43","0.15",,"0.59","0.87","0.51",,"0.77","1.36","0.39",,"1.54","0.85","0.9",,"1.34","1.1","0.92",,"1.4","0.91","0.67",,"1.01","0.54","0.48",,"0.91","0.62","0.53",,"0.51","-0.2","0.82",,"1.05","0.79","0.4",,"1.06","0.67","0.45",,"0.89","0.6","0.63",,"0.82","0.55","0.6",,"0.71","0.13","0.56",,"0.5","0.5","0.5"
BasicAverageShares,,,"544,000,000","544,000,000","543,000,000",,"542,000,000","542,000,000","541,000,000",,"538,000,000","532,000,000","530,000,000","512,000,000","503,000,000","477,000,000","476,000,000","445,000,000","444,000,000","444,000,000","443,000,000","431,000,000","425,000,000","425,000,000","424,000,000","423,000,000","423,000,000","422,000,000","421,000,000",,"420,000,000","420,000,000","419,000,000","418,000,000","418,000,000","418,000,000","418,000,000",,"417,000,000","417,000,000","418,000,000",,"418,000,000","418,000,000","342,000,000",,"304,000,000","304,000,000","304,000,000",,"304,000,000","304,000,000","304,000,000",,"304,000,000","304,000,000","304,000,000",,"304,000,000","304,000,000","314,000,000",,"322,000,000","328,000,000","329,000,000",,"328,119,000","328,063,000","327,908,000",,"327,499,000","327,284,000","327,057,000",,"299,422,000","294,166,000","293,886,000",,"293,328,000","293,080,000","292,791,000",,"218,594,000","218,372,000","218,107,000",,"221,846,000","223,542,000","224,859,000",,"226,585,366","227,818,182","227,833,333",,"229,718,310","226,923,077","220,892,857",,"156,900,000","157,000,000","156,800,000"
DilutedAverageShares,,,"545,000,000","545,000,000","544,000,000",,"542,000,000","543,000,000","543,000,000",,"542,000,000","533,000,000","533,000,000","514,000,000","505,000,000","479,000,000","478,000,000","445,000,000","446,000,000","445,000,000","444,000,000","431,000,000","427,000,000","425,000,000","426,000,000","424,000,000","424,000,000","423,000,000","423,000,000",,"421,000,000","421,000,000","420,000,000","419,000,000","419,000,000","418,000,000","419,000,000",,"419,000,000","419,000,000","420,000,000",,"420,000,000","420,000,000","343,000,000",,"305,000,000","305,000,000","306,000,000",,"306,000,000","305,000,000","306,000,000",,"307,000,000","307,000,000","307,000,000",,"307,000,000","308,000,000","316,000,000",,"325,000,000","330,000,000","330,000,000",,"330,193,000","329,879,000","329,427,000",,"329,099,000","329,103,000","329,034,000",,"300,751,000","295,888,000","294,877,000",,"294,277,000","294,589,000","294,344,000",,"220,165,000","219,540,000","218,107,000",,"221,846,000","223,542,000","224,859,000",,"226,585,366","227,818,182","227,833,333",,"229,718,310","226,923,077","220,892,857",,"156,900,000","157,000,000","156,800,000"
TotalOperatingIncomeAsReported,"1,726,000,000","224,000,000","631,000,000","312,000,000","559,000,000","394,000,000","721,000,000","515,000,000","532,000,000","615,000,000","681,000,000","585,000,000","629,000,000","512,000,000","710,000,000","687,000,000","597,000,000","-1,830,000,000","884,000,000","544,000,000","574,000,000","-8,924,000,000","861,000,000","-975,000,000","776,000,000","236,000,000","908,000,000","554,000,000","594,000,000","-337,000,000","716,000,000","292,000,000","398,000,000","401,000,000","512,000,000","54,000,000","654,000,000","-34,000,000","907,000,000","557,000,000","746,000,000","-125,000,000","1,022,000,000","486,000,000","315,000,000","448,000,000","415,000,000","526,000,000","416,000,000","243,000,000","487,000,000","802,000,000","346,000,000","662,000,000","788,000,000","484,000,000","512,000,000","475,000,000","743,000,000","580,000,000","744,000,000","490,000,000","707,000,000","518,000,000","413,000,000","629,000,000","603,000,000","459,000,000","434,000,000","521,511,000","666,113,000","562,000,000","462,000,000","510,000,000","487,000,000","233,000,000","443,714,000","319,059,000","769,516,000","668,164,000","425,444,000","441,896,000","539,497,000","387,423,000","316,306,000","308,398,000","458,573,000","364,092,000","373,844,000","344,100,000","441,300,000","374,100,000","375,600,000","313,100,000","445,500,000","282,800,000","322,500,000",,,,
TotalExpenses,"8,903,000,000","2,054,000,000","2,493,000,000","2,080,000,000","2,276,000,000","2,197,000,000","2,301,000,000","2,007,000,000","2,600,000,000","2,732,000,000","2,282,000,000","1,931,000,000","2,254,000,000","2,342,000,000","2,354,000,000","2,017,000,000","2,379,000,000","3,028,000,000","2,799,000,000","2,634,000,000","2,978,000,000","3,081,000,000","3,056,000,000","2,929,000,000","3,093,000,000","3,263,000,000","3,215,000,000","2,911,000,000","3,303,000,000","3,820,000,000","3,172,000,000","3,204,000,000","3,791,000,000","2,924,000,000","3,524,000,000","2,992,000,000","3,075,000,000","3,454,000,000","3,404,000,000","3,312,000,000","3,332,000,000","3,149,000,000","3,688,000,000","3,574,000,000","3,261,000,000","2,679,000,000","3,021,000,000","2,602,000,000","2,883,000,000","2,711,000,000","2,921,000,000","2,469,000,000","2,988,000,000","2,539,000,000","3,116,000,000","2,761,000,000","2,765,000,000","2,604,000,000","2,898,000,000","2,529,000,000","2,229,000,000","1,980,000,000","2,694,000,000","2,268,000,000","2,432,000,000","2,083,000,000","2,984,000,000","2,470,000,000","2,379,000,000","2,062,823,000","2,870,206,000","2,588,000,000","2,721,000,000","2,256,000,000","2,957,000,000","2,630,000,000","2,800,758,000","2,509,738,000","2,802,819,000","2,280,544,000","2,376,713,000","1,815,933,000","1,412,149,000","1,416,723,000","1,669,435,000","1,518,884,000","1,433,072,000","1,338,012,000","1,234,086,000","1,301,900,000","1,291,100,000","1,149,800,000","1,041,800,000","1,654,300,000","971,200,000","994,300,000","877,500,000",,,,
NetIncomeFromContinuingAndDiscontinuedOperation,"1,283,000,000","427,000,000","463,000,000","58,000,000","335,000,000","242,000,000","454,000,000","309,000,000","74,000,000","-111,000,000","391,000,000","312,000,000","320,000,000","138,000,000","-458,000,000","299,000,000","1,369,000,000","-2,499,000,000","396,000,000","174,000,000","205,000,000","-5,796,000,000","380,000,000","-1,089,000,000","328,000,000","-226,000,000","395,000,000","187,000,000","222,000,000","-306,000,000","333,000,000","64,000,000","208,000,000","142,000,000","218,000,000","-164,000,000","196,000,000","-148,000,000","425,000,000","187,000,000","306,000,000","143,000,000","511,000,000","181,000,000","50,000,000","185,000,000","179,000,000","265,000,000","155,000,000","238,000,000","234,000,000","414,000,000","119,000,000","332,000,000","471,000,000","263,000,000","276,000,000","268,000,000","413,000,000","338,000,000","290,000,000","275,000,000","454,000,000","304,000,000","221,000,000","221,000,000","333,000,000","178,000,000","160,000,000","201,334,000","298,622,000","204,000,000","174,000,000","109,000,000","153,000,000","-58,000,000","138,838,000","58,043,000","310,255,000","233,310,000","84,793,000","168,633,000","234,087,000","146,019,000","106,207,000","125,261,000","198,187,000","134,604,000","140,918,000","120,400,000","185,800,000","125,300,000","136,700,000","94,700,000","163,100,000","60,000,000","123,700,000","70,400,000","78,500,000","78,500,000","78,400,000"
NormalizedIncome,"1,335,195,000","430,000,000","416,000,000","225,900,000","248,454,000","212,000,000","460,000,000","307,000,000","24,000,000","-181,000,000","389,000,000","341,000,000","355,000,000","182,000,000","387,000,000","267,000,000","177,000,000","-1,164,600,000","392,256,000","242,400,000","190,144,000","15,144,692.433","363,144,000","186,204,000","311,032,000","21,200,000","412,808,000","188,857,000","211,681,000","-309,250,000","322,008,000","44,092,000","111,230,000","342,711,538.462","198,766,000","214,368,000","259,448,717.949","-400,850,000","399,650,000","179,200,000","298,850,000","329,947,368.421","486,791,463.415","161,511,029.412","36,350,000","224,865,771.812","326,600,000","244,651,282.051","155,000,000","239,950,000","111,290,502.793","397,207,317.073","119,000,000","306,022,900.763","405,897,038.082","192,120,567.376","202,800,000","169,200,000","330,520,408.163","230,564,285.714","338,100,000","186,206,208.426","329,556,473.829","198,400,000","156,256,338.028","272,000,000","257,600,000","107,000,000","141,000,000","197,334,000","298,622,000","204,000,000","174,000,000","150,000,000","153,000,000","9,000,000","138,838,000","58,043,000","310,255,000","233,310,000","84,793,000","168,633,000","234,087,000","146,019,000","106,207,000","119,960,001.179","194,359,308.61","130,390,800","137,255,600","118,060,000","183,694,968.344","123,260,000","135,080,000","96,190,360.656","166,280,000","63,780,000","110,380,358.923","70,400,000","78,500,000","78,500,000","78,400,000"
InterestIncome,,,,,,,,,,,,,,,,,,,,,,,,,,,,,,,,,,,,,,,"18,000,000","19,000,000","17,000,000","15,000,000","17,000,000","20,000,000","18,000,000",,"41,000,000",,,,,,,,,,,,,,,,,,,,,,,,,,,,,,,,,,,,,,,,,,,,,,,,,,,,,,
InterestExpense,"1,066,000,000","265,000,000","263,000,000","266,000,000","272,000,000","253,000,000","245,000,000","245,000,000","245,000,000","242,000,000","242,000,000","243,000,000","235,000,000","240,000,000","239,000,000","353,000,000","235,000,000","276,000,000","286,000,000","270,000,000","267,000,000","270,000,000","258,000,000","263,000,000","263,000,000","262,000,000","259,000,000","249,000,000","245,000,000","242,000,000","247,000,000","230,000,000","243,000,000","221,000,000","240,000,000","237,000,000","241,000,000","179,000,000","230,000,000","274,000,000","246,000,000","245,000,000","267,000,000","265,000,000","231,000,000","339,000,000","208,000,000","167,000,000","172,000,000","189,000,000","320,000,000","173,000,000","166,000,000",,,,,,,,,,,,,,,,,,,,,,,,,,,,,,,,,,,,,,,,,,,,,,,,
NetInterestIncome,"-1,066,000,000","-265,000,000","-263,000,000","-266,000,000","-272,000,000","-253,000,000","-245,000,000","-245,000,000","-245,000,000","-242,000,000","-242,000,000","-243,000,000","-235,000,000","-240,000,000","-239,000,000","-353,000,000","-235,000,000","-276,000,000","-286,000,000","-270,000,000","-267,000,000","-270,000,000","-258,000,000","-263,000,000","-263,000,000","-262,000,000","-259,000,000","-249,000,000","-245,000,000","-242,000,000","-247,000,000","-230,000,000","-243,000,000","-221,000,000","-240,000,000","-237,000,000","-241,000,000","-233,000,000","-212,000,000","-255,000,000","-229,000,000","-230,000,000","-250,000,000","-245,000,000","-213,000,000","-174,000,000","-167,000,000","-167,000,000","-172,000,000","-189,000,000","-320,000,000","-173,000,000","-166,000,000",,,,,,,,,,,,,,,,,,,,,,,,,,,,,,,,,,,,,,,,,,,,,,,,
EBIT,"2,625,000,000","744,000,000","767,000,000","420,000,000","694,000,000","469,000,000","821,000,000","618,000,000","209,000,000","-7,000,000","738,000,000","665,000,000","683,000,000","409,000,000","759,000,000","735,000,000","664,000,000","-1,810,000,000","921,000,000","561,000,000","598,000,000","-8,915,000,000","889,000,000","-956,000,000","804,000,000","-134,000,000","880,000,000","551,000,000","611,000,000","-332,000,000","732,000,000","320,000,000","413,000,000","429,000,000","526,000,000","15,000,000","553,000,000","-74,000,000","964,000,000","589,000,000","774,000,000","473,000,000","1,087,000,000","537,000,000","354,000,000","637,000,000","502,000,000","557,000,000","432,000,000","240,000,000","678,000,000","829,000,000","335,000,000","662,000,000","788,000,000","484,000,000","512,000,000","475,000,000","743,000,000","580,000,000","744,000,000","490,000,000","707,000,000","518,000,000","413,000,000","629,000,000","603,000,000","459,000,000","434,000,000","521,511,000","666,113,000","562,000,000","462,000,000","510,000,000","487,000,000","233,000,000","443,714,000","319,059,000","769,516,000","668,164,000","425,444,000","441,896,000","539,497,000","387,423,000","316,306,000","308,398,000","458,573,000","364,092,000","373,844,000","344,100,000","441,300,000","374,100,000","375,600,000","313,100,000","445,500,000","282,800,000","322,500,000","-1,110,900,000","616,900,000","616,900,000","616,800,000"
EBITDA,"4,226,000,000"
ReconciledCostOfRevenue,"3,445,000,000","877,000,000","1,001,000,000","672,000,000","836,000,000","721,000,000","867,000,000","690,000,000","792,000,000","852,000,000","920,000,000","740,000,000","912,000,000","850,000,000","1,013,000,000","875,000,000","1,012,000,000","1,044,000,000","1,224,000,000","1,078,000,000","1,231,000,000","1,218,000,000","1,429,000,000","1,327,000,000","1,505,000,000","1,484,000,000","1,691,000,000","1,372,000,000","1,626,000,000","1,559,000,000","1,732,000,000","1,633,000,000","2,072,000,000","1,612,000,000","1,777,000,000","1,490,000,000","1,573,000,000","1,060,000,000","1,948,000,000","1,812,000,000","1,888,000,000","1,828,000,000","1,981,000,000","1,855,000,000","1,639,000,000","1,521,000,000","1,496,000,000","1,367,000,000","1,531,000,000","1,605,000,000","1,575,000,000","1,277,000,000","1,428,000,000","1,337,000,000","1,631,000,000","1,361,000,000","1,302,000,000","1,187,000,000","1,470,000,000","884,000,000","1,121,000,000","924,000,000","1,279,000,000","982,000,000","956,000,000","845,000,000","1,270,000,000","925,000,000","822,000,000","581,712,000","1,361,659,000","1,177,000,000","1,271,000,000","1,027,000,000","1,431,000,000","1,191,967,000","1,401,270,000","884,810,000","1,469,819,000","933,365,000","913,818,000","642,399,000","401,954,000","453,898,000","657,054,000","284,844,000","171,980,000","213,364,000","179,190,000","198,600,000","269,800,000","204,300,000","204,400,000","150,300,000","291,200,000","323,400,000","209,700,000",,,,
ReconciledDepreciation,"1,601,000,000","439,000,000","331,000,000","377,000,000","454,000,000","395,000,000","202,000,000","307,000,000","295,000,000","148,000,000","367,000,000","357,000,000","345,000,000","381,000,000","399,000,000","324,000,000","280,000,000","452,000,000","456,000,000","400,000,000","392,000,000","557,000,000","518,000,000","467,000,000","455,000,000","685,000,000","393,000,000","375,000,000","383,000,000","436,000,000","370,000,000","352,000,000","342,000,000","346,000,000","371,000,000","347,000,000","347,000,000","475,000,000","282,000,000","292,000,000","285,000,000","327,000,000","292,000,000","282,000,000","220,000,000","-491,000,000","405,000,000","386,000,000","446,000,000","-809,000,000","489,000,000","441,000,000","615,000,000","353,000,000","490,000,000","439,000,000","448,000,000","421,000,000","475,000,000","706,000,000","156,000,000","370,000,000","434,000,000","353,000,000","390,000,000","495,000,000","534,000,000","464,000,000","467,000,000","620,250,000","413,750,000","370,000,000","429,000,000","344,000,000","328,000,000","367,033,000","291,967,000","354,918,000","268,727,000","265,917,000","280,256,000","270,552,000","230,900,000","226,793,000","247,556,000","250,710,000","309,705,000","246,286,000","228,678,000",,,,,,,,,,,,
NetIncomeFromContinuingOperationNetMinorityInterest,"1,239,000,000","430,000,000","416,000,000","58,000,000","335,000,000","212,000,000","460,000,000","307,000,000","24,000,000","-181,000,000","389,000,000","341,000,000","355,000,000","182,000,000","387,000,000","267,000,000","177,000,000","-2,499,000,000","396,000,000","174,000,000","205,000,000","-5,796,000,000","380,000,000","-1,089,000,000","328,000,000","-226,000,000","395,000,000","187,000,000","222,000,000","-306,000,000","333,000,000","64,000,000","122,000,000","142,000,000","209,000,000","-164,000,000","196,000,000","-148,000,000","425,000,000","187,000,000","306,000,000","143,000,000","511,000,000","181,000,000","50,000,000","185,000,000","179,000,000","265,000,000","155,000,000","238,000,000","234,000,000","414,000,000","119,000,000","332,000,000","471,000,000","263,000,000","276,000,000","268,000,000","413,000,000","338,000,000","290,000,000","279,000,000","454,000,000","304,000,000","221,000,000","221,000,000","332,000,000","179,000,000","141,000,000","197,334,000","298,622,000","204,000,000","174,000,000","150,000,000","153,000,000","9,000,000","138,838,000","58,043,000","310,255,000","233,310,000","84,793,000","168,633,000","234,087,000","146,019,000","106,207,000","125,261,000","198,187,000","134,604,000","140,918,000","120,400,000","185,800,000","125,300,000","136,700,000","94,700,000","163,100,000","60,000,000","123,700,000","70,400,000","78,500,000","78,500,000","78,400,000"
TotalUnusualItemsExcludingGoodwill,"-121,000,000","0","0","-230,000,000","109,000,000",,,,,,,,,"0","0",,,"-2,224,000,000","6,000,000","-114,000,000","24,000,000","-9,209,000,000","28,000,000","-1,428,000,000","28,000,000","-412,000,000","-28,000,000","-3,000,000","17,000,000","5,000,000","16,000,000","28,000,000","15,000,000","-294,000,000","14,000,000","-512,000,000","-101,000,000","389,000,000","39,000,000","13,000,000","11,000,000","-296,000,000","39,000,000","31,000,000","21,000,000","-66,000,000","-246,000,000","31,000,000",,"-3,000,000","191,000,000","27,000,000",,"41,000,000","98,000,000","114,000,000","122,000,000","152,000,000","137,000,000","178,000,000","-74,000,000","150,000,000","199,000,000","176,000,000","104,000,000","-85,000,000","124,000,000","120,000,000",,,,,,,,,,,,,,,,,,"7,610,000","6,323,000","7,022,000","6,104,000","3,900,000","3,400,000","3,400,000","2,700,000","-2,400,000","-5,300,000","-6,300,000","21,600,000",,,,
TotalUnusualItems,"-121,000,000","0","0","-230,000,000","109,000,000",,,,,,,,,"0","0",,,"-2,224,000,000","6,000,000","-114,000,000","24,000,000","-9,209,000,000","28,000,000","-1,428,000,000","28,000,000","-412,000,000","-28,000,000","-3,000,000","17,000,000","5,000,000","16,000,000","28,000,000","15,000,000","-294,000,000","14,000,000","-512,000,000","-101,000,000","389,000,000","39,000,000","13,000,000","11,000,000","-296,000,000","39,000,000","31,000,000","21,000,000","-66,000,000","-246,000,000","31,000,000",,"-3,000,000","191,000,000","27,000,000",,"41,000,000","98,000,000","114,000,000","122,000,000","152,000,000","137,000,000","178,000,000","-74,000,000","150,000,000","199,000,000","176,000,000","104,000,000","-85,000,000","124,000,000","120,000,000",,,,,,,,,,,,,,,,,,"7,610,000","6,323,000","7,022,000","6,104,000","3,900,000","3,400,000","3,400,000","2,700,000","-2,400,000","-5,300,000","-6,300,000","21,600,000",,,,
NormalizedEBITDA,"4,347,000,000","1,183,000,000","1,098,000,000","1,027,000,000","1,039,000,000","864,000,000","1,023,000,000","925,000,000","504,000,000","141,000,000","1,105,000,000","1,022,000,000","1,028,000,000","790,000,000","1,158,000,000","1,059,000,000","944,000,000","866,000,000","1,371,000,000","1,075,000,000","966,000,000","851,000,000","1,379,000,000","939,000,000","1,231,000,000","963,000,000","1,301,000,000","929,000,000","977,000,000","99,000,000","1,086,000,000","644,000,000","740,000,000","1,069,000,000","883,000,000","874,000,000","1,001,000,000","12,000,000","1,207,000,000","868,000,000","1,048,000,000","1,096,000,000","1,340,000,000","788,000,000","553,000,000","335,000,000","1,153,000,000","912,000,000","878,000,000","-474,000,000","976,000,000","1,243,000,000","950,000,000","1,056,000,000","1,180,000,000","809,000,000","838,000,000","744,000,000","1,081,000,000","1,108,000,000","974,000,000","710,000,000","942,000,000","695,000,000","699,000,000","1,209,000,000","1,013,000,000","803,000,000","901,000,000","1,141,761,000","1,079,863,000","932,000,000","891,000,000","854,000,000","819,000,000","600,033,000","735,681,000","673,977,000","1,038,243,000","934,081,000","705,700,000","712,448,000","770,397,000","614,216,000","563,862,000","628,405,000","761,955,000","603,356,000","596,418,000","577,600,000","783,800,000","603,600,000","588,900,000","516,200,000","663,400,000","484,600,000","514,400,000","-1,110,900,000","616,900,000","616,900,000","616,800,000"
TaxRateForCalcs,"0.205","0.102","0.175","0.27","0.206","0.019","0.201","0.177","0.27","0.273","0.216","0.192","0.208","0.27","0.256","0.301","0.27","0.4","0.376","0.4","0.381","0.369","0.398","0.107","0.394","0.4","0.364","0.381","0.393","0.35","0.313","0.289","0.282","0.317","0.269","0.261","0.372","0.35","0.35","0.4","0.35","0.368","0.379","0.371","0.35","0.396","0.4","0.344","0.35","0.35","0.358","0.378","0.32","0.366","0.336","0.378","0.4","0.35","0.398","0.396","0.35","0.381","0.375","0.4","0.377","0.4","0.4","0.4","0.4","0.4","0.4","0.4","0.4","0.4","0.4","0.4","0.4","0.4","0.4","0.4","0.4","0.345","0.4","0.4","0.4","0.303","0.395","0.4","0.4","0.4","0.381","0.4","0.4","0.379","0.4","0.4","0.383","0.4","0.4","0.4","0.4"
TaxEffectOfUnusualItems,"-24,805,000","0","0","-62,100,000","22,454,000","0","0","0","0","0","0","0","0","0","0","0","0","-889,600,000","2,256,000","-45,600,000","9,144,000","-3,397,855,307.567","11,144,000","-152,796,000","11,032,000","-164,800,000","-10,192,000","-1,143,000","6,681,000","1,750,000","5,008,000","8,092,000","4,230,000","-93,288,461.538","3,766,000","-133,632,000","-37,551,282.051","136,150,000","13,650,000","5,200,000","3,850,000","-109,052,631.579","14,791,463.415","11,511,029.412","7,350,000","-26,134,228.188","-98,400,000","10,651,282.051","0","-1,050,000","68,290,502.793","10,207,317.073","0","15,022,900.763","32,897,038.082","43,120,567.376","48,800,000","53,200,000","54,520,408.163","70,564,285.714","-25,900,000","57,206,208.426","74,556,473.829","70,400,000","39,256,338.028","-34,000,000","49,600,000","48,000,000","0","0","0","0","0","0","0","0","0","0","0","0","0","0","0","0","0","2,309,001.179","2,495,308.61","2,808,800","2,441,600","1,560,000","1,294,968.344","1,360,000","1,080,000","-909,639.344","-2,120,000","-2,520,000","8,280,358.923","0","0","0","0"