name,ttm,12/31/2021,09/30/2021,06/30/2021,03/31/2021,12/31/2020,09/30/2020,06/30/2020,03/31/2020,12/31/2019,09/30/2019,06/30/2019,03/31/2019,12/31/2018,09/30/2018,06/30/2018,03/31/2018,12/31/2017,09/30/2017,06/30/2017,03/31/2017,12/31/2016,09/30/2016,06/30/2016,03/31/2016,12/31/2015,09/30/2015,06/30/2015,03/31/2015,12/31/2014,09/30/2014,06/30/2014,03/31/2014,12/31/2013,09/30/2013,06/30/2013,03/31/2013,12/31/2012,09/30/2012,06/30/2012,03/31/2012,12/31/2011,09/30/2011,06/30/2011,03/31/2011,12/31/2010,09/30/2010,06/30/2010,03/31/2010,12/31/2009,09/30/2009,06/30/2009,03/31/2009,12/31/2008,09/30/2008,06/30/2008,03/31/2008,12/31/2007,09/30/2007,06/30/2007,03/31/2007,12/31/2006,09/30/2006,06/30/2006,03/31/2006,12/31/2005,09/30/2005,06/30/2005,03/31/2005,12/31/2004,09/30/2004,06/30/2004,03/31/2004,12/31/2003,09/30/2003,06/30/2003,03/31/2003,12/31/2002,09/30/2002,06/30/2002,03/31/2002,12/31/2001,09/30/2001,06/30/2001
TotalRevenue,"13,877,000,000","3,672,000,000","3,507,000,000","3,475,000,000","3,223,000,000","3,316,000,000","3,197,000,000","2,962,000,000","3,078,000,000","3,342,000,000","2,822,000,000","2,112,000,000","2,057,000,000","2,167,000,000","2,084,000,000","2,106,000,000","2,066,000,000","2,329,000,000","2,198,000,000","2,341,000,000","2,255,000,000","2,446,000,000","2,309,000,000","2,305,000,000","2,181,000,000","1,874,800,000","1,578,800,000","1,586,800,000","1,554,800,000","1,689,100,000","1,605,300,000","1,599,100,000","1,520,300,000","1,578,500,000","1,501,700,000","1,512,500,000","1,478,000,000","1,500,100,000","1,436,900,000","1,457,200,000","1,446,900,000","1,494,400,000","1,426,200,000","1,441,700,000","1,383,400,000","1,396,300,000","1,367,200,000","1,286,100,000","1,249,600,000","1,286,200,000","850,700,000","834,800,000","797,800,000","835,280,000","893,844,000","1,339,038,000","1,290,952,000","1,330,414,000","1,168,067,000","1,176,238,000","1,124,066,000","1,129,069,000","1,080,651,000","1,021,946,000","900,936,000","295,886,000","282,774,000","276,023,000","262,458,000","281,842,000","262,660,000","284,124,000","263,409,000","272,112,000","255,791,000","247,392,000","240,169,000","263,251,000","254,506,000","255,369,000","234,842,000","232,748,000","217,983,000","205,416,000"
	OperatingRevenue,"13,877,000,000","3,672,000,000","3,507,000,000","3,475,000,000","3,223,000,000","3,316,000,000","3,197,000,000","2,962,000,000","3,078,000,000","3,342,000,000","2,822,000,000","2,112,000,000","2,057,000,000","2,167,000,000","2,084,000,000","2,106,000,000","2,066,000,000","2,329,000,000","2,198,000,000","2,341,000,000","2,255,000,000","2,446,000,000","2,309,000,000","2,305,000,000","2,181,000,000","1,874,800,000","1,578,800,000","1,586,800,000","1,554,800,000","1,689,100,000","1,605,300,000","1,599,100,000","1,520,300,000","1,578,500,000","1,501,700,000","1,512,500,000","1,478,000,000","1,500,100,000","1,436,900,000","1,457,200,000","1,446,900,000","1,494,400,000","1,426,200,000","1,441,700,000","1,383,400,000","1,396,300,000","1,367,200,000","1,286,100,000","1,249,600,000","1,286,200,000","850,700,000","834,800,000","797,800,000","835,280,000","893,844,000","1,339,038,000","1,290,952,000","1,330,414,000","1,168,067,000","1,176,238,000","1,124,066,000","1,129,069,000","1,080,651,000","1,021,946,000","900,936,000","295,886,000","282,774,000","276,023,000","262,458,000","281,842,000","262,660,000","284,124,000","263,409,000","272,112,000","255,791,000","247,392,000","240,169,000","263,251,000","254,506,000","255,369,000","234,842,000","232,748,000","217,983,000","205,416,000"
CostOfRevenue,"8,682,000,000","2,251,000,000","2,178,000,000","2,135,000,000","2,118,000,000","2,110,000,000","2,104,000,000","2,046,000,000","2,089,000,000","1,987,000,000","1,838,000,000","1,404,000,000","1,381,000,000","1,377,000,000","1,364,000,000","1,414,000,000","1,414,000,000","1,504,000,000","1,483,000,000","1,612,000,000","1,582,000,000","1,553,000,000","1,527,000,000","1,600,000,000","1,553,000,000","1,232,600,000","1,021,300,000","1,069,000,000","1,070,300,000","1,117,200,000","1,075,100,000","1,092,800,000","1,050,000,000","1,054,800,000","994,600,000","1,028,200,000","1,008,000,000","1,007,500,000","968,800,000","981,100,000","1,010,300,000","1,010,200,000","984,300,000","1,007,500,000","996,000,000","956,800,000","897,300,000","912,200,000","907,200,000","1,000,200,000","600,500,000","602,700,000","594,300,000","652,605,000","661,995,000","962,964,000","928,555,000","931,788,000","838,912,000","842,946,000","813,316,000","814,932,000","772,580,000","719,718,000","622,337,000","202,826,000","201,997,000","196,466,000","190,292,000","192,663,000","186,142,000","209,564,000","198,293,000","193,472,000","182,256,000","180,977,000","176,057,000","183,264,000","179,132,000","188,936,000","179,108,000","163,166,000","150,651,000","144,479,000"
GrossProfit,"5,195,000,000","1,421,000,000","1,329,000,000","1,340,000,000","1,105,000,000","1,206,000,000","1,093,000,000","916,000,000","989,000,000","1,355,000,000","984,000,000","708,000,000","676,000,000","790,000,000","720,000,000","692,000,000","652,000,000","825,000,000","715,000,000","729,000,000","673,000,000","893,000,000","782,000,000","705,000,000","628,000,000","642,200,000","557,500,000","517,800,000","484,500,000","571,900,000","530,200,000","506,300,000","470,300,000","523,700,000","507,100,000","484,300,000","470,000,000","492,600,000","468,100,000","476,100,000","436,600,000","484,200,000","441,900,000","434,200,000","387,400,000","439,500,000","469,900,000","373,900,000","342,400,000","286,000,000","250,200,000","232,100,000","203,500,000","182,675,000","231,849,000","376,074,000","362,397,000","398,626,000","329,155,000","333,292,000","310,750,000","314,137,000","308,071,000","302,228,000","278,599,000","93,060,000","80,777,000","79,557,000","72,166,000","89,179,000","76,518,000","74,560,000","65,116,000","78,640,000","73,535,000","66,415,000","64,112,000","79,987,000","75,374,000","66,433,000","55,734,000","69,582,000","67,332,000","60,937,000"
OperatingExpense,"3,938,000,000","966,000,000","989,000,000","977,000,000","1,006,000,000","903,000,000","862,000,000","870,000,000","881,000,000","1,232,000,000","757,000,000","317,000,000","361,000,000","321,000,000","283,000,000","339,000,000","358,000,000","340,000,000","327,000,000","370,000,000","413,000,000","460,000,000","384,000,000","422,000,000","444,000,000","383,400,000","219,200,000","230,800,000","269,400,000","220,800,000","206,500,000","196,600,000","186,600,000","300,100,000","189,000,000","236,700,000","194,900,000","206,500,000","180,200,000","193,400,000","207,100,000","157,500,000","165,500,000","175,300,000","173,500,000","186,000,000","138,900,000","197,000,000","158,600,000","206,200,000","114,500,000","114,700,000","121,600,000","92,046,000","106,099,000","201,951,000","190,619,000","169,369,000","150,258,000","149,358,000","146,592,000","149,228,000","138,579,000","149,512,000","173,789,000","28,692,000","30,749,000","36,180,000","35,114,000","30,317,000","29,465,000","31,910,000","29,570,000","26,121,000","30,012,000","29,013,000","43,156,000","31,428,000","38,083,000","28,115,000","27,953,000","23,224,000","24,611,000","25,087,000"
	SellingGeneralAndAdministration,"3,938,000,000","966,000,000","989,000,000","977,000,000","1,006,000,000","903,000,000","862,000,000","870,000,000","881,000,000","1,232,000,000","757,000,000","317,000,000","361,000,000","321,000,000","283,000,000","339,000,000","358,000,000","340,000,000","327,000,000","370,000,000","413,000,000","460,000,000","384,000,000","422,000,000","444,000,000","383,400,000","219,200,000","230,800,000","269,400,000","220,800,000","206,500,000","196,600,000","186,600,000","300,100,000","189,000,000","236,700,000","194,900,000","206,500,000","180,200,000","193,400,000","207,100,000","157,500,000","165,500,000","175,300,000","173,500,000","186,000,000","138,900,000","197,000,000","158,600,000","272,600,000","92,200,000","93,200,000","99,000,000","80,554,000","79,944,000","175,384,000","163,551,000","140,208,000","123,802,000","125,770,000","119,483,000","121,209,000","112,724,000","125,866,000","145,729,000","28,692,000","30,749,000","36,180,000","35,114,000","30,317,000","29,465,000","31,910,000","29,570,000","38,324,000","30,012,000","29,450,000","30,516,000","28,563,000","28,718,000","28,115,000","27,953,000","23,224,000","24,611,000","25,087,000"
	ResearchAndDevelopment,,,,,,,,,,,,,,,,,,,,,,,,,,,,,,,,,,,,,,,,,,,,,,,,,,,"22,300,000","21,500,000","22,600,000","11,492,000","26,155,000","26,567,000","27,068,000","29,161,000","26,456,000","23,588,000","27,109,000","28,019,000","25,855,000","23,646,000","28,060,000",,,,,,,,,,,,,,,,,,,
	OtherOperatingExpenses,,,,,,,,,,,,,,,,,,,,,,,,,,,,,,,,,,,,,,,,,,,,,,,,,,,,,,,,,,,,,,,,,,,,,,,,,,,,"-437,000","12,640,000","2,865,000","9,365,000",,,,,
OperatingIncome,"1,257,000,000","455,000,000","340,000,000","363,000,000","99,000,000","303,000,000","231,000,000","46,000,000","108,000,000","123,000,000","227,000,000","391,000,000","315,000,000","469,000,000","437,000,000","353,000,000","294,000,000","485,000,000","388,000,000","359,000,000","260,000,000","433,000,000","398,000,000","283,000,000","184,000,000","258,800,000","338,300,000","287,000,000","215,100,000","351,100,000","323,700,000","309,700,000","283,700,000","223,600,000","318,100,000","247,600,000","275,100,000","286,100,000","287,900,000","282,700,000","229,500,000","326,700,000","276,400,000","258,900,000","213,900,000","253,500,000","331,000,000","176,900,000","183,800,000","79,800,000","135,700,000","117,400,000","81,900,000","90,629,000","125,750,000","174,123,000","171,778,000","229,257,000","178,897,000","183,934,000","164,158,000","164,909,000","169,492,000","152,716,000","104,810,000","64,368,000","50,028,000","43,377,000","37,052,000","58,862,000","47,053,000","42,650,000","35,546,000","52,519,000","43,523,000","37,402,000","20,956,000","48,559,000","37,291,000","38,318,000","27,781,000","46,358,000","42,721,000","35,850,000"
NetNonOperatingInterestIncomeExpense,"-214,000,000","-45,000,000","-46,000,000","-48,000,000","-74,000,000","-82,000,000","-84,000,000","-88,000,000","-80,000,000","-95,000,000","-95,000,000","-72,000,000","-75,000,000","-72,000,000","-80,000,000","-73,000,000","-72,000,000","-70,000,000","-84,000,000","-91,000,000","-93,000,000","-99,000,000","-98,000,000","-93,000,000","-93,000,000","-74,600,000","-35,600,000","-35,800,000","-37,400,000","-36,800,000","-37,700,000","-41,900,000","-41,100,000","-43,400,000","-43,700,000","-49,400,000","-51,700,000","-52,700,000","-54,000,000","-56,600,000","-59,400,000","-64,500,000","-60,500,000","-65,800,000","-68,000,000","-64,900,000","-60,900,000","-19,300,000","-28,300,000","-36,300,000","-31,800,000","-31,300,000","-31,200,000",,,,,,,,,,,,,,,,,,,,,,,,,,,,,,,
	InterestIncomeNonOperating,"2,000,000",,,,,,,,,,,,,,,,,,,,,,,,,,,,,,,,,,,,,,,,,,,,,,,"1,100,000","1,300,000","700,000","1,400,000","500,000","800,000",,,,,,,,,,,,,,,,,,,,,,,,,,,,,,,
	InterestExpenseNonOperating,"216,000,000","47,000,000","46,000,000","48,000,000","74,000,000","87,000,000","84,000,000","88,000,000","80,000,000","147,000,000","95,000,000","72,000,000","75,000,000","89,000,000","80,000,000","73,000,000","72,000,000","92,000,000","84,000,000","91,000,000","93,000,000","119,000,000","98,000,000","93,000,000","93,000,000","90,300,000","35,600,000","35,800,000","37,400,000","52,100,000","37,700,000","41,900,000","41,100,000","53,800,000","43,700,000","49,400,000","51,700,000","61,300,000","54,000,000","56,600,000","59,400,000","70,500,000","60,500,000","65,800,000","68,000,000","71,300,000","60,900,000","19,300,000","28,300,000","37,000,000","33,200,000","31,800,000","32,000,000",,,,,,,,,,,,,,,,,,,,,,,,,,,,,,,
	TotalOtherFinanceCost,,,,,,,,,,"95,000,000","95,000,000","72,000,000","75,000,000","72,000,000","80,000,000","73,000,000","72,000,000","70,000,000","84,000,000","91,000,000","93,000,000","99,000,000","98,000,000","93,000,000","93,000,000","74,600,000","35,600,000","35,800,000","37,400,000","36,800,000","37,700,000","41,900,000","41,100,000","43,400,000","43,700,000","49,400,000","51,700,000","52,700,000",,,,,,"65,800,000","68,000,000",,"60,900,000",,,,,,,,,,,,,,,,,,,,,,,,,,,,,,,,,,,,,
OtherIncomeExpense,"-254,000,000","6,000,000","-92,000,000","324,000,000","-493,000,000","-119,000,000","-4,000,000","74,000,000","-39,000,000","-211,000,000","77,000,000","-120,000,000","-52,000,000","3,000,000","-153,000,000","-4,000,000","3,000,000","4,000,000","-182,000,000","4,000,000","56,000,000","-1,000,000","-6,000,000","-1,000,000","-1,000,000","-8,400,000","-21,200,000","152,100,000","-1,400,000","-3,200,000","-54,800,000","-1,200,000","-500,000","-300,000","5,900,000","-61,900,000","5,100,000","-1,100,000","-1,500,000","-1,800,000","-20,900,000","-75,200,000","-700,000","-200,000","3,300,000","-11,500,000","-137,000,000","-12,600,000","-5,300,000","-136,300,000","1,400,000","5,500,000","1,200,000","1,558,000","-1,884,000","1,866,000","-2,408,000","10,771,000","185,370,000","93,592,000","1,604,000","3,627,000","1,093,000","1,125,000","-277,000","-1,954,000","-6,339,000","576,000","165,000","608,000","294,000","85,000","220,000","13,085,000","474,000","1,265,000","-12,485,000","-2,668,000","-9,214,000","587,000","184,000","201,000","383,000","-190,000"
	EarningsFromEquityInterest,,,,,,,,,,,,,,,,,,,,,,,,,,,,,,,,,,,,,,,,,,,,,,,,,,,,,,"-43,000",,"-317,000","-1,957,000","-330,000","-406,000","736,000","936,000","2,014,000","1,686,000","259,000","1,833,000",,,,,,,,,,,,,,,,,,,
	SpecialIncomeCharges,"-202,000,000","0","-202,000,000",,,"-136,000,000","0",,,"0","-87,000,000",,,"0","-95,000,000",,,,,,,,,,,,,,,,,,,,,,,"24,200,000","-1,500,000","-1,800,000","-20,900,000","-75,200,000","-700,000","-200,000","3,300,000","-11,500,000","-137,000,000","-12,600,000","-5,300,000","-136,300,000","1,400,000","5,500,000","1,200,000","1,601,000","-1,884,000","2,183,000","-451,000","11,101,000","185,776,000","92,856,000","668,000","1,613,000","-593,000","866,000","-2,110,000","-1,837,000","-6,339,000","576,000","165,000","608,000","294,000","85,000","220,000","13,085,000","474,000","1,265,000","-12,485,000","-2,668,000","-9,214,000","587,000","184,000","201,000","383,000","-190,000"
		RestructuringAndMergernAcquisition,,,,,,,,,,,,,,,,,,,,,,,,,,,,,,,,,,,,,,,,,,,,,,,,,,,,,,,,,,,,,,,,,,"2,860,000","7,010,000",,,,,,,,,,,,,,,,,
		ImpairmentOfCapitalAssets,"202,000,000","0","202,000,000",,,"136,000,000","0",,,"0","87,000,000",,,"0","95,000,000",,,,,,,,,,,,,,,,,,,,,,,"0",,,,"9,100,000","0",,,"0","154,900,000",,,,,,,,,,,,,,,,,,,,,,,,,,,,,,,,,,,,,
		OtherSpecialCharges,,,,,,,,,,,,,,,,,,,,,,,,,,,,,,,,,,,,,,,,,,"66,100,000","700,000",,,,"-17,900,000",,,,,,,,,,,,,,,,,,,"-1,023,000","-671,000",,,,,,,,,,,,,,,,,
	OtherNonOperatingIncomeExpenses,"-52,000,000","6,000,000","110,000,000","324,000,000","-493,000,000","17,000,000","-4,000,000","74,000,000","-39,000,000","-211,000,000","164,000,000","-120,000,000","-52,000,000","3,000,000","-58,000,000","-4,000,000","3,000,000","4,000,000","-182,000,000","4,000,000","56,000,000","-1,000,000","-6,000,000","-1,000,000","-1,000,000","-8,400,000","-21,200,000","152,100,000","-1,400,000","-3,200,000","-54,800,000","-1,200,000","-500,000","-300,000","5,900,000","-61,900,000","5,100,000","-1,100,000",,,,,,,,,,,,,,,,,,,,,,,,,,,,,,,,,,,,,,,,,,,,,,
PretaxIncome,"789,000,000","416,000,000","202,000,000","639,000,000","-468,000,000","102,000,000","143,000,000","32,000,000","-11,000,000","-183,000,000","209,000,000","199,000,000","188,000,000","400,000,000","204,000,000","276,000,000","225,000,000","419,000,000","122,000,000","272,000,000","223,000,000","333,000,000","294,000,000","189,000,000","90,000,000","175,800,000","281,500,000","403,300,000","176,300,000","311,100,000","231,200,000","266,600,000","242,100,000","179,900,000","280,300,000","136,300,000","228,500,000","232,300,000","232,400,000","224,300,000","149,200,000","187,000,000","215,200,000","192,900,000","149,200,000","177,100,000","133,100,000","145,000,000","150,200,000","-92,800,000","105,300,000","91,600,000","51,900,000","62,072,000","76,447,000","115,410,000","111,897,000","173,760,000","321,376,000","234,377,000","93,400,000","116,566,000","119,659,000","106,082,000","61,323,000","59,376,000","40,567,000","40,703,000","33,912,000","67,651,000","44,088,000","39,582,000","32,790,000","50,805,000","41,952,000","36,602,000","19,430,000","46,981,000","35,823,000","37,157,000","25,987,000","42,513,000","39,440,000","35,404,000"
TaxProvision,"371,000,000","125,000,000","41,000,000","302,000,000","-97,000,000","2,000,000","121,000,000","4,000,000","-30,000,000","-19,000,000","48,000,000","40,000,000","32,000,000","86,000,000","37,000,000","51,000,000","34,000,000","-581,000,000","51,000,000","132,000,000","79,000,000","117,000,000","103,000,000","66,000,000","31,000,000","64,600,000","100,000,000","156,400,000","57,800,000","101,400,000","72,100,000","80,400,000","80,600,000","95,200,000","97,900,000","40,900,000","75,200,000","78,900,000","79,000,000","65,300,000","50,400,000","59,000,000","65,900,000","61,800,000","52,300,000","54,100,000","48,200,000","53,600,000","55,600,000","-33,700,000","36,300,000","31,600,000","17,900,000","20,119,000","28,071,000","40,867,000","40,955,000","64,290,000","118,909,000","86,533,000","34,745,000","43,235,000","42,799,000","40,629,000","23,487,000","22,958,000","17,900,000","15,312,000","12,757,000","20,630,000","16,313,000","14,645,000","12,132,000","18,553,000","15,627,000","13,634,000","7,238,000","17,971,000","13,840,000","14,213,000","9,940,000","16,949,000","15,381,000","13,808,000"
EarningsFromEquityInterestNetOfTax,"6,000,000","0","0","5,000,000","1,000,000","3,000,000","0","-7,000,000","-1,000,000","8,000,000","-5,000,000","-4,000,000","-7,000,000","-4,000,000","-4,000,000","-7,000,000","-1,000,000","-3,000,000","0",,,,,,,,,,,,,,,,,,,,,,,,,,,,,,,"0","0","0",,,,,,,,,,,,,,,,,,,,,,,,,,,,,,,,
NetIncomeCommonStockholders,"417,000,000","291,000,000","158,000,000","341,000,000","-373,000,000","104,000,000","20,000,000","19,000,000","15,000,000","-158,000,000","154,000,000","154,000,000","148,000,000","298,000,000","154,000,000","212,000,000","182,000,000","988,000,000","61,000,000","132,000,000","138,000,000","207,000,000","185,000,000","121,000,000","55,000,000","105,200,000","175,200,000","240,200,000","110,900,000","195,300,000","150,500,000","178,800,000","154,500,000","71,900,000","172,300,000","104,800,000","144,100,000","136,700,000","86,800,000","150,600,000","87,100,000","117,000,000","136,300,000","123,500,000","92,800,000","110,600,000","110,400,000","89,900,000","93,600,000","-53,900,000","67,600,000","59,200,000","33,000,000","28,770,000","43,623,000","71,907,000","70,500,000","108,411,000","245,304,000","148,004,000","59,503,000","75,120,000","78,580,000","66,029,000","39,358,000","36,310,000","23,269,000","47,544,000","23,196,000","37,115,000","29,100,000","24,937,000","20,658,000","30,917,000","26,325,000","22,968,000","12,192,000","29,010,000","21,983,000","22,944,000","16,047,000","26,509,000","24,059,000","21,269,000"
	NetIncome,"417,000,000","291,000,000","158,000,000","341,000,000","-373,000,000","104,000,000","20,000,000","19,000,000","15,000,000","-158,000,000","154,000,000","154,000,000","148,000,000","298,000,000","154,000,000","212,000,000","182,000,000","988,000,000","61,000,000","132,000,000","138,000,000","207,000,000","185,000,000","121,000,000","55,000,000","105,200,000","175,200,000","240,200,000","110,900,000","195,300,000","150,500,000","178,800,000","154,500,000","71,900,000","172,300,000","104,800,000","144,100,000","136,700,000","86,800,000","150,600,000","87,100,000","117,000,000","136,300,000","123,500,000","92,800,000","110,600,000","110,400,000","89,900,000","93,600,000","-53,900,000","67,600,000","59,200,000","33,000,000","28,770,000","43,623,000","71,907,000","70,500,000","108,411,000","245,304,000","148,004,000","59,503,000","75,120,000","78,580,000","66,029,000","39,358,000","36,310,000","23,269,000","47,544,000","23,196,000","37,115,000","29,100,000","24,937,000","20,658,000","30,917,000","26,325,000","22,968,000","12,192,000","29,010,000","21,983,000","22,944,000","16,047,000","26,509,000","24,059,000","21,269,000"
		NetIncomeIncludingNoncontrollingInterests,"424,000,000","291,000,000","161,000,000","342,000,000","-370,000,000","103,000,000","22,000,000","21,000,000","18,000,000","-156,000,000","156,000,000","155,000,000","149,000,000","310,000,000","163,000,000","218,000,000","190,000,000","997,000,000","71,000,000","140,000,000","144,000,000","216,000,000","191,000,000","124,000,000","59,000,000","110,900,000","179,800,000","244,700,000","115,400,000","202,600,000","157,900,000","185,300,000","161,100,000","80,200,000","179,100,000","109,000,000","149,400,000","144,800,000","92,400,000","153,800,000","90,100,000","122,000,000","140,200,000","125,300,000","93,600,000","112,300,000","61,000,000","91,100,000","93,500,000","-52,800,000","69,000,000","59,600,000","32,700,000","29,903,000","46,374,000","72,623,000","70,622,000","109,140,000","246,103,000","148,580,000","59,591,000","75,345,000","78,546,000","65,712,000","39,669,000","36,310,000","23,269,000","47,544,000","23,196,000","37,115,000","29,100,000","24,937,000","20,658,000","30,917,000","26,325,000","22,968,000","12,192,000","29,010,000","21,983,000","22,944,000","16,047,000","26,509,000","24,059,000","21,596,000"
			NetIncomeContinuousOperations,"424,000,000","291,000,000","161,000,000","342,000,000","-370,000,000","103,000,000","22,000,000","21,000,000","18,000,000","-156,000,000","156,000,000","155,000,000","149,000,000","310,000,000","163,000,000","218,000,000","190,000,000","997,000,000","71,000,000","140,000,000","144,000,000","216,000,000","191,000,000","123,000,000","59,000,000","111,200,000","181,500,000","246,900,000","118,500,000","209,700,000","159,100,000","186,200,000","161,500,000","84,700,000","182,400,000","95,400,000","153,300,000","153,400,000","153,400,000","159,000,000","98,800,000","128,000,000","149,300,000","131,100,000","96,900,000","123,000,000","84,900,000","91,400,000","94,600,000","-59,100,000","69,000,000","60,000,000","34,000,000","40,777,000","45,625,000","73,510,000","68,863,000","108,411,000","201,262,000","148,004,000","59,503,000","75,120,000","78,580,000","66,029,000","39,358,000","36,301,000","22,667,000","25,391,000","21,155,000","35,314,000","27,775,000","24,937,000","20,658,000","32,252,000","26,325,000","22,968,000","12,192,000","29,010,000","21,983,000","22,944,000","16,047,000","26,509,000","24,059,000","21,269,000"
			NetIncomeDiscontinuousOperations,,,,,,,,,,,,,,,,,,"0","0","0","0","0","0","1,000,000","0","-300,000","-1,700,000","-2,200,000","-3,100,000","-7,100,000","-1,200,000","-900,000","-400,000","-4,500,000","-3,300,000","13,600,000","-3,900,000","-8,600,000","-61,000,000","-5,200,000","-8,700,000","-6,000,000","-9,100,000","-5,800,000","-3,300,000","-10,700,000","-23,900,000","-300,000","-1,100,000","6,300,000","0","-400,000","-1,300,000","-12,007,000","-2,002,000","-1,603,000","1,637,000","0","44,042,000",,,,,,,"9,000","602,000","22,153,000","2,041,000","1,801,000","1,325,000",,,,,,,,,,,,,
		MinorityInterests,"-7,000,000","0","-3,000,000","-1,000,000","-3,000,000","1,000,000","-2,000,000","-2,000,000","-3,000,000","-2,000,000","-2,000,000","-1,000,000","-1,000,000","-12,000,000","-9,000,000","-6,000,000","-8,000,000","-9,000,000","-10,000,000","-8,000,000","-6,000,000","-9,000,000","-6,000,000","-3,000,000","-4,000,000","-5,700,000","-4,600,000","-4,500,000","-4,500,000","-7,300,000","-7,400,000","-6,500,000","-6,600,000","-8,300,000","-6,800,000","-4,200,000","-5,300,000","-8,100,000","-5,600,000","-3,200,000","-3,000,000","-5,000,000","-3,900,000","-1,800,000","-800,000","-1,700,000","49,400,000","-1,200,000","100,000","-1,100,000","-1,400,000","-400,000","300,000","-1,133,000","-2,751,000","-716,000","-122,000","-729,000","-799,000","-576,000","-88,000","-225,000","34,000","317,000","-311,000",,,,,,,,,,,,,,,,,"0",,"-327,000"
	OtherunderPreferredStockDividend,,,,,,,,,,,,,,,,,,,,,,,,,,,,,,,,,,,,,,,,,,,,,,,,,,,,"400,000",,,,,,,,,,,,,,,,,,,,,,,,,,,,,,,,
DilutedNIAvailtoComStockholders,"417,000,000","291,000,000","158,000,000","341,000,000","-373,000,000","104,000,000","20,000,000","19,000,000","15,000,000","-158,000,000","154,000,000","154,000,000","148,000,000","298,000,000","154,000,000","212,000,000","182,000,000","988,000,000","61,000,000","132,000,000","138,000,000","207,000,000","185,000,000","121,000,000","55,000,000","105,200,000","175,200,000","240,200,000","110,900,000","195,300,000","150,500,000","178,800,000","154,500,000","71,900,000","172,300,000","104,800,000","144,100,000","136,700,000","86,800,000","150,600,000","87,100,000","117,000,000","136,300,000","123,500,000","92,800,000","110,600,000","110,400,000","89,900,000","93,600,000","-53,900,000","67,600,000","59,200,000","33,000,000","28,770,000","43,623,000","71,907,000","70,500,000","108,411,000","245,304,000","148,004,000","59,503,000","75,120,000","78,580,000","66,029,000","39,358,000","36,310,000","23,269,000","47,544,000","23,196,000","37,115,000","29,100,000","24,937,000","20,658,000","30,917,000","26,325,000","22,968,000","12,192,000","29,010,000","21,983,000","22,944,000","16,047,000","26,509,000","24,059,000","21,269,000"
BasicEPS,,"0.48","0.26","0.55","-0.6","0.17","0.03","0.03","0.02","-0.26","0.3","0.48","0.46","0.92","0.47","0.64","0.55","2.98","0.18","0.4","0.42","0.63","0.57","0.37","0.17","0.36","0.62","0.85","0.39","0.69","0.53","0.63","0.54","0.25","0.6","0.36","0.5","0.47","0.3","0.51","0.3",,"0.45","0.41","0.31",,"0.33","0.24","0.25",,"0.35","0.31","0.17",,"0.23","0.37","0.36",,"1.27","0.77","0.31",,"0.41","0.34","0.23",,"0.38","0.77","0.38",,"0.46","0.4","0.32",,"0.4","0.35","0.19",,"0.32","0.33","0.23",,"0.35","0.31"
DilutedEPS,,"0.47","0.26","0.55","-0.6","0.16","0.03","0.03","0.02","-0.26","0.29","0.47","0.45","0.91","0.47","0.64","0.54","2.93","0.18","0.4","0.41","0.63","0.56","0.37","0.17","0.35","0.62","0.84","0.39","0.68","0.52","0.62","0.53","0.25","0.59","0.36","0.49","0.46","0.29","0.5","0.29",,"0.44","0.4","0.3",,"0.33","0.23","0.25",,"0.35","0.31","0.17",,"0.23","0.37","0.36",,"1.25","0.75","0.3",,"0.41","0.34","0.23",,"0.37","0.75","0.37",,"0.46","0.39","0.32",,"0.4","0.35","0.18",,"0.32","0.33","0.23",,"0.35","0.31"
BasicAverageShares,,"609,000,000","613,000,000","619,000,000","621,000,000","621,000,000","620,000,000","618,000,000","616,000,000","614,000,000","516,000,000","324,000,000","323,000,000","326,000,000","328,000,000","329,000,000","330,000,000","332,000,000","331,000,000","330,000,000","328,000,000","327,000,000","326,000,000","325,000,000","324,000,000","295,700,000","280,400,000","281,000,000","283,000,000","282,800,000","283,100,000","285,500,000","288,000,000","288,700,000","289,200,000","289,900,000","291,000,000","292,300,000","292,400,000","292,700,000","289,700,000",,"300,900,000","303,600,000","301,500,000",,"332,200,000","376,500,000","373,300,000",,"191,100,000","190,300,000","190,000,000",,"189,541,000","192,538,000","194,542,000",,"193,171,000","192,743,000","191,898,000",,"190,680,000","192,224,000","169,989,000",,"62,017,000","61,899,000","61,794,000",,"62,588,000","63,083,000","63,677,000",,"65,019,000","65,536,000","65,840,000",,"68,850,000","69,052,000","68,868,000",,"68,618,000","68,268,000"
DilutedAverageShares,,"614,000,000","619,000,000","624,000,000","621,000,000","628,000,000","627,000,000","625,000,000","625,000,000","614,000,000","524,000,000","327,000,000","326,000,000","329,000,000","331,000,000","333,000,000","334,000,000","337,000,000","336,000,000","334,000,000","333,000,000","331,000,000","330,000,000","329,000,000","327,000,000","299,200,000","283,800,000","284,400,000","286,800,000","286,500,000","287,000,000","289,200,000","291,900,000","293,000,000","293,200,000","294,300,000","295,500,000","297,800,000","297,900,000","298,300,000","295,400,000",,"306,800,000","310,900,000","308,700,000",,"339,200,000","384,600,000","379,900,000",,"194,600,000","192,700,000","191,600,000",,"191,822,000","194,448,000","196,537,000",,"196,649,000","196,977,000","195,807,000",,"193,626,000","195,374,000","172,987,000",,"63,313,000","63,029,000","62,859,000",,"63,849,000","64,272,000","64,643,000",,"65,820,000","66,077,000","66,202,000",,"69,451,000","70,404,000","69,963,000",,"68,618,000","68,268,000"
TotalOperatingIncomeAsReported,"1,055,000,000","455,000,000","138,000,000","363,000,000","99,000,000","167,000,000","231,000,000","46,000,000","108,000,000","123,000,000","140,000,000","391,000,000","315,000,000","469,000,000","342,000,000","353,000,000","294,000,000","485,000,000","388,000,000","359,000,000","260,000,000","433,000,000","398,000,000","283,000,000","184,000,000","258,800,000","338,300,000","287,000,000","215,100,000","351,100,000","323,700,000","309,700,000","283,700,000","223,600,000","318,100,000","247,600,000","275,100,000","286,100,000","287,900,000","282,700,000","229,500,000","317,600,000","276,400,000","258,900,000","213,900,000","253,500,000","176,100,000","176,900,000","183,800,000","-57,100,000","135,700,000","117,400,000","81,900,000","90,629,000","125,750,000","174,123,000","171,778,000","229,257,000","178,897,000","183,934,000","164,158,000","164,909,000","169,492,000","152,716,000","104,810,000","61,508,000","43,018,000","43,377,000","37,052,000","58,862,000","47,053,000","42,650,000","35,546,000","52,519,000","43,523,000","37,402,000","20,956,000","48,559,000","37,291,000","38,318,000","27,781,000","46,358,000","42,721,000","35,850,000"
TotalExpenses,"12,620,000,000","3,217,000,000","3,167,000,000","3,112,000,000","3,124,000,000","3,013,000,000","2,966,000,000","2,916,000,000","2,970,000,000","3,219,000,000","2,595,000,000","1,721,000,000","1,742,000,000","1,698,000,000","1,647,000,000","1,753,000,000","1,772,000,000","1,844,000,000","1,810,000,000","1,982,000,000","1,995,000,000","2,013,000,000","1,911,000,000","2,022,000,000","1,997,000,000","1,616,000,000","1,240,500,000","1,299,800,000","1,339,700,000","1,338,000,000","1,281,600,000","1,289,400,000","1,236,600,000","1,354,900,000","1,183,600,000","1,264,900,000","1,202,900,000","1,214,000,000","1,149,000,000","1,174,500,000","1,217,400,000","1,167,700,000","1,149,800,000","1,182,800,000","1,169,500,000","1,142,800,000","1,036,200,000","1,109,200,000","1,065,800,000","1,206,400,000","715,000,000","717,400,000","715,900,000","744,651,000","768,094,000","1,164,915,000","1,119,174,000","1,101,157,000","989,170,000","992,304,000","959,908,000","964,160,000","911,159,000","869,230,000","796,126,000","231,518,000","232,746,000","232,646,000","225,406,000","222,980,000","215,607,000","241,474,000","227,863,000","219,593,000","212,268,000","209,990,000","219,213,000","214,692,000","217,215,000","217,051,000","207,061,000","186,390,000","175,262,000","169,566,000"
NetIncomeFromContinuingAndDiscontinuedOperation,"417,000,000","291,000,000","158,000,000","341,000,000","-373,000,000","104,000,000","20,000,000","19,000,000","15,000,000","-158,000,000","154,000,000","154,000,000","148,000,000","298,000,000","154,000,000","212,000,000","182,000,000","988,000,000","61,000,000","132,000,000","138,000,000","207,000,000","185,000,000","121,000,000","55,000,000","105,200,000","175,200,000","240,200,000","110,900,000","195,300,000","150,500,000","178,800,000","154,500,000","71,900,000","172,300,000","104,800,000","144,100,000","136,700,000","86,800,000","150,600,000","87,100,000","117,000,000","136,300,000","123,500,000","92,800,000","110,600,000","110,400,000","89,900,000","93,600,000","-53,900,000","67,600,000","59,200,000","33,000,000","28,770,000","43,623,000","71,907,000","70,500,000","108,411,000","245,304,000","148,004,000","59,503,000","75,120,000","78,580,000","66,029,000","39,358,000","36,310,000","23,269,000","47,544,000","23,196,000","37,115,000","29,100,000","24,937,000","20,658,000","32,252,000","26,325,000","22,968,000","12,192,000","29,010,000","21,983,000","22,944,000","16,047,000","26,509,000","24,059,000","21,269,000"
NormalizedIncome,"564,460,000","291,000,000","319,600,000","341,000,000","-373,000,000","237,333,333.333","20,000,000","19,000,000","15,000,000","-158,000,000","220,990,000","154,000,000","148,000,000","298,000,000","231,900,000","212,000,000","182,000,000","988,000,000","61,000,000","132,000,000","138,000,000","207,000,000","185,000,000","120,000,000","55,000,000","105,500,000","176,900,000","242,400,000","114,000,000","202,400,000","151,700,000","179,700,000","154,900,000","76,400,000","175,600,000","91,200,000","148,000,000","129,319,457.598","148,790,103.27","157,075,969.683","109,639,946.381","174,473,796.791","145,885,641.264","129,435,925.35","93,956,769.437","129,287,012.987","221,687,678.437","98,142,344.828","98,038,082.557","26,603,125","66,682,621.083","55,997,379.913","33,513,872.832","39,694,921.881","46,817,203.54","72,100,006.334","69,148,931.187","101,417,293.336","84,223,050.632","89,430,835.978","59,083,497.43","74,105,270.98","78,960,898.888","65,494,674.686","40,659,859.987","37,427,715.609","26,470,400","25,031,684.569","21,052,069.621","34,891,408.05","27,589,782.934","24,883,449.27","20,519,397.987","23,945,388.052","26,027,563.644","22,174,204.033","20,026,128.667","30,657,446.415","27,637,226.67","22,581,534.57","15,933,379.805","26,388,134.288","23,825,364.173","21,384,897.639"
InterestIncome,"2,000,000",,,,,,,,,,,,,,,,,,,,,,,,,,,,,,,,,,,,,,,,,,,,,,,"1,100,000","1,300,000","700,000","1,400,000","500,000","800,000",,,,,,,,,,,,,,,,,,,,,,,,,,,,,,,
InterestExpense,"216,000,000","47,000,000","46,000,000","48,000,000","74,000,000","87,000,000","84,000,000","88,000,000","80,000,000","147,000,000","95,000,000","72,000,000","75,000,000","89,000,000","80,000,000","73,000,000","72,000,000","92,000,000","84,000,000","91,000,000","93,000,000","119,000,000","98,000,000","93,000,000","93,000,000","90,300,000","35,600,000","35,800,000","37,400,000","52,100,000","37,700,000","41,900,000","41,100,000","53,800,000","43,700,000","49,400,000","51,700,000","61,300,000","54,000,000","56,600,000","59,400,000","70,500,000","60,500,000","65,800,000","68,000,000","71,300,000","60,900,000","19,300,000","28,300,000","37,000,000","33,200,000","31,800,000","32,000,000",,,,,,,,,,,,,,,,,,,,,,,,,,,,,,,
NetInterestIncome,"-214,000,000","-45,000,000","-46,000,000","-48,000,000","-74,000,000","-82,000,000","-84,000,000","-88,000,000","-80,000,000","-95,000,000","-95,000,000","-72,000,000","-75,000,000","-72,000,000","-80,000,000","-73,000,000","-72,000,000","-70,000,000","-84,000,000","-91,000,000","-93,000,000","-99,000,000","-98,000,000","-93,000,000","-93,000,000","-74,600,000","-35,600,000","-35,800,000","-37,400,000","-36,800,000","-37,700,000","-41,900,000","-41,100,000","-43,400,000","-43,700,000","-49,400,000","-51,700,000","-52,700,000","-54,000,000","-56,600,000","-59,400,000","-64,500,000","-60,500,000","-65,800,000","-68,000,000","-64,900,000","-60,900,000","-19,300,000","-28,300,000","-36,300,000","-31,800,000","-31,300,000","-31,200,000",,,,,,,,,,,,,,,,,,,,,,,,,,,,,,,
EBIT,"1,005,000,000","463,000,000","248,000,000","687,000,000","-394,000,000","189,000,000","227,000,000","120,000,000","69,000,000","-36,000,000","304,000,000","271,000,000","263,000,000","489,000,000","284,000,000","349,000,000","297,000,000","511,000,000","206,000,000","363,000,000","316,000,000","452,000,000","392,000,000","282,000,000","183,000,000","266,100,000","317,100,000","439,100,000","213,700,000","363,200,000","268,900,000","308,500,000","283,200,000","233,700,000","324,000,000","185,700,000","280,200,000","293,600,000","286,400,000","280,900,000","208,600,000","257,500,000","275,700,000","258,700,000","217,200,000","248,400,000","194,000,000","164,300,000","178,500,000","-55,800,000","138,500,000","123,400,000","83,900,000","90,629,000","125,750,000","174,123,000","171,778,000","229,257,000","178,897,000","183,934,000","164,158,000","164,909,000","169,492,000","152,716,000","104,810,000","64,368,000","50,028,000","43,377,000","37,052,000","58,862,000","47,053,000","42,650,000","35,546,000","52,519,000","43,523,000","37,402,000","20,956,000","48,559,000","37,291,000","38,318,000","27,781,000","46,358,000","42,721,000","35,850,000"
EBITDA,"5,020,000,000"
ReconciledCostOfRevenue,"8,682,000,000","2,251,000,000","2,178,000,000","2,135,000,000","2,118,000,000","2,110,000,000","2,104,000,000","2,046,000,000","2,089,000,000","1,987,000,000","1,838,000,000","1,404,000,000","1,381,000,000","1,377,000,000","1,364,000,000","1,414,000,000","1,414,000,000","1,504,000,000","1,483,000,000","1,612,000,000","1,582,000,000","1,553,000,000","1,527,000,000","1,600,000,000","1,553,000,000","1,232,600,000","1,021,300,000","1,069,000,000","1,070,300,000","1,117,200,000","1,075,100,000","1,092,800,000","1,050,000,000","1,054,800,000","994,600,000","1,028,200,000","1,008,000,000","1,007,500,000","968,800,000","981,100,000","1,010,300,000","1,010,200,000","984,300,000","1,007,500,000","996,000,000","956,800,000","897,300,000","912,200,000","907,200,000","1,000,200,000","600,500,000","602,700,000","594,300,000","652,605,000","661,995,000","962,964,000","928,555,000","931,788,000","838,912,000","842,946,000","813,316,000","814,932,000","772,580,000","719,718,000","622,337,000","202,826,000","201,997,000","196,466,000","190,292,000","192,663,000","186,142,000","209,564,000","198,293,000","193,472,000","182,256,000","180,977,000","176,057,000","183,264,000","179,132,000","188,936,000","179,108,000","163,166,000","150,651,000","144,479,000"
ReconciledDepreciation,"4,015,000,000","1,034,000,000","1,057,000,000","971,000,000","953,000,000","954,000,000","930,000,000","916,000,000","914,000,000","956,000,000","752,000,000","368,000,000","368,000,000","360,000,000","354,000,000","354,000,000","352,000,000","358,000,000","348,000,000","346,000,000","339,000,000","298,000,000","292,000,000","291,000,000","293,000,000","205,200,000","156,400,000","154,500,000","153,400,000","160,200,000","157,000,000","156,500,000","152,600,000","157,200,000","151,900,000","152,300,000","153,200,000","159,600,000","156,000,000","159,100,000","158,100,000","165,600,000","161,600,000","155,600,000","154,400,000","159,700,000","154,700,000","152,300,000","152,800,000","155,600,000","94,300,000","92,100,000","92,000,000","121,637,000","113,187,000","121,820,000","125,556,000","139,298,000","135,227,000","114,004,000","138,936,000","115,246,000","111,135,000","110,374,000","96,795,000","16,512,000","15,842,000","16,088,000","15,622,000","14,382,000","16,935,000","11,342,000","11,084,000","12,293,000","15,113,000","10,250,000","9,812,000","9,685,000","7,652,000","11,707,000","10,006,000","13,162,000","11,810,000",
NetIncomeFromContinuingOperationNetMinorityInterest,"417,000,000","291,000,000","158,000,000","341,000,000","-373,000,000","104,000,000","20,000,000","19,000,000","15,000,000","-158,000,000","154,000,000","154,000,000","148,000,000","298,000,000","154,000,000","212,000,000","182,000,000","988,000,000","61,000,000","132,000,000","138,000,000","207,000,000","185,000,000","120,000,000","55,000,000","105,500,000","176,900,000","242,400,000","114,000,000","202,400,000","151,700,000","179,700,000","154,900,000","76,400,000","175,600,000","91,200,000","148,000,000","145,300,000","147,800,000","155,800,000","95,800,000","123,000,000","145,400,000","129,300,000","96,100,000","121,300,000","134,300,000","90,200,000","94,700,000","-60,200,000","67,600,000","59,600,000","34,300,000","40,777,000","45,625,000","73,510,000","68,863,000","108,411,000","201,262,000","148,004,000","59,503,000","75,120,000","78,580,000","66,029,000","39,358,000","36,301,000","22,667,000","25,391,000","21,155,000","35,314,000","27,775,000","24,937,000","20,658,000","32,252,000","26,325,000","22,968,000","12,192,000","29,010,000","21,983,000","22,944,000","16,047,000","26,509,000","24,059,000","21,269,000"
TotalUnusualItemsExcludingGoodwill,"-202,000,000","0","-202,000,000",,,"-136,000,000","0",,,"0","-87,000,000",,,"0","-95,000,000",,,,,,,,,,,,,,,,,,,,,,,"24,200,000","-1,500,000","-1,800,000","-20,900,000","-75,200,000","-700,000","-200,000","3,300,000","-11,500,000","-137,000,000","-12,600,000","-5,300,000","-136,300,000","1,400,000","5,500,000","1,200,000","1,601,000","-1,884,000","2,183,000","-451,000","11,101,000","185,776,000","92,856,000","668,000","1,613,000","-593,000","866,000","-2,110,000","-1,837,000","-6,339,000","576,000","165,000","608,000","294,000","85,000","220,000","13,085,000","474,000","1,265,000","-12,485,000","-2,668,000","-9,214,000","587,000","184,000","201,000","383,000","-190,000"
TotalUnusualItems,"-202,000,000","0","-202,000,000",,,"-136,000,000","0",,,"0","-87,000,000",,,"0","-95,000,000",,,,,,,,,,,,,,,,,,,,,,,"24,200,000","-1,500,000","-1,800,000","-20,900,000","-75,200,000","-700,000","-200,000","3,300,000","-11,500,000","-137,000,000","-12,600,000","-5,300,000","-136,300,000","1,400,000","5,500,000","1,200,000","1,601,000","-1,884,000","2,183,000","-451,000","11,101,000","185,776,000","92,856,000","668,000","1,613,000","-593,000","866,000","-2,110,000","-1,837,000","-6,339,000","576,000","165,000","608,000","294,000","85,000","220,000","13,085,000","474,000","1,265,000","-12,485,000","-2,668,000","-9,214,000","587,000","184,000","201,000","383,000","-190,000"
NormalizedEBITDA,"5,222,000,000","1,497,000,000","1,507,000,000","1,658,000,000","559,000,000","1,279,000,000","1,157,000,000","1,036,000,000","983,000,000","920,000,000","1,143,000,000","639,000,000","631,000,000","849,000,000","733,000,000","703,000,000","649,000,000","869,000,000","554,000,000","709,000,000","655,000,000","750,000,000","684,000,000","573,000,000","476,000,000","471,300,000","473,500,000","593,600,000","367,100,000","523,400,000","425,900,000","465,000,000","435,800,000","390,900,000","475,900,000","338,000,000","433,400,000","429,000,000","443,900,000","441,800,000","387,600,000","498,300,000","438,000,000","414,500,000","368,300,000","419,600,000","485,700,000","329,200,000","336,600,000","236,100,000","231,400,000","210,000,000","174,700,000","210,665,000","240,821,000","293,760,000","297,785,000","357,454,000","128,348,000","205,082,000","302,426,000","278,542,000","281,220,000","262,224,000","203,715,000","82,717,000","72,209,000","58,889,000","52,509,000","72,636,000","63,694,000","53,907,000","46,410,000","51,727,000","58,162,000","46,387,000","43,253,000","60,912,000","54,157,000","49,438,000","37,603,000","59,319,000","54,148,000","36,040,000"
TaxRateForCalcs,"0.27","0.3","0.2","0.27","0.21","0.02","0.27","0.13","0.27","0.104","0.23","0.201","0.17","0.215","0.18","0.18","0.15","0.4","0.4","0.4","0.35","0.351","0.35","0.35","0.35","0.367","0.36","0.39","0.33","0.326","0.31","0.3","0.33","0.35","0.35","0.3","0.33","0.34","0.34","0.291","0.338","0.316","0.306","0.32","0.351","0.305","0.362","0.37","0.37","0.363","0.345","0.345","0.345","0.324","0.367","0.354","0.366","0.37","0.37","0.369","0.372","0.371","0.358","0.383","0.383","0.387","0.4","0.376","0.376","0.305","0.37","0.37","0.37","0.365","0.372","0.372","0.373","0.383","0.386","0.383","0.382","0.399","0.39","0.39"
TaxEffectOfUnusualItems,"-54,540,000","0","-40,400,000","0","0","-2,666,666.667","0","0","0","0","-20,010,000","0","0","0","-17,100,000","0","0","0","0","0","0","0","0","0","0","0","0","0","0","0","0","0","0","0","0","0","0","8,219,457.598","-509,896.73","-524,030.317","-7,060,053.619","-23,726,203.209","-214,358.736","-64,074.65","1,156,769.437","-3,512,987.013","-49,612,321.563","-4,657,655.172","-1,961,917.443","-49,496,875","482,621.083","1,897,379.913","413,872.832","518,921.881","-691,796.46","773,006.334","-165,068.813","4,107,293.336","68,737,050.632","34,282,835.978","248,497.43","598,270.98","-212,101.112","331,674.686","-808,140.013","-710,284.391","-2,535,600","216,684.569","62,069.621","185,408.05","108,782.934","31,449.27","81,397.987","4,778,388.052","176,563.644","471,204.033","-4,650,871.333","-1,020,553.585","-3,559,773.33","224,534.57","70,379.805","80,134.288","149,364.173","-74,102.361"