name,ttm,12/31/2021,09/30/2021,06/30/2021,03/31/2021,12/31/2020,09/30/2020,06/30/2020,03/31/2020,12/31/2019,09/30/2019,06/30/2019,03/31/2019,12/31/2018,09/30/2018,06/30/2018,03/31/2018,12/31/2017,09/30/2017,06/30/2017,03/31/2017,12/31/2016,09/30/2016,06/30/2016,03/31/2016,12/31/2015,09/30/2015,06/30/2015,03/31/2015,12/31/2014,09/30/2014,06/30/2014,03/31/2014,12/31/2013,09/30/2013,06/30/2013,03/31/2013,12/31/2012,09/30/2012,06/30/2012,03/31/2012,12/31/2011,09/30/2011,06/30/2011,03/31/2011,12/31/2010,09/30/2010,06/30/2010,03/31/2010,12/31/2009,09/30/2009,06/30/2009,03/31/2009,12/31/2008,09/30/2008,06/30/2008,03/31/2008,12/31/2007,09/30/2007,06/30/2007,03/31/2007,12/31/2006,09/30/2006,06/30/2006,03/31/2006,12/31/2005,09/30/2005,06/30/2005,03/31/2005,12/31/2004,09/30/2004,06/30/2004,03/31/2004,12/31/2003,09/30/2003,06/30/2003,03/31/2003,12/31/2002,09/30/2002,06/30/2002,03/31/2002,12/31/2001,09/30/2001,06/30/2001,03/31/2001,12/31/2000,09/30/2000,06/30/2000,03/31/2000,12/31/1999,09/30/1999,06/30/1999,03/31/1999,12/31/1998,09/30/1998,06/30/1998,03/31/1998,12/31/1997,09/30/1997,06/30/1997,03/31/1997,12/31/1996,09/30/1996,06/30/1996,03/31/1996,12/31/1995,09/30/1995,06/30/1995,03/31/1995,12/31/1994,09/30/1994,06/30/1994,03/31/1994,12/31/1993,09/30/1993,06/30/1993,03/31/1993,12/31/1992,09/30/1992,06/30/1992,03/31/1992,12/31/1991,09/30/1991,06/30/1991,03/31/1991,12/31/1990,09/30/1990,06/30/1990,03/31/1990,12/31/1989,09/30/1989,06/30/1989,03/31/1989,12/31/1988,09/30/1988,06/30/1988,03/31/1988,12/31/1987,09/30/1987,06/30/1987,03/31/1987,12/31/1986,09/30/1986,06/30/1986,03/31/1986,12/31/1985,09/30/1985
TotalRevenue,"16,226,000,000","4,257,000,000","4,163,000,000","4,051,000,000","3,755,000,000","3,832,000,000","3,786,000,000","3,465,000,000","3,769,000,000","4,045,000,000","3,128,000,000","1,512,000,000","1,502,000,000","1,551,000,000","1,412,000,000","1,420,000,000","1,440,000,000","1,516,000,000","1,400,000,000","1,386,000,000","1,394,000,000","1,431,000,000","1,380,000,000","1,363,000,000","1,331,000,000","1,368,000,000","1,313,000,000","1,298,000,000","1,275,000,000","1,316,000,000","1,263,000,000","1,253,000,000","1,234,000,000","1,263,000,000","1,201,000,000","1,198,000,000","1,152,000,000","1,156,000,000","1,118,000,000","1,100,000,000","1,108,000,000","1,161,000,000","1,063,000,000","1,065,000,000","1,048,000,000","1,078,000,000","1,025,000,000","1,022,000,000","1,008,000,000","1,062,000,000","992,000,000","1,032,000,000","1,044,000,000","1,061,000,000","1,080,000,000","1,295,000,000","1,310,000,000","383,136,000","1,173,747,000","1,180,136,000","1,219,419,000","1,197,741,000","1,156,545,000","1,093,197,000","1,096,668,000","1,078,293,000","1,011,645,000","996,426,000","973,114,000","888,152,000","958,094,000","946,020,000","937,480,000","791,505,000","796,052,000","738,615,000","707,498,000","668,861,000","635,672,000","632,426,000","631,928,000","496,736,000","467,173,000","472,646,000","453,912,000","434,581,000","406,189,000","416,434,000","396,402,000","374,545,000","352,700,000","343,300,000","337,100,000","339,100,000","309,500,000","311,200,000","273,800,000","269,400,000","238,300,000","238,400,000","206,500,000","210,500,000","196,600,000","196,500,000","194,700,000","195,800,000","176,900,000","173,500,000","152,600,000","152,500,000","139,400,000","135,800,000","135,900,000","127,400,000","116,400,000","111,200,000","99,700,000","84,800,000","83,700,000","82,300,000","81,300,000","79,800,000","82,400,000","71,400,000","47,700,000","47,100,000","46,300,000","45,400,000","44,400,000","43,900,000","41,000,000","40,100,000","39,100,000","37,800,000","36,200,000","27,100,000","23,900,000","22,600,000","21,000,000","21,400,000","20,500,000","20,000,000","19,100,000","15,700,000","15,600,000","10,600,000","7,400,000"
	OperatingRevenue,"16,226,000,000","4,257,000,000","4,163,000,000","4,051,000,000","3,755,000,000","3,832,000,000","3,786,000,000","3,465,000,000","3,769,000,000","4,045,000,000","3,128,000,000","1,512,000,000","1,502,000,000","1,551,000,000","1,412,000,000","1,420,000,000","1,440,000,000","1,516,000,000","1,400,000,000","1,386,000,000","1,394,000,000","1,431,000,000","1,380,000,000","1,363,000,000","1,331,000,000","1,368,000,000","1,313,000,000","1,298,000,000","1,275,000,000","1,316,000,000","1,263,000,000","1,253,000,000","1,234,000,000","1,263,000,000","1,201,000,000","1,198,000,000","1,152,000,000","1,156,000,000","1,118,000,000","1,100,000,000","1,108,000,000","1,161,000,000","1,063,000,000","1,065,000,000","1,048,000,000","1,078,000,000","1,025,000,000","1,022,000,000","1,008,000,000","1,062,000,000","992,000,000","1,032,000,000","1,044,000,000","1,061,000,000","1,080,000,000","1,295,000,000","1,310,000,000","383,136,000","1,173,747,000","1,180,136,000","1,219,419,000","1,197,741,000","1,156,545,000","1,093,197,000","1,096,668,000","1,078,293,000","1,011,645,000","996,426,000","973,114,000","888,152,000","958,094,000","946,020,000","937,480,000","791,505,000","796,052,000","738,615,000","707,498,000","668,861,000","635,672,000","632,426,000","631,928,000","496,736,000","467,173,000","472,646,000","453,912,000","434,581,000","406,189,000","416,434,000","396,402,000","374,545,000","352,700,000","343,300,000","337,100,000","339,100,000","309,500,000","311,200,000","273,800,000","269,400,000","238,300,000","238,400,000","206,500,000","210,500,000","196,600,000","196,500,000","194,700,000","195,800,000","176,900,000","173,500,000","152,600,000","152,500,000","139,400,000","135,800,000","135,900,000","127,400,000","116,400,000","111,200,000","99,700,000","84,800,000","83,700,000","82,300,000","81,300,000","79,800,000","82,400,000","71,400,000","47,700,000","47,100,000","46,300,000","45,400,000","44,400,000","43,900,000","41,000,000","40,100,000","39,100,000","37,800,000","36,200,000","27,100,000","23,900,000","22,600,000","21,000,000","21,400,000","20,500,000","20,000,000","19,100,000","15,700,000","15,600,000","10,600,000","7,400,000"
CostOfRevenue,"8,128,000,000","2,203,000,000","2,051,000,000","1,967,000,000","1,907,000,000","1,857,000,000","1,868,000,000","1,920,000,000","2,167,000,000","2,109,000,000","1,617,000,000","785,000,000","798,000,000","822,000,000","749,000,000","739,000,000","759,000,000","778,000,000","746,000,000","748,000,000","752,000,000","761,000,000","737,000,000","727,000,000","734,000,000","763,000,000","713,000,000","710,000,000","723,000,000","752,000,000","705,000,000","703,000,000","721,000,000","700,000,000","684,000,000","680,000,000","712,000,000","657,000,000","644,000,000","635,000,000","661,000,000","663,000,000","631,000,000","624,000,000","624,000,000","613,000,000","589,000,000","586,000,000","598,000,000","611,000,000","579,000,000","619,000,000","625,000,000","640,000,000","662,000,000","852,000,000","872,000,000","131,599,000","826,289,000","834,330,000","868,625,000","861,958,000","824,708,000","765,788,000","758,062,000","1,962,363,000","301,217,000","277,957,000","398,591,000",,,"254,620,000","392,862,000","460,399,000","290,866,000","180,768,000","167,942,000","-83,578,000","230,455,000","187,070,000","188,454,000","131,189,000","121,898,000","128,846,000","121,997,000","111,530,000","95,291,000","97,140,000","93,698,000","72,327,000","94,300,000","96,400,000","94,600,000","189,200,000","67,800,000","95,700,000","78,500,000","155,500,000","46,600,000","47,100,000","58,600,000","130,000,000","36,500,000","35,200,000","34,400,000","235,400,000","51,500,000","56,800,000","49,700,000",,,,"46,100,000","44,700,000","40,900,000","38,600,000","35,500,000","27,500,000","28,300,000","27,500,000","27,200,000","27,500,000","31,000,000","25,700,000","15,900,000","15,800,000","14,500,000","13,700,000","14,000,000","13,000,000","13,000,000","13,200,000","12,400,000",,,,,,,,,,,,,,
GrossProfit,"8,098,000,000","2,054,000,000","2,112,000,000","2,084,000,000","1,848,000,000","1,975,000,000","1,918,000,000","1,545,000,000","1,602,000,000","1,936,000,000","1,511,000,000","727,000,000","704,000,000","729,000,000","663,000,000","681,000,000","681,000,000","738,000,000","654,000,000","638,000,000","642,000,000","670,000,000","643,000,000","636,000,000","597,000,000","605,000,000","600,000,000","588,000,000","552,000,000","564,000,000","558,000,000","550,000,000","513,000,000","563,000,000","517,000,000","518,000,000","440,000,000","499,000,000","474,000,000","465,000,000","447,000,000","498,000,000","432,000,000","441,000,000","424,000,000","465,000,000","436,000,000","436,000,000","410,000,000","451,000,000","413,000,000","413,000,000","419,000,000","421,000,000","418,000,000","443,000,000","438,000,000","251,537,000","347,458,000","345,806,000","350,794,000","335,783,000","331,837,000","327,409,000","338,606,000","-884,070,000","710,428,000","718,469,000","574,523,000",,,"691,400,000","544,618,000","331,106,000","505,186,000","557,847,000","539,556,000","752,439,000","405,217,000","445,356,000","443,474,000","365,547,000","345,275,000","343,800,000","331,915,000","323,051,000","310,898,000","319,294,000","302,704,000","302,218,000","258,400,000","246,900,000","242,500,000","149,900,000","241,700,000","215,500,000","195,300,000","113,900,000","191,700,000","191,300,000","147,900,000","80,500,000","160,100,000","161,300,000","160,300,000","-39,600,000","125,400,000","116,700,000","102,900,000",,,,"89,800,000","82,700,000","75,500,000","72,600,000","64,200,000","57,300,000","55,400,000","54,800,000","54,100,000","52,300,000","51,400,000","45,700,000","31,800,000","31,300,000","31,800,000","31,700,000","30,400,000","30,900,000","28,000,000","26,900,000","26,700,000",,,,,,,,,,,,,,
OperatingExpense,"5,810,000,000","1,521,000,000","1,476,000,000","1,440,000,000","1,373,000,000","1,459,000,000","1,412,000,000","1,377,000,000","1,404,000,000","1,463,000,000","1,137,000,000","343,000,000","341,000,000","298,000,000","305,000,000","320,000,000","305,000,000","313,000,000","284,000,000","276,000,000","277,000,000","295,000,000","274,000,000","274,000,000","258,000,000","276,000,000","258,000,000","262,000,000","238,000,000","247,000,000","243,000,000","243,000,000","242,000,000","266,000,000","237,000,000","245,000,000","229,000,000","210,000,000","207,000,000","206,000,000","206,000,000","217,000,000","189,000,000","190,000,000","203,000,000","198,000,000","185,000,000","185,000,000","172,000,000","195,000,000","182,000,000","181,000,000","201,000,000","183,000,000","223,000,000","219,000,000","212,000,000","96,477,000","141,483,000","164,686,000","157,425,000","154,384,000","146,097,000","143,220,000","145,653,000","-1,082,686,000","538,909,000","531,224,000","386,507,000","-478,463,000","797,377,000","531,120,000","387,758,000","192,090,000","368,891,000","425,787,000","414,959,000","638,602,000","295,394,000","334,491,000","334,960,000","276,049,000","256,060,000","255,421,000","245,310,000","245,310,000","232,675,000","239,906,000","223,750,000","236,833,000","193,700,000","184,300,000","181,900,000","90,300,000","190,800,000","162,800,000","145,900,000","68,700,000","150,200,000","153,500,000","114,100,000","47,400,000","129,400,000","131,000,000","130,600,000","115,400,000","98,600,000","93,900,000","85,100,000","143,400,000","121,800,000","118,700,000","75,900,000","69,500,000","63,200,000","60,900,000","54,700,000","48,600,000","47,100,000","47,100,000","46,100,000","44,700,000","44,700,000","39,400,000","27,100,000","26,600,000","26,400,000","26,700,000","25,500,000","25,800,000","24,000,000","23,600,000","22,800,000",,,,,,,,,,,,,,
	SellingGeneralAndAdministration,"5,810,000,000","1,521,000,000","1,476,000,000","1,440,000,000","1,373,000,000","1,459,000,000","1,412,000,000","1,377,000,000","1,404,000,000","1,463,000,000","1,137,000,000","343,000,000","341,000,000","298,000,000","305,000,000","320,000,000","305,000,000","313,000,000","284,000,000","276,000,000","277,000,000","295,000,000","274,000,000","274,000,000","258,000,000","276,000,000","258,000,000","262,000,000","238,000,000","247,000,000","243,000,000","243,000,000","242,000,000","266,000,000","237,000,000","245,000,000","229,000,000","210,000,000","207,000,000","206,000,000","206,000,000","217,000,000","189,000,000","190,000,000","203,000,000","198,000,000","185,000,000","185,000,000","172,000,000","195,000,000","182,000,000","181,000,000","201,000,000","202,000,000","204,000,000","219,000,000","212,000,000","96,477,000","141,483,000","164,686,000","157,425,000","154,384,000","146,097,000","143,220,000","145,653,000","-950,234,000","494,626,000","486,078,000","343,484,000","-523,505,000","751,966,000","483,168,000","340,800,000","141,350,000","325,222,000","385,804,000","377,560,000","573,083,000","269,239,000","309,271,000","310,740,000","247,941,000","227,949,000","227,194,000","218,695,000","206,581,000","198,617,000","198,029,000","189,572,000","182,926,000","171,200,000","163,600,000","159,500,000","73,000,000","171,700,000","144,300,000","128,200,000","52,100,000","134,500,000","137,800,000","99,500,000","27,500,000","113,500,000","115,500,000","115,000,000","90,700,000","84,100,000","80,900,000","73,400,000",,,,"66,800,000","61,400,000","55,700,000","53,100,000","47,600,000","43,200,000","41,400,000","41,300,000","40,400,000","38,900,000","39,000,000","33,900,000","23,600,000","23,000,000","22,700,000","23,000,000","21,800,000","22,000,000","20,200,000","20,000,000","19,300,000",,,,,,,,,,,,,,
	DepreciationAmortizationDepletionIncomeStatement,,,,,,,,,,,,,,,,,,,,,,,,,,,,,,,,,,,,,,,,,,,,,,,,,,,,,,,,,,,,,,,,,,,"44,283,000","45,146,000","43,023,000","45,042,000","45,411,000","47,952,000","46,958,000","50,740,000","43,669,000","39,983,000","37,399,000","65,519,000","26,155,000","25,220,000","24,220,000","28,108,000","28,111,000","28,227,000","26,615,000","38,729,000","34,058,000","41,877,000","34,178,000","53,907,000","22,500,000","20,700,000","22,400,000","17,300,000","19,100,000","18,500,000","17,700,000","16,600,000","15,700,000","15,700,000","14,600,000","19,900,000","15,900,000","15,500,000","15,600,000","24,700,000","14,500,000","13,000,000","11,700,000",,,,"9,100,000","8,100,000","7,500,000","7,800,000","7,100,000","5,400,000","5,700,000","5,800,000","5,700,000","5,800,000","5,700,000","5,500,000","3,500,000","3,600,000","3,700,000","3,700,000","3,700,000","3,800,000","3,800,000","3,600,000","3,500,000",,,,,,,,,,,,,,
		DepreciationAndAmortizationInIncomeStatement,,,,,,,,,,,,,,,,,,,,,,,,,,,,,,,,,,,,,,,,,,,,,,,,,,,,,,,,,,,,,,,,,,,"44,283,000","45,146,000","43,023,000","45,042,000","45,411,000","47,952,000","46,958,000","50,740,000","43,669,000","39,983,000","37,399,000","65,519,000","26,155,000","25,220,000","24,220,000","28,108,000","28,111,000","28,227,000","26,615,000","38,729,000","34,058,000","41,877,000","34,178,000","53,907,000","22,500,000","20,700,000","22,400,000","17,300,000","19,100,000","18,500,000","17,700,000","16,600,000","15,700,000","15,700,000","14,600,000","19,900,000","15,900,000","15,500,000","15,600,000","24,700,000","14,500,000","13,000,000","11,700,000",,,,"9,100,000","8,100,000","7,500,000","7,800,000","7,100,000","5,400,000","5,700,000","5,800,000","5,700,000","5,800,000","5,700,000","5,500,000","3,500,000","3,600,000","3,700,000","3,700,000","3,700,000","3,800,000","3,800,000","3,600,000","3,500,000",,,,,,,,,,,,,,
			DepreciationIncomeStatement,,,,,,,,,,,,,,,,,,,,,,,,,,,,,,,,,,,,,,,,,,,,,,,,,,,,,,,,,,,,,,,,,,,,,,,,,,,,,,,,,,"20,094,000","19,544,000","18,758,000","18,305,000",,,,,,,,,,,,,,,,,,,,,,,,,,,,,,,,,,,,,,,,,,,,,,,,,,,,,,,,,,,,,,
			Amortization,,,,,,,,,,,,,,,,,,,,,,,,,,,,,,,,,,,,,,,,,,,,,,,,,,,,,,,,,,,,,,,,,,,,,,,,,,,,,,,,,,"8,014,000","8,567,000","9,469,000","8,310,000",,,,,,,,,,,,,,,,,,,,,,,,,,,,,,,,,,,,,,,,,,,,,,,,,,,,,,,,,,,,,,
				AmortizationOfIntangiblesIncomeStatement,,,,,,,,,,,,,,,,,,,,,,,,,,,,,,,,,,,,,,,,,,,,,,,,,,,,,,,,,,,,,,,,,,,,,,,,,,,,,,,,,,"8,014,000","8,567,000","9,469,000","8,310,000",,,,,,,,,,,,,,,,,,,,,,,,,,,,,,,,,,,,,,,,,,,,,,,,,,,,,,,,,,,,,,
	OtherOperatingExpenses,,,,,,,,,,,,,,,,,,,,,,,,,,,,,,,,,,,,,,,,,,,,,,,,,,,,,,,"19,000,000",,,,,,,,,,,,,,,,,,,,,,,,,,,,,,,,,,,,,,,,,,,,,,,,,,,,,,,,,,,,,,,,,,,,,,,,,,,,,,,,,,,,,,,,,,,,
OperatingIncome,"2,288,000,000","533,000,000","636,000,000","644,000,000","475,000,000","516,000,000","506,000,000","168,000,000","198,000,000","473,000,000","374,000,000","384,000,000","363,000,000","431,000,000","358,000,000","361,000,000","376,000,000","425,000,000","370,000,000","362,000,000","365,000,000","375,000,000","369,000,000","362,000,000","339,000,000","329,000,000","342,000,000","326,000,000","314,000,000","317,000,000","315,000,000","307,000,000","271,000,000","297,000,000","280,000,000","273,000,000","211,000,000","289,000,000","267,000,000","259,000,000","241,000,000","281,000,000","243,000,000","251,000,000","221,000,000","267,000,000","251,000,000","251,000,000","238,000,000","256,000,000","231,000,000","232,000,000","218,000,000","238,000,000","195,000,000","224,000,000","226,000,000","155,060,000","205,975,000","181,120,000","193,369,000","181,399,000","185,740,000","184,189,000","192,953,000","198,616,000","171,519,000","187,245,000","188,016,000","181,703,000","160,717,000","160,280,000","156,860,000","139,016,000","136,295,000","132,060,000","124,597,000","113,837,000","109,823,000","110,865,000","108,514,000","89,498,000","89,215,000","88,379,000","86,605,000","77,741,000","78,223,000","79,388,000","78,954,000","65,385,000","64,700,000","62,600,000","60,600,000","59,600,000","50,900,000","52,700,000","49,400,000","45,200,000","41,500,000","37,800,000","33,800,000","33,100,000","30,700,000","30,300,000","29,700,000","-155,000,000","26,800,000","22,800,000","17,800,000","9,100,000","17,600,000","17,100,000","13,900,000","13,200,000","12,300,000","11,700,000","9,500,000","8,700,000","8,300,000","7,700,000","8,000,000","7,600,000","6,700,000","6,300,000","4,700,000","4,700,000","5,400,000","5,000,000","4,900,000","5,100,000","4,000,000","3,300,000","3,900,000","-76,400,000","36,200,000","27,100,000","23,900,000","-54,100,000","21,000,000","21,400,000","20,500,000","-44,600,000","19,100,000","15,700,000","15,600,000","-16,100,000","7,400,000"
NetNonOperatingInterestIncomeExpense,"-693,000,000","-170,000,000","-172,000,000","-175,000,000","-176,000,000","-174,000,000","-174,000,000","-174,000,000","-187,000,000","-194,000,000","-115,000,000","-101,000,000","-118,000,000","-56,000,000","-47,000,000","-45,000,000","-45,000,000","-45,000,000","-45,000,000","-42,000,000","-42,000,000","-42,000,000","-41,000,000","-40,000,000","-47,000,000","-39,000,000","-41,000,000","-49,000,000","-40,000,000","-41,000,000","-41,000,000","-40,000,000","-41,000,000","-40,000,000","-41,000,000","-41,000,000","-41,000,000","-38,000,000","-48,000,000","-44,000,000","-43,000,000","-44,000,000","-45,000,000","-48,000,000","-45,000,000","-48,000,000","-49,000,000","-46,000,000","-45,000,000","-51,000,000","-52,000,000","-55,000,000","-54,000,000",,,,,,,,,,,,,,,,,,,,,,,,,,,,,,,,,,,,,,,,,,,,,,,,,,,,,,,,,,,,,,,,,,,,,,,,,,,,,,,,,,,,,,,,,,,,,,
	InterestIncomeNonOperating,"3,000,000","0","1,000,000","1,000,000","1,000,000",,,,,,,,,,,,,"0","0","2,000,000","0","0","0","0","-7,000,000",,"0","0","1,000,000","0","0","1,000,000",,"1,000,000","0","0",,"1,000,000","0",,,,,,,,,,,,,,,,,,,,,,,,,,,,,,,,,,,,,,,,,,,,,,,,,,,,,,,,,,,,,,,,,,,,,,,,,,,,,,,,,,,,,,,,,,,,,,,,,,,,,,,,,,,,
	InterestExpenseNonOperating,"696,000,000","170,000,000","173,000,000","176,000,000","177,000,000","174,000,000","174,000,000","174,000,000","187,000,000","194,000,000","164,000,000","64,000,000","59,000,000","56,000,000","47,000,000","45,000,000","45,000,000","45,000,000","45,000,000","44,000,000","42,000,000","42,000,000","41,000,000","40,000,000","47,000,000","38,000,000","41,000,000","49,000,000","41,000,000","41,000,000","41,000,000","41,000,000","41,000,000","41,000,000","41,000,000","41,000,000","41,000,000","39,000,000","48,000,000","44,000,000","43,000,000","50,000,000","45,000,000","48,000,000","45,000,000","58,000,000","49,000,000","46,000,000","45,000,000","59,000,000","52,000,000","55,000,000","54,000,000",,,,,,,,,,,,,,,,,,,,,,,,,,,,,,,,,,,,,,,,,,,,,,,,,,,,,,,,,,,,,,,,,,,,,,,,,,,,,,,,,,,,,,,,,,,,,,
	TotalOtherFinanceCost,,,,,,,,,,"0","-49,000,000","37,000,000","59,000,000",,,,,,,,,,,,,,,,,,,,,,,,,,,,,,,,,,,,,,"52,000,000","55,000,000",,,,,,,,,,,,,,,,,,,,,,,,,,,,,,,,,,,,,,,,,,,,,,,,,,,,,,,,,,,,,,,,,,,,,,,,,,,,,,,,,,,,,,,,,,,,,,,
OtherIncomeExpense,"71,000,000","35,000,000","14,000,000","1,000,000","21,000,000","-6,000,000","49,000,000","-2,000,000","451,000,000","-1,000,000","-3,000,000","8,000,000","13,000,000","-3,000,000","-7,000,000",,"232,000,000","0",,"10,000,000",,,,,,"0",,"-85,000,000",,,,,,,,,,,,"6,000,000",,"0","-24,000,000","-61,000,000",,,,,,,,,"1,000,000","-46,000,000","22,000,000",,,,,,,,,,,"43,370,000",,,"43,452,000",,,,,,,,,"512,000","426,000","567,000","915,000","1,077,000","1,000,000","1,506,000","1,821,000","1,983,000","2,907,000","2,928,000",,,,,,,"2,100,000",,,,"600,000","1,000,000","500,000",,"300,000","700,000","800,000","1,000,000","1,900,000","1,900,000","1,600,000",,,,"2,100,000","1,800,000","1,700,000","1,700,000","2,000,000","1,600,000","1,800,000","1,900,000","1,500,000","1,100,000","1,500,000","1,700,000","1,900,000","1,500,000","600,000","800,000","500,000","500,000","1,300,000","1,600,000","1,000,000",,,,,,,,,,,,,,
	EarningsFromEquityInterest,,,,,,,,,,,,,,,,,,,,,,,,,,,,,,,,,,,,,,,,,,,,,,,,,,,,,"1,000,000",,"3,000,000",,,,,,,,,,,,,,,,,,,,,,,,,,,,,,,,,,,,,,,,,,,,,,,,,,,,,,,,,,,,,,,,,,,,,,,,,,,,,,,,,,,,,,,,,,,,
	SpecialIncomeCharges,"0","0","0","0","0","0","36,000,000","-3,000,000","431,000,000","5,000,000","0","0","10,000,000","-6,000,000","-10,000,000","-3,000,000","232,000,000","0","0","10,000,000",,"0","0","0",,"0","0","-85,000,000",,,,,,,,,,"0","0","6,000,000",,"0","-24,000,000","-61,000,000",,,"0","0",,"0","0",,,"-43,000,000","19,000,000",,,,,,,,,,,"43,370,000",,,"43,452,000",,,,,,,,,"512,000","426,000","567,000","915,000","1,077,000","1,000,000","1,506,000","1,821,000","1,983,000","2,907,000","2,928,000",,,,,,,"2,100,000",,,,"600,000","1,000,000","500,000",,"300,000","700,000","800,000","1,000,000","1,900,000","1,900,000","1,600,000",,,,"2,100,000","1,800,000","1,700,000","1,700,000","2,000,000","1,600,000","1,800,000","1,900,000","1,500,000","1,100,000","1,500,000","1,700,000","1,900,000","1,500,000","600,000","800,000","500,000","500,000","1,300,000","1,600,000","1,000,000",,,,,,,,,,,,,,
		RestructuringAndMergernAcquisition,,,,,,,,,,,,,,,,,,,,,,,,,,,,,,,,,,,,,,,,,,,,,,,,,,,,,,,"-19,000,000",,,,,,,,,,,,,,,,,,,,,,,,,,,,,,,,,,,,,,,,,,,,,,,,,,,,,,,,,,,,,,,,,,,,,,,,,,,,,,,,,,,,,,,,,,,,
		OtherSpecialCharges,,,,,,,,,,,,,,"6,000,000","8,000,000",,,,,,,,,,,"0",,"85,000,000",,,,,,,,,,,,,,,,,,,,,,,,,,,,,,,,,,,,,,,,,,,,,,,,,,,,,,,,,,,,,,,,,,,,,,,,,,,,,,,,,,,,,,,,,,,,,,,,,,,,,,,,,,,,,,,,,,,,,,,
		GainOnSaleOfBusiness,"0","0","0","0","0","0","36,000,000","-3,000,000","431,000,000","5,000,000","0","0","10,000,000","0","-2,000,000","-3,000,000","232,000,000","0","0","10,000,000",,,,,,,,,,,,,,,,,,,,,,,,,,,,,,"0","0",,,,,,,,,,,,,,,,,,,,,,,,,,,,,,,,,,,,,,,,,,,,,,,,,,,,,,,,,,,,,,,,,,,,,,,,,,,,,,,,,,,,,,,,,,,,,,,,
	OtherNonOperatingIncomeExpenses,"71,000,000","35,000,000","14,000,000","1,000,000","21,000,000","-6,000,000","13,000,000","1,000,000","20,000,000","-6,000,000","-3,000,000","8,000,000","3,000,000","3,000,000","3,000,000","3,000,000",,,,,,,,,,,,,,,,,,,,,,,,,,,,,,,,,,,,,,,,,,,,,,,,,,,,,,,,,,,,,,,,,,,,,,,,,,,,,,,,,,,,,,,,,,,,,,,,,,,,,,,,,,,,,,,,,,,,,,,,,,,,,,,,,,,
PretaxIncome,"1,666,000,000","398,000,000","478,000,000","470,000,000","320,000,000","336,000,000","381,000,000","-8,000,000","462,000,000","278,000,000","256,000,000","291,000,000","258,000,000","372,000,000","304,000,000","316,000,000","563,000,000","380,000,000","325,000,000","330,000,000","323,000,000","333,000,000","328,000,000","322,000,000","292,000,000","290,000,000","301,000,000","192,000,000","274,000,000","276,000,000","274,000,000","267,000,000","230,000,000","257,000,000","239,000,000","232,000,000","170,000,000","251,000,000","219,000,000","221,000,000","198,000,000","237,000,000","174,000,000","142,000,000","176,000,000","193,000,000","202,000,000","205,000,000","193,000,000","205,000,000","179,000,000","177,000,000","164,000,000","116,000,000","176,000,000","162,000,000","158,000,000","119,269,000","193,321,000","169,675,000","184,981,000","172,270,000","175,753,000","175,415,000","186,847,000","236,090,000","168,090,000","185,965,000","227,806,000","177,122,000","156,322,000","155,794,000","152,128,000","134,384,000","131,823,000","128,586,000","121,620,000","111,849,000","108,445,000","109,254,000","106,742,000","88,057,000","87,714,000","86,648,000","84,609,000","74,736,000","75,835,000","76,316,000","73,148,000","59,175,000","59,700,000","58,200,000","56,600,000","50,100,000","49,000,000","48,600,000","46,100,000","41,000,000","39,300,000","35,300,000","30,700,000","27,300,000","26,600,000","25,800,000","24,900,000","-160,200,000","22,200,000","20,300,000","17,700,000","16,800,000","15,900,000","15,600,000","14,500,000","13,800,000","13,200,000","12,400,000","10,600,000","9,700,000","9,500,000","9,200,000","8,900,000","8,000,000","7,700,000","6,900,000","6,100,000","5,700,000","5,600,000","5,300,000","4,900,000","5,000,000","4,700,000","4,600,000","4,300,000",,,,,,,,,,,,,,
TaxProvision,"363,000,000","63,000,000","54,000,000","228,000,000","18,000,000","20,000,000","124,000,000","-27,000,000","79,000,000","54,000,000","53,000,000","60,000,000","31,000,000","88,000,000","78,000,000","72,000,000","140,000,000","-151,000,000","98,000,000","109,000,000","102,000,000","119,000,000","114,000,000","110,000,000","149,000,000","98,000,000","117,000,000","66,000,000","96,000,000","97,000,000","120,000,000","101,000,000","66,000,000","110,000,000","79,000,000","81,000,000","58,000,000","94,000,000","80,000,000","61,000,000","68,000,000","88,000,000","55,000,000","49,000,000","64,000,000","77,000,000","73,000,000","78,000,000","73,000,000","79,000,000","60,000,000","67,000,000","63,000,000","48,000,000","105,000,000","63,000,000","61,000,000","44,934,000","73,371,000","65,032,000","71,418,000","66,324,000","65,665,000","64,435,000","70,636,000","87,714,000","58,751,000","71,968,000","88,161,000","62,413,000","63,965,000","60,760,000","59,330,000","52,410,000","51,411,000","50,148,000","47,432,000","43,621,000","42,294,000","42,609,000","41,629,000","35,223,000","35,085,000","34,659,000","33,844,000","30,641,000","31,093,000","31,289,000","29,991,000","24,307,000","24,500,000","23,900,000","23,200,000","20,500,000","20,100,000","19,900,000","18,900,000","16,800,000","16,100,000","14,500,000","12,600,000","11,200,000","10,900,000","10,600,000","10,200,000","-64,000,000","9,100,000","8,300,000","7,300,000","6,700,000","6,400,000","6,200,000","5,800,000","5,500,000","5,300,000","4,700,000","3,800,000","3,700,000","3,600,000","3,500,000","3,400,000","2,900,000","2,800,000","2,500,000","2,200,000","2,000,000","2,000,000","1,900,000","1,800,000","1,900,000","1,800,000","1,800,000","1,700,000",,,,,,,,,,,,,,
EarningsFromEquityInterestNetOfTax,"100,000,000","20,000,000","22,000,000","42,000,000","16,000,000","-3,000,000","19,000,000","-10,000,000","-6,000,000","17,000,000","22,000,000","-8,000,000","-2,000,000","2,000,000","1,000,000","7,000,000","0","1,000,000","5,000,000","0","26,000,000","1,000,000","0","0","146,000,000","-3,000,000","34,000,000","1,000,000","0","2,000,000","85,000,000","0","4,000,000","73,000,000","1,000,000","1,000,000","5,000,000","2,000,000","3,000,000","3,000,000","3,000,000","4,000,000","8,000,000","4,000,000","2,000,000","3,000,000","5,000,000","3,000,000","3,000,000","2,000,000","5,000,000","4,000,000",,,,,,,,,,,,,,,,,,,,,,,,,,,,,,,,,,,,,,,,,,,,,,,,,,,,,,,,,,,,,,,,,,,,,,,,,,,,,,,,,,,,,,,,,,,,,,,
NetIncomeCommonStockholders,"1,334,000,000","333,000,000","428,000,000","269,000,000","304,000,000","300,000,000","264,000,000","2,000,000","392,000,000","247,000,000","198,000,000","223,000,000","225,000,000","286,000,000","227,000,000","251,000,000","423,000,000","546,000,000","232,000,000","221,000,000","247,000,000","215,000,000","214,000,000","212,000,000","289,000,000","189,000,000","218,000,000","127,000,000","178,000,000","181,000,000","239,000,000","166,000,000","168,000,000","221,000,000","159,000,000","151,000,000","117,000,000","179,000,000","139,000,000","161,000,000","132,000,000","143,000,000","127,000,000","90,000,000","112,000,000","116,000,000","132,000,000","127,000,000","121,000,000","118,000,000","115,000,000","140,000,000","103,000,000","62,000,000","78,000,000","99,000,000","329,000,000","96,326,000","120,875,000","108,236,000","113,563,000","105,946,000","110,088,000","117,669,000","116,211,000","150,476,000","112,939,000","113,997,000","139,026,000","97,453,000","92,357,000","95,034,000","92,798,000","81,974,000","80,412,000","78,438,000","74,188,000","68,228,000","66,151,000","66,645,000","65,113,000","52,834,000","52,629,000","51,989,000","50,765,000","44,095,000","44,742,000","45,027,000","43,157,000","34,868,000","35,200,000","34,300,000","33,400,000","29,600,000","28,900,000","28,700,000","27,200,000","24,200,000","23,200,000","20,800,000","18,100,000","16,100,000","15,700,000","15,200,000","14,700,000","-96,200,000","13,100,000","12,000,000","10,400,000","10,100,000","9,500,000","9,400,000","8,700,000","8,300,000","7,900,000","7,700,000","6,800,000","6,000,000","5,900,000","5,700,000","5,500,000","5,100,000","4,900,000","4,400,000","3,900,000","3,700,000","3,600,000","3,400,000","3,100,000","3,100,000","2,900,000","2,800,000","2,600,000",,,,,,,,,,,,,,
	NetIncome,"1,334,000,000","333,000,000","428,000,000","269,000,000","304,000,000","300,000,000","264,000,000","2,000,000","392,000,000","247,000,000","198,000,000","223,000,000","225,000,000","286,000,000","227,000,000","251,000,000","423,000,000","546,000,000","232,000,000","221,000,000","247,000,000","215,000,000","214,000,000","212,000,000","289,000,000","189,000,000","218,000,000","127,000,000","178,000,000","181,000,000","239,000,000","166,000,000","168,000,000","221,000,000","159,000,000","151,000,000","117,000,000","179,000,000","139,000,000","161,000,000","132,000,000","143,000,000","127,000,000","90,000,000","112,000,000","116,000,000","132,000,000","127,000,000","121,000,000","118,000,000","115,000,000","140,000,000","103,000,000","62,000,000","78,000,000","99,000,000","329,000,000","96,326,000","120,875,000","108,236,000","113,563,000","105,946,000","110,088,000","117,669,000","116,211,000","150,476,000","112,939,000","113,997,000","139,026,000","97,453,000","92,357,000","95,034,000","92,798,000","81,974,000","80,412,000","78,438,000","74,188,000","68,228,000","66,151,000","66,645,000","65,113,000","52,834,000","52,629,000","51,989,000","50,765,000","44,095,000","44,742,000","45,027,000","43,157,000","34,868,000","35,200,000","34,300,000","33,400,000","29,600,000","28,900,000","28,700,000","27,200,000","24,200,000","23,200,000","20,800,000","18,100,000","16,100,000","15,700,000","15,200,000","14,700,000","-96,200,000","13,100,000","12,000,000","10,400,000","10,100,000","9,500,000","9,400,000","8,700,000","8,300,000","7,900,000","7,700,000","6,800,000","6,000,000","5,900,000","5,700,000","5,500,000","5,100,000","4,900,000","4,400,000","3,900,000","3,700,000","3,600,000","3,400,000","3,100,000","3,100,000","2,900,000","2,800,000","2,600,000",,,,,,,,,,,,,,
		NetIncomeIncludingNoncontrollingInterests,"1,403,000,000","355,000,000","446,000,000","284,000,000","318,000,000","313,000,000","276,000,000","9,000,000","377,000,000","241,000,000","225,000,000","223,000,000","225,000,000","286,000,000","227,000,000","251,000,000","423,000,000","546,000,000","232,000,000","221,000,000","247,000,000","215,000,000","214,000,000","212,000,000","289,000,000","189,000,000","218,000,000","127,000,000","178,000,000","181,000,000","239,000,000","166,000,000","168,000,000","221,000,000","159,000,000","151,000,000","117,000,000","179,000,000","139,000,000","161,000,000","132,000,000","143,000,000","127,000,000","90,000,000","112,000,000","116,000,000","132,000,000","127,000,000","121,000,000","118,000,000","115,000,000","140,000,000","103,000,000","62,000,000","78,000,000","99,000,000","329,000,000","96,326,000","120,875,000","108,236,000","113,563,000","105,946,000","110,088,000","117,669,000","116,211,000","150,476,000","112,939,000","113,997,000","139,026,000","97,453,000","92,357,000","95,034,000","92,798,000","81,974,000","80,412,000","78,438,000","74,188,000","68,228,000","66,151,000","66,645,000","65,113,000","52,834,000","52,629,000","51,989,000","50,765,000","44,095,000","44,742,000","45,027,000","43,157,000","34,868,000","35,200,000","34,300,000","33,400,000","29,600,000","28,900,000","28,700,000","27,200,000","24,200,000","23,200,000","20,800,000","18,100,000","16,100,000","15,700,000","15,200,000","14,700,000","-96,200,000","13,100,000","12,000,000","10,400,000","10,100,000","9,500,000","9,400,000","8,700,000","8,300,000","7,900,000","7,700,000","6,800,000","6,000,000","5,900,000","5,700,000","5,500,000","5,100,000","4,900,000","4,400,000","3,900,000","3,700,000","3,600,000","3,400,000","3,100,000","3,100,000","2,900,000","2,800,000","2,600,000","2,400,000","2,400,000","2,200,000","2,100,000","2,000,000","1,800,000","1,700,000","1,700,000","1,400,000","1,100,000","1,200,000","1,100,000","100,000","100,000"
			NetIncomeContinuousOperations,"1,403,000,000","355,000,000","446,000,000","284,000,000","318,000,000","313,000,000","276,000,000","9,000,000","377,000,000","241,000,000","225,000,000","223,000,000","225,000,000","286,000,000","227,000,000","251,000,000","423,000,000","532,000,000","232,000,000","221,000,000","247,000,000","215,000,000","214,000,000","212,000,000","289,000,000","189,000,000","218,000,000","127,000,000","178,000,000","181,000,000","239,000,000","166,000,000","168,000,000","220,000,000","161,000,000","152,000,000","117,000,000","159,000,000","142,000,000","163,000,000","133,000,000","153,000,000","127,000,000","97,000,000","114,000,000","119,000,000","134,000,000","130,000,000","123,000,000","128,000,000","124,000,000","114,000,000","102,000,000","71,000,000","74,000,000","99,000,000","97,000,000","74,335,000","119,950,000","104,643,000","113,563,000","105,946,000","110,088,000","110,980,000","116,211,000","148,376,000","109,339,000","113,997,000","139,645,000","114,709,000","92,357,000","95,034,000","92,798,000","81,974,000","80,412,000","78,438,000","74,188,000","68,228,000","66,151,000","66,645,000","65,113,000","52,834,000","52,629,000","51,989,000","50,765,000","44,095,000","44,742,000","45,027,000","43,157,000","34,868,000","35,200,000","34,300,000","33,400,000","29,600,000","28,900,000","28,700,000","27,200,000","24,200,000","23,200,000","20,800,000","18,100,000","16,100,000","15,700,000","15,200,000","14,700,000","-96,200,000","13,100,000","12,000,000","10,400,000","10,100,000","9,500,000","9,400,000","8,700,000","8,300,000","7,900,000","7,700,000","6,800,000","6,000,000","5,900,000","5,700,000","5,500,000","5,100,000","4,900,000","4,400,000","3,900,000","3,700,000","3,600,000","3,400,000","3,100,000","3,100,000","2,900,000","2,800,000","2,600,000","2,400,000","2,400,000","2,200,000","2,100,000","2,000,000","1,800,000","1,700,000","1,700,000","1,400,000","1,100,000","1,200,000","1,100,000","100,000","100,000"
			NetIncomeDiscontinuousOperations,,,,,,,,,,,,,,"0",,,,"14,000,000",,,,,,,,"0","0","0","0","0","0","0","0","1,000,000","-2,000,000","-1,000,000","0","20,000,000","-3,000,000","-2,000,000","-1,000,000","-10,000,000","0","-7,000,000","-2,000,000","-3,000,000","-2,000,000","-3,000,000","-2,000,000","-10,000,000","-9,000,000","26,000,000","1,000,000","-9,000,000","4,000,000",,"232,000,000","21,991,000","925,000","3,593,000",,"0",,"6,689,000",,"2,100,000","3,600,000",,"-619,000",,,,,,,,,,,,,,,,,,,,,,,,,,,,,,,,,,,,,,,,,,,,,,,,,,,,,,,,,,,,,,,,,,,,,,,,,,,,,,
		MinorityInterests,"-69,000,000","-22,000,000","-18,000,000","-15,000,000","-14,000,000","-13,000,000","-12,000,000","-7,000,000","15,000,000","6,000,000","-27,000,000",,,,,,,,,,,,,,,,,,,,,,,,,,,,,,,,,,,,,,,,,,,,,,,,,,,,,,,,,,,,,,,,,,,,,,,,,,,,,,,,,,,,,,,,,,,,,,,,,,,,,,,,,,,,,,,,,,,,,,,,,,,,,,,,,,,,,,,,
DilutedNIAvailtoComStockholders,"1,334,000,000","333,000,000","428,000,000","269,000,000","304,000,000","300,000,000","264,000,000","2,000,000","392,000,000","247,000,000","198,000,000","223,000,000","225,000,000","286,000,000","227,000,000","251,000,000","423,000,000","546,000,000","232,000,000","221,000,000","247,000,000","215,000,000","214,000,000","212,000,000","289,000,000","189,000,000","218,000,000","127,000,000","178,000,000","181,000,000","239,000,000","166,000,000","168,000,000","221,000,000","159,000,000","151,000,000","117,000,000","179,000,000","139,000,000","161,000,000","132,000,000","143,000,000","127,000,000","90,000,000","112,000,000","116,000,000","132,000,000","127,000,000","121,000,000","118,000,000","115,000,000","140,000,000","103,000,000","62,000,000","78,000,000","99,000,000","329,000,000","96,326,000","120,875,000","108,236,000","113,563,000","105,946,000","110,088,000","117,669,000","116,211,000","150,476,000","112,939,000","113,997,000","139,026,000","97,453,000","92,357,000","95,034,000","92,798,000","81,974,000","80,412,000","78,438,000","74,188,000","68,228,000","66,151,000","66,645,000","65,113,000","52,834,000","52,629,000","51,989,000","50,765,000","44,095,000","44,742,000","45,027,000","43,157,000","34,868,000","35,200,000","34,300,000","33,400,000","29,600,000","28,900,000","28,700,000","27,200,000","24,200,000","23,200,000","20,800,000","18,100,000","16,100,000","15,700,000","15,200,000","14,700,000","-96,200,000","13,100,000","12,000,000","10,400,000","10,100,000","9,500,000","9,400,000","8,700,000","8,300,000","7,900,000","7,700,000","6,800,000","6,000,000","5,900,000","5,700,000","5,500,000","5,100,000","4,900,000","4,400,000","3,900,000","3,700,000","3,600,000","3,400,000","3,100,000","3,100,000","2,900,000","2,800,000","2,600,000",,,,,,,,,,,,,,
BasicEPS,,"0.512","0.648","0.407","0.456","0.448","0.394","0.003","0.582","0.363","0.291","0.568","0.574","0.729","0.566","0.618","1.029","1.315","0.556","0.524","0.58","0.499","0.49","0.481","0.648","0.419","0.475","0.27","0.374","0.377","0.487","0.333","0.334","0.43","0.307","0.288","0.22","0.335","0.26","0.297","0.24",,"0.225","0.159","0.195",,"0.221","0.212","0.198",,"0.187","0.225","0.165",,"0.12","0.153","0.5",,"0.183","0.163","0.168",,"0.158","0.168","0.163",,"0.15","0.15","0.18",,"0.118","0.123","0.12",,"0.105","0.103","0.098",,"0.085","0.088","0.085",,"0.07","0.07","0.068",,"0.06","0.062","0.058",,"0.048","0.047","0.045",,"0.038","0.038","0.038",,"0.032","0.03","0.032",,"0.028","0.03","0.028",,"0.022","0.022","0.018",,"0.018","0.018","0.017",,"0.015","0.015","0.015",,"0.012","0.012","0.012",,"0.01","0.01","0.01",,"0.008","0.008","0.008",,"0.008","0.008","0.007",,"0.007","0.005","0.005",,"0.005","0.005","0.005",,"0.003","0.005","0.003",,"0.002"
DilutedEPS,,"0.5","0.64","0.4","0.45","0.44","0.39","0.003","0.57","0.36","0.291","0.56","0.56","0.71","0.55","0.6","1","1.285","0.54","0.51","0.565","0.49","0.48","0.47","0.635","0.405","0.46","0.265","0.365","0.365","0.475","0.325","0.325","0.43","0.303","0.283","0.215","0.33","0.255","0.293","0.235",,"0.223","0.155","0.19",,"0.218","0.208","0.198",,"0.185","0.225","0.165",,"0.12","0.15","0.498",,"0.183","0.16","0.165",,"0.158","0.165","0.16",,"0.15","0.148","0.178",,"0.118","0.12","0.118",,"0.103","0.1","0.095",,"0.085","0.085","0.083",,"0.068","0.068","0.067",,"0.058","0.06","0.057",,"0.047","0.045","0.043",,"0.038","0.037","0.037",,"0.032","0.028","0.032",,"0.028","0.028","0.028",,"0.022","0.022","0.018",,"0.018","0.018","0.017",,"0.015","0.015","0.015",,"0.012","0.012","0.012",,"0.01","0.01","0.01",,"0.008","0.008","0.008",,"0.008","0.008","0.007",,"0.007","0.005","0.005",,"0.005","0.005","0.005",,"0.003","0.005","0.003",,"0.002"
BasicAverageShares,,"650,000,000","660,000,000","661,000,000","666,600,000","669,100,000","670,300,000","669,400,000","674,000,000","679,900,000","680,800,000","392,900,000","392,300,000","392,500,000","401,000,000","406,100,000","411,000,000","415,200,000","417,600,000","421,600,000","425,800,000","431,000,000","438,400,000","441,200,000","446,000,000","450,600,000","459,000,000","470,400,000","475,400,000","480,600,000","490,600,000","498,200,000","503,200,000","513,400,000","517,200,000","524,400,000","532,799,996","533,600,000","535,200,000","542,400,000","549,200,000",,"563,200,000","566,000,000","574,800,000",,"597,600,000","610,000,000","610,400,000",,"621,200,000","622,222,222","622,000,000",,"650,000,000","653,600,000","656,000,000",,"658,736,000","669,568,000","680,104,000",,"693,704,000","700,452,000","717,404,000",,"749,624,000","763,516,000","773,532,000",,"781,336,000","780,204,000","778,220,000",,"774,504,000","773,180,000","768,548,000",,"768,192,000","765,680,000","762,676,000",,"747,776,000","746,232,000","744,648,000",,"740,604,000","737,946,000","735,732,000",,"727,911,906","734,632,684","741,851,297",,"753,536,275","748,321,491","709,210,612",,"732,265,446","692,986,840","571,293,301",,"553,840,727","506,413,460","518,564,247",,"604,313,228","553,569,369","566,989,233",,"517,922,857","512,471,037","521,739,130",,"526,403,465","513,076,795","453,106,780",,"505,461,555","488,327,265","471,192,975",,"489,755,122","439,780,110","389,805,097",,"431,784,108","407,796,102","371,814,093",,"347,826,087","335,832,084","389,805,097",,"362,290,856","355,568,216","355,460,268",,"354,836,580","352,833,584","312,065,968",,"312,065,968","312,065,968","312,065,968",,"265,055,472"
DilutedAverageShares,,"663,900,000","669,700,000","672,700,000","679,900,000","681,200,000","680,300,000","680,800,000","691,200,000","694,700,000","680,800,000","399,600,000","399,100,000","404,700,000","412,000,000","416,400,000","421,600,000","425,000,000","429,000,000","432,600,000","438,400,000","439,800,000","445,400,000","451,200,000","454,600,000","463,200,000","474,000,000","480,800,000","486,000,000","494,400,000","503,600,000","506,800,000","517,200,000","513,400,000","527,600,000","537,200,000","540,400,000","540,400,000","546,400,000","551,200,000","562,000,000",,"570,400,000","576,800,000","590,800,000",,"603,600,000","610,400,000","614,800,000",,"621,200,000","623,200,000","624,000,000",,"655,200,000","659,200,000","661,600,000",,"666,564,000","679,628,000","690,548,000",,"703,500,000","710,204,000","727,132,000",,"758,704,000","772,908,000","781,980,000",,"789,888,000","789,516,000","788,252,000",,"786,112,000","783,244,000","778,984,000",,"768,192,000","781,896,000","780,608,000",,"766,164,000","765,006,000","763,398,000",,"762,270,000","758,406,000","753,258,000",,"753,908,760","761,841,302","770,384,039",,"753,536,275","782,336,105","741,447,458",,"732,265,446","733,750,772","571,293,301",,"553,840,727","536,202,487","518,564,247",,"604,313,228","553,569,369","566,989,233",,"517,922,857","512,471,037","521,739,130",,"526,403,465","513,076,795","453,106,780",,"505,461,555","488,327,265","471,192,975",,"489,755,122","439,780,110","389,805,097",,"431,784,108","407,796,102","371,814,093",,"347,826,087","335,832,084","389,805,097",,"362,290,856","355,568,216","355,460,268",,"354,836,580","352,833,584","312,065,968",,"312,065,968","312,065,968","312,065,968",,"265,055,472"
TotalOperatingIncomeAsReported,"2,288,000,000","533,000,000","636,000,000","644,000,000","475,000,000","516,000,000","542,000,000","165,000,000","629,000,000","478,000,000","374,000,000","384,000,000","373,000,000","431,000,000","356,000,000","358,000,000","608,000,000","425,000,000","370,000,000","372,000,000","365,000,000","375,000,000","369,000,000","362,000,000","339,000,000","329,000,000","342,000,000","326,000,000","314,000,000","317,000,000","315,000,000","307,000,000","271,000,000","297,000,000","280,000,000","273,000,000","211,000,000","289,000,000","267,000,000","259,000,000","241,000,000","281,000,000","243,000,000","251,000,000","221,000,000","267,000,000","251,000,000","251,000,000","238,000,000","256,000,000","231,000,000","232,000,000","218,000,000","219,000,000","214,000,000","224,000,000","226,000,000","155,060,000","205,975,000","181,120,000","193,369,000","181,399,000","185,740,000","184,189,000","192,953,000","198,616,000","171,519,000","187,245,000","188,016,000","181,703,000","160,717,000","160,280,000","156,860,000","139,016,000","136,295,000","132,060,000","124,597,000","113,837,000","109,823,000","110,865,000","108,514,000","89,498,000","89,215,000","88,379,000","86,605,000","77,741,000","78,223,000","79,388,000","78,954,000","65,385,000","64,700,000","62,600,000","60,600,000","59,600,000","50,900,000","52,700,000","49,400,000","45,200,000","41,500,000","37,800,000","33,800,000","33,100,000","30,700,000","30,300,000","29,700,000","-155,000,000","26,800,000","22,800,000","17,800,000","9,100,000","17,600,000","17,100,000","13,900,000","13,200,000","12,300,000","11,700,000","9,500,000","8,700,000","8,300,000","7,700,000","8,000,000","7,600,000","6,700,000","6,300,000","4,700,000","4,700,000","5,400,000","5,000,000","4,900,000","5,100,000","4,000,000","3,300,000","3,900,000",,,,,,,,,,,,,,
TotalExpenses,"13,938,000,000","3,724,000,000","3,527,000,000","3,407,000,000","3,280,000,000","3,316,000,000","3,280,000,000","3,297,000,000","3,571,000,000","3,572,000,000","2,754,000,000","1,128,000,000","1,139,000,000","1,120,000,000","1,054,000,000","1,059,000,000","1,064,000,000","1,091,000,000","1,030,000,000","1,024,000,000","1,029,000,000","1,056,000,000","1,011,000,000","1,001,000,000","992,000,000","1,039,000,000","971,000,000","972,000,000","961,000,000","999,000,000","948,000,000","946,000,000","963,000,000","966,000,000","921,000,000","925,000,000","941,000,000","867,000,000","851,000,000","841,000,000","867,000,000","880,000,000","820,000,000","814,000,000","827,000,000","811,000,000","774,000,000","771,000,000","770,000,000","806,000,000","761,000,000","800,000,000","826,000,000","823,000,000","885,000,000","1,071,000,000","1,084,000,000","228,076,000","967,772,000","999,016,000","1,026,050,000","1,016,342,000","970,805,000","909,008,000","903,715,000","879,677,000","840,126,000","809,181,000","785,098,000","706,449,000","797,377,000","785,740,000","780,620,000","652,489,000","659,757,000","606,555,000","582,901,000","555,024,000","525,849,000","521,561,000","523,414,000","407,238,000","377,958,000","384,267,000","367,307,000","356,840,000","327,966,000","337,046,000","317,448,000","309,160,000","288,000,000","280,700,000","276,500,000","279,500,000","258,600,000","258,500,000","224,400,000","224,200,000","196,800,000","200,600,000","172,700,000","177,400,000","165,900,000","166,200,000","165,000,000","350,800,000","150,100,000","150,700,000","134,800,000","143,400,000","121,800,000","118,700,000","122,000,000","114,200,000","104,100,000","99,500,000","90,200,000","76,100,000","75,400,000","74,600,000","73,300,000","72,200,000","75,700,000","65,100,000","43,000,000","42,400,000","40,900,000","40,400,000","39,500,000","38,800,000","37,000,000","36,800,000","35,200,000",,,,,,,,,,,,,,
NetIncomeFromContinuingAndDiscontinuedOperation,"1,334,000,000","333,000,000","428,000,000","269,000,000","304,000,000","300,000,000","264,000,000","2,000,000","392,000,000","247,000,000","198,000,000","223,000,000","225,000,000","286,000,000","227,000,000","251,000,000","423,000,000","546,000,000","232,000,000","221,000,000","247,000,000","215,000,000","214,000,000","212,000,000","289,000,000","189,000,000","218,000,000","127,000,000","178,000,000","181,000,000","239,000,000","166,000,000","168,000,000","221,000,000","159,000,000","151,000,000","117,000,000","179,000,000","139,000,000","161,000,000","132,000,000","143,000,000","127,000,000","90,000,000","112,000,000","116,000,000","132,000,000","127,000,000","121,000,000","118,000,000","115,000,000","140,000,000","103,000,000","62,000,000","78,000,000","99,000,000","329,000,000","96,326,000","120,875,000","108,236,000","113,563,000","105,946,000","110,088,000","117,669,000","116,211,000","150,476,000","112,939,000","113,997,000","139,026,000","97,453,000","92,357,000","95,034,000","92,798,000","81,974,000","80,412,000","78,438,000","74,188,000","68,228,000","66,151,000","66,645,000","65,113,000","52,834,000","52,629,000","51,989,000","50,765,000","44,095,000","44,742,000","45,027,000","43,157,000","34,868,000","35,200,000","34,300,000","33,400,000","29,600,000","28,900,000","28,700,000","27,200,000","24,200,000","23,200,000","20,800,000","18,100,000","16,100,000","15,700,000","15,200,000","14,700,000","-96,200,000","13,100,000","12,000,000","10,400,000","10,100,000","9,500,000","9,400,000","8,700,000","8,300,000","7,900,000","7,700,000","6,800,000","6,000,000","5,900,000","5,700,000","5,500,000","5,100,000","4,900,000","4,400,000","3,900,000","3,700,000","3,600,000","3,400,000","3,100,000","3,100,000","2,900,000","2,800,000","2,600,000",,,,,,,,,,,,,,
NormalizedIncome,"1,334,000,000","333,000,000","428,000,000","269,000,000","304,000,000","300,000,000","239,700,000","4,190,000","34,701,000","242,971,223.022","198,000,000","223,000,000","216,190,000","290,580,645.161","234,460,000","253,310,000","248,768,000","532,000,000","232,000,000","214,303,030.303","247,000,000","215,000,000","214,000,000","212,000,000","289,000,000","189,000,000","218,000,000","182,760,000","178,000,000","181,000,000","239,000,000","166,000,000","168,000,000","220,000,000","161,000,000","152,000,000","117,000,000","159,000,000","142,000,000","158,656,108.597","133,000,000","153,000,000","143,413,793.103","136,950,704.225","114,000,000","119,000,000","134,000,000","130,000,000","123,000,000","128,000,000","124,000,000","114,000,000","102,000,000","98,950,000","61,650,000","99,000,000","97,000,000","74,335,000","119,950,000","104,643,000","113,563,000","105,946,000","110,088,000","110,980,000","116,211,000","121,119,160.998","109,339,000","113,997,000","113,008,938.878","114,709,000","92,357,000","95,034,000","92,798,000","81,974,000","80,412,000","78,438,000","74,188,000","67,915,679.496","65,891,141.768","66,299,129.689","64,554,846.743","52,187,800","52,028,993.16","51,085,396.524","49,672,400","42,905,200","42,997,800","43,270,200","43,157,000","34,868,000","35,200,000","34,300,000","33,400,000","29,600,000","27,640,000","28,700,000","27,200,000","24,200,000","22,840,000","20,200,000","17,800,000","16,100,000","15,520,000","14,780,000","14,220,000","-96,800,499.376","11,960,000","10,860,000","9,440,000","10,100,000","9,500,000","9,400,000","7,440,000","7,217,391.304","6,880,000","6,644,354.839","5,516,981.132","5,010,309.278","4,782,105.263","4,522,826.087","4,573,033.708","4,398,750","3,945,454.545","3,315,942.029","2,685,245.902","2,726,315.789","3,214,285.714","2,886,792.453","2,783,673.469","2,790,000","2,097,872.34","1,826,086.957","1,995,348.837",,,,,,,,,,,,,,
InterestIncome,"3,000,000","0","1,000,000","1,000,000","1,000,000",,,,,,,,,,,,,"0","0","2,000,000","0","0","0","0","-7,000,000",,"0","0","1,000,000","0","0","1,000,000",,"1,000,000","0","0",,"1,000,000","0",,,,,,,,,,,,,,,,,,,,,,,,,,,,,,,,,,,,,,,,,,,,,,,,,,,,,,,,,,,,,,,,,,,,,,,,,,,,,,,,,,,,,,,,,,,,,,,,,,,,,,,,,,,,
InterestExpense,"696,000,000","170,000,000","173,000,000","176,000,000","177,000,000","174,000,000","174,000,000","174,000,000","187,000,000","194,000,000","164,000,000","64,000,000","59,000,000","56,000,000","47,000,000","45,000,000","45,000,000","45,000,000","45,000,000","44,000,000","42,000,000","42,000,000","41,000,000","40,000,000","47,000,000","38,000,000","41,000,000","49,000,000","41,000,000","41,000,000","41,000,000","41,000,000","41,000,000","41,000,000","41,000,000","41,000,000","41,000,000","39,000,000","48,000,000","44,000,000","43,000,000","50,000,000","45,000,000","48,000,000","45,000,000","58,000,000","49,000,000","46,000,000","45,000,000","59,000,000","52,000,000","55,000,000","54,000,000",,,,,,,,,,,,,,,,,,,,,,,,,,,,,,,,,,,,,,,,,,,,,,,,,,,,,,,,,,,,,,,,,,,,,,,,,,,,,,,,,,,,,,,,,,,,,,
NetInterestIncome,"-693,000,000","-170,000,000","-172,000,000","-175,000,000","-176,000,000","-174,000,000","-174,000,000","-174,000,000","-187,000,000","-194,000,000","-115,000,000","-101,000,000","-118,000,000","-56,000,000","-47,000,000","-45,000,000","-45,000,000","-45,000,000","-45,000,000","-42,000,000","-42,000,000","-42,000,000","-41,000,000","-40,000,000","-47,000,000","-39,000,000","-41,000,000","-49,000,000","-40,000,000","-41,000,000","-41,000,000","-40,000,000","-41,000,000","-40,000,000","-41,000,000","-41,000,000","-41,000,000","-38,000,000","-48,000,000","-44,000,000","-43,000,000","-44,000,000","-45,000,000","-48,000,000","-45,000,000","-48,000,000","-49,000,000","-46,000,000","-45,000,000","-51,000,000","-52,000,000","-55,000,000","-54,000,000",,,,,,,,,,,,,,,,,,,,,,,,,,,,,,,,,,,,,,,,,,,,,,,,,,,,,,,,,,,,,,,,,,,,,,,,,,,,,,,,,,,,,,,,,,,,,,
EBIT,"2,362,000,000","568,000,000","651,000,000","646,000,000","497,000,000","510,000,000","555,000,000","166,000,000","649,000,000","472,000,000","420,000,000","355,000,000","317,000,000","428,000,000","351,000,000","361,000,000","608,000,000","425,000,000","370,000,000","374,000,000","365,000,000","375,000,000","369,000,000","362,000,000","339,000,000","328,000,000","342,000,000","241,000,000","315,000,000","317,000,000","315,000,000","308,000,000","271,000,000","298,000,000","280,000,000","273,000,000","211,000,000","290,000,000","267,000,000","265,000,000","241,000,000","287,000,000","219,000,000","190,000,000","221,000,000","251,000,000","251,000,000","251,000,000","238,000,000","264,000,000","231,000,000","232,000,000","218,000,000","227,000,000","195,000,000","224,000,000","226,000,000","155,060,000","205,975,000","181,120,000","193,369,000","181,399,000","185,740,000","184,189,000","192,953,000","198,616,000","171,519,000","187,245,000","188,016,000","181,703,000","160,717,000","160,280,000","156,860,000","139,016,000","136,295,000","132,060,000","124,597,000","113,837,000","109,823,000","110,865,000","108,514,000","89,498,000","89,215,000","88,379,000","86,605,000","77,741,000","78,223,000","79,388,000","78,954,000","65,385,000","64,700,000","62,600,000","60,600,000","59,600,000","50,900,000","52,700,000","49,400,000","45,200,000","41,500,000","37,800,000","33,800,000","33,100,000","30,700,000","30,300,000","29,700,000","-155,000,000","26,800,000","22,800,000","17,800,000","9,100,000","17,600,000","17,100,000","13,900,000","13,200,000","12,300,000","11,700,000","9,500,000","8,700,000","8,300,000","7,700,000","8,000,000","7,600,000","6,700,000","6,300,000","4,700,000","4,700,000","5,400,000","5,000,000","4,900,000","5,100,000","4,000,000","3,300,000","3,900,000","-76,400,000","36,200,000","27,100,000","23,900,000","-54,100,000","21,000,000","21,400,000","20,500,000","-44,600,000","19,100,000","15,700,000","15,600,000","-16,100,000","7,400,000"
EBITDA,"5,558,000,000"
ReconciledCostOfRevenue,"8,128,000,000","2,203,000,000","2,051,000,000","1,967,000,000","1,907,000,000","1,857,000,000","1,868,000,000","1,920,000,000","2,167,000,000","2,109,000,000","1,617,000,000","785,000,000","798,000,000","822,000,000","749,000,000","739,000,000","759,000,000","778,000,000","746,000,000","748,000,000","752,000,000","761,000,000","737,000,000","727,000,000","734,000,000","763,000,000","713,000,000","710,000,000","723,000,000","752,000,000","705,000,000","703,000,000","721,000,000","700,000,000","684,000,000","680,000,000","712,000,000","657,000,000","644,000,000","635,000,000","661,000,000","663,000,000","631,000,000","624,000,000","624,000,000","613,000,000","589,000,000","586,000,000","598,000,000","611,000,000","579,000,000","619,000,000","625,000,000","640,000,000","662,000,000","852,000,000","872,000,000","131,599,000","826,289,000","834,330,000","868,625,000","861,958,000","824,708,000","765,788,000","758,062,000","1,962,363,000","301,217,000","277,957,000","398,591,000",,,"254,620,000","392,862,000","460,399,000","290,866,000","180,768,000","167,942,000","-83,578,000","221,329,000","177,814,000","179,036,000","119,649,000","113,349,000","121,394,000","112,903,000","111,530,000","95,291,000","97,140,000","93,698,000","72,327,000","94,300,000","96,400,000","94,600,000","189,200,000","67,800,000","95,800,000","78,500,000","155,500,000","46,600,000","46,500,000","58,600,000","130,000,000","36,500,000","35,100,000","34,400,000","235,400,000","51,500,000","56,300,000","49,700,000",,,,"46,100,000","44,700,000","40,900,000","38,500,000","35,500,000","27,500,000","28,200,000","27,500,000","27,200,000","27,500,000","31,000,000","25,700,000","15,900,000","15,800,000","14,600,000","13,700,000","14,000,000","13,000,000","13,100,000","13,200,000","12,400,000",,,,,,,,,,,,,,
ReconciledDepreciation,"3,196,000,000","781,000,000","805,000,000","813,000,000","797,000,000","774,000,000","787,000,000","817,000,000","832,000,000","789,000,000","571,000,000","146,000,000","145,000,000","150,000,000","136,000,000","136,000,000","134,000,000","111,000,000","107,000,000","109,000,000","106,000,000","105,000,000","104,000,000","102,000,000","100,000,000","105,000,000","106,000,000","104,000,000","102,000,000","104,000,000","101,000,000","99,000,000","100,000,000","102,000,000","101,000,000","103,000,000","97,000,000","89,000,000","90,000,000","87,000,000","88,000,000","90,000,000","86,000,000","88,000,000","85,000,000","87,000,000","85,000,000","83,000,000","84,000,000","85,000,000","79,000,000","85,000,000","84,000,000","86,000,000","88,000,000","98,000,000","90,000,000","41,386,000","50,358,000","50,993,000","50,263,000","56,158,000","50,047,000","45,535,000","47,366,000","46,727,000","44,283,000","45,146,000","43,023,000","45,042,000","45,411,000","47,952,000","46,958,000","50,740,000","43,669,000","39,983,000","37,399,000","37,719,000","35,281,000","34,476,000","33,638,000","39,648,000","36,660,000","35,679,000","35,709,000","38,729,000","34,058,000","41,877,000","34,178,000","53,907,000","22,500,000","20,700,000","22,400,000","17,300,000","19,100,000","18,400,000","17,700,000","16,600,000","15,700,000","16,300,000","14,600,000","19,900,000","15,900,000","15,600,000","15,600,000","24,700,000","14,500,000","13,500,000","11,700,000",,,,"9,100,000","8,100,000","7,500,000","7,900,000","7,100,000","5,400,000","5,800,000","5,800,000","5,700,000","5,800,000","5,700,000","5,500,000","3,500,000","3,600,000","3,600,000","3,700,000","3,700,000","3,800,000","3,700,000","3,600,000","3,500,000",,,,,,,,,,,,,,
NetIncomeFromContinuingOperationNetMinorityInterest,"1,334,000,000","333,000,000","428,000,000","269,000,000","304,000,000","300,000,000","264,000,000","2,000,000","392,000,000","247,000,000","198,000,000","223,000,000","225,000,000","286,000,000","227,000,000","251,000,000","423,000,000","532,000,000","232,000,000","221,000,000","247,000,000","215,000,000","214,000,000","212,000,000","289,000,000","189,000,000","218,000,000","127,000,000","178,000,000","181,000,000","239,000,000","166,000,000","168,000,000","220,000,000","161,000,000","152,000,000","117,000,000","159,000,000","142,000,000","163,000,000","133,000,000","153,000,000","127,000,000","97,000,000","114,000,000","119,000,000","134,000,000","130,000,000","123,000,000","128,000,000","124,000,000","114,000,000","102,000,000","71,000,000","74,000,000","99,000,000","97,000,000","74,335,000","119,950,000","104,643,000","113,563,000","105,946,000","110,088,000","110,980,000","116,211,000","148,376,000","109,339,000","113,997,000","139,645,000","114,709,000","92,357,000","95,034,000","92,798,000","81,974,000","80,412,000","78,438,000","74,188,000","68,228,000","66,151,000","66,645,000","65,113,000","52,834,000","52,629,000","51,989,000","50,765,000","44,095,000","44,742,000","45,027,000","43,157,000","34,868,000","35,200,000","34,300,000","33,400,000","29,600,000","28,900,000","28,700,000","27,200,000","24,200,000","23,200,000","20,800,000","18,100,000","16,100,000","15,700,000","15,200,000","14,700,000","-96,200,000","13,100,000","12,000,000","10,400,000","10,100,000","9,500,000","9,400,000","8,700,000","8,300,000","7,900,000","7,700,000","6,800,000","6,000,000","5,900,000","5,700,000","5,500,000","5,100,000","4,900,000","4,400,000","3,900,000","3,700,000","3,600,000","3,400,000","3,100,000","3,100,000","2,900,000","2,800,000","2,600,000",,,,,,,,,,,,,,
TotalUnusualItemsExcludingGoodwill,"0","0","0","0","0","0","36,000,000","-3,000,000","431,000,000","5,000,000","0","0","10,000,000","-6,000,000","-10,000,000","-3,000,000","232,000,000","0","0","10,000,000",,"0","0","0",,"0","0","-85,000,000",,,,,,,,,,"0","0","6,000,000",,"0","-24,000,000","-61,000,000",,,"0","0",,"0","0",,,"-43,000,000","19,000,000",,,,,,,,,,,"43,370,000",,,"43,452,000",,,,,,,,,"512,000","426,000","567,000","915,000","1,077,000","1,000,000","1,506,000","1,821,000","1,983,000","2,907,000","2,928,000",,,,,,,"2,100,000",,,,"600,000","1,000,000","500,000",,"300,000","700,000","800,000","1,000,000","1,900,000","1,900,000","1,600,000",,,,"2,100,000","1,800,000","1,700,000","1,700,000","2,000,000","1,600,000","1,800,000","1,900,000","1,500,000","1,100,000","1,500,000","1,700,000","1,900,000","1,500,000","600,000","800,000","500,000","500,000","1,300,000","1,600,000","1,000,000",,,,,,,,,,,,,,
TotalUnusualItems,"0","0","0","0","0","0","36,000,000","-3,000,000","431,000,000","5,000,000","0","0","10,000,000","-6,000,000","-10,000,000","-3,000,000","232,000,000","0","0","10,000,000",,"0","0","0",,"0","0","-85,000,000",,,,,,,,,,"0","0","6,000,000",,"0","-24,000,000","-61,000,000",,,"0","0",,"0","0",,,"-43,000,000","19,000,000",,,,,,,,,,,"43,370,000",,,"43,452,000",,,,,,,,,"512,000","426,000","567,000","915,000","1,077,000","1,000,000","1,506,000","1,821,000","1,983,000","2,907,000","2,928,000",,,,,,,"2,100,000",,,,"600,000","1,000,000","500,000",,"300,000","700,000","800,000","1,000,000","1,900,000","1,900,000","1,600,000",,,,"2,100,000","1,800,000","1,700,000","1,700,000","2,000,000","1,600,000","1,800,000","1,900,000","1,500,000","1,100,000","1,500,000","1,700,000","1,900,000","1,500,000","600,000","800,000","500,000","500,000","1,300,000","1,600,000","1,000,000",,,,,,,,,,,,,,
NormalizedEBITDA,"5,558,000,000","1,349,000,000","1,456,000,000","1,459,000,000","1,294,000,000","1,284,000,000","1,306,000,000","986,000,000","1,050,000,000","1,256,000,000","991,000,000","501,000,000","452,000,000","584,000,000","497,000,000","500,000,000","510,000,000","536,000,000","477,000,000","473,000,000","471,000,000","480,000,000","473,000,000","464,000,000","439,000,000","433,000,000","448,000,000","430,000,000","417,000,000","421,000,000","416,000,000","407,000,000","371,000,000","400,000,000","381,000,000","376,000,000","308,000,000","379,000,000","357,000,000","346,000,000","329,000,000","377,000,000","329,000,000","339,000,000","306,000,000","338,000,000","336,000,000","334,000,000","322,000,000","349,000,000","310,000,000","317,000,000","302,000,000","356,000,000","264,000,000","322,000,000","316,000,000","196,446,000","256,333,000","232,113,000","243,632,000","237,557,000","235,787,000","229,724,000","240,319,000","201,973,000","215,802,000","232,391,000","187,587,000","226,745,000","206,128,000","208,232,000","203,818,000","189,756,000","179,964,000","172,043,000","161,996,000","178,844,000","144,678,000","144,774,000","141,237,000","128,069,000","124,875,000","122,552,000","120,493,000","114,487,000","109,374,000","118,337,000","113,132,000","119,292,000","87,200,000","83,300,000","83,000,000","76,900,000","67,900,000","71,200,000","67,100,000","61,800,000","56,600,000","53,100,000","47,900,000","53,000,000","46,300,000","45,200,000","44,500,000","-131,300,000","39,400,000","34,400,000","27,900,000","9,100,000","17,600,000","17,100,000","20,900,000","19,500,000","18,100,000","17,900,000","14,600,000","12,500,000","12,300,000","11,600,000","12,200,000","12,300,000","10,900,000","10,100,000","6,300,000","6,800,000","8,500,000","7,900,000","8,100,000","8,400,000","6,500,000","5,300,000","6,400,000","-76,400,000","36,200,000","27,100,000","23,900,000","-54,100,000","21,000,000","21,400,000","20,500,000","-44,600,000","19,100,000","15,700,000","15,600,000","-16,100,000","7,400,000"
TaxRateForCalcs,"0.218","0.158","0.113","0.27","0.056","0.06","0.325","0.27","0.171","0.194","0.207","0.209","0.119","0.237","0.254","0.23","0.249","0.4","0.301","0.33","0.316","0.357","0.348","0.342","0.4","0.338","0.387","0.344","0.351","0.351","0.35","0.377","0.285","0.35","0.331","0.35","0.342","0.375","0.365","0.276","0.343","0.371","0.316","0.345","0.364","0.399","0.361","0.38","0.378","0.385","0.335","0.379","0.384","0.35","0.35","0.389","0.386","0.377","0.38","0.383","0.386","0.385","0.374","0.367","0.378","0.372","0.35","0.387","0.387","0.352","0.4","0.39","0.39","0.39","0.39","0.39","0.39","0.39","0.39","0.39","0.39","0.4","0.4","0.4","0.4","0.4","0.4","0.4","0.4","0.4","0.4","0.4","0.4","0.4","0.4","0.4","0.4","0.4","0.4","0.4","0.4","0.4","0.4","0.4","0.4","0.4","0.4","0.4","0.4","0.399","0.4","0.397","0.4","0.399","0.4","0.379","0.358","0.381","0.379","0.38","0.382","0.363","0.364","0.362","0.361","0.351","0.357","0.358","0.367","0.38","0.383","0.391","0.395",,,,,,,,,,,,,,
TaxEffectOfUnusualItems,"0","0","0","0","0","0","11,700,000","-810,000","73,701,000","971,223.022","0","0","1,190,000","-1,419,354.839","-2,540,000","-690,000","57,768,000","0","0","3,303,030.303","0","0","0","0","0","0","0","-29,240,000","0","0","0","0","0","0","0","0","0","0","0","1,656,108.597","0","0","-7,586,206.897","-21,049,295.775","0","0","0","0","0","0","0","0","0","-15,050,000","6,650,000","0","0","0","0","0","0","0","0","0","0","16,113,160.998","0","0","16,815,938.878","0","0","0","0","0","0","0","0","199,679.496","166,141.768","221,129.689","356,846.743","430,800","399,993.16","602,396.524","728,400","793,200","1,162,800","1,171,200","0","0","0","0","0","0","840,000","0","0","0","240,000","400,000","200,000","0","120,000","280,000","320,000","399,500.624","760,000","760,000","640,000","0","0","0","840,000","717,391.304","680,000","644,354.839","716,981.132","610,309.278","682,105.263","722,826.087","573,033.708","398,750","545,454.545","615,942.029","685,245.902","526,315.789","214,285.714","286,792.453","183,673.469","190,000","497,872.34","626,086.957","395,348.837",,,,,,,,,,,,,,