name,ttm,12/31/2021,09/30/2021,06/30/2021,03/31/2021,12/31/2020,09/30/2020,06/30/2020,03/31/2020,12/31/2019,09/30/2019,06/30/2019,03/31/2019,12/31/2018,09/30/2018,06/30/2018,03/31/2018,12/31/2017,09/30/2017,06/30/2017,03/31/2017,12/31/2016,09/30/2016,06/30/2016,03/31/2016,12/31/2015,09/30/2015,06/30/2015,03/31/2015,12/31/2014,09/30/2014,06/30/2014,03/31/2014,12/31/2013,09/30/2013,06/30/2013,03/31/2013,12/31/2012,09/30/2012,06/30/2012,03/31/2012,12/31/2011,09/30/2011,06/30/2011,03/31/2011,12/31/2010,09/30/2010,06/30/2010,03/31/2010,12/31/2009,09/30/2009,06/30/2009,03/31/2009,12/31/2008,09/30/2008,06/30/2008,03/31/2008,12/31/2007,09/30/2007,06/30/2007,03/31/2007,12/31/2006,09/30/2006,06/30/2006,03/31/2006,12/31/2005,09/30/2005,06/30/2005,03/31/2005,12/31/2004,09/30/2004,06/30/2004,03/31/2004,12/31/2003,09/30/2003,06/30/2003,03/31/2003,12/31/2002,09/30/2002,06/30/2002,03/31/2002,12/31/2001,09/30/2001,06/30/2001,03/31/2001,12/31/2000,09/30/2000,06/30/2000,03/31/2000,12/31/1999,09/30/1999,06/30/1999,03/31/1999,12/31/1998,09/30/1998,06/30/1998,03/31/1998,12/31/1997,09/30/1997,06/30/1997,03/31/1997,12/31/1996,09/30/1996,06/30/1996,03/31/1996,12/31/1995,09/30/1995,06/30/1995,03/31/1995,12/31/1994,09/30/1994,06/30/1994,03/31/1994,12/31/1993,09/30/1993,06/30/1993,03/31/1993,12/31/1992,09/30/1992,06/30/1992,03/31/1992,12/31/1991,09/30/1991,06/30/1991,03/31/1991,12/31/1990,09/30/1990,06/30/1990,03/31/1990,12/31/1989,09/30/1989,06/30/1989,03/31/1989,12/31/1988,09/30/1988,06/30/1988,03/31/1988,12/31/1987,09/30/1987,06/30/1987,03/31/1987,12/31/1986,09/30/1986,06/30/1986,03/31/1986,12/31/1985,09/30/1985
TotalRevenue,"7,646,000,000","1,939,000,000","1,923,000,000","1,896,000,000","1,896,000,000","1,788,000,000","1,871,000,000","1,827,000,000","1,886,000,000","1,862,000,000","1,930,000,000","1,857,000,000","1,604,000,000","1,612,000,000","1,543,000,000","1,545,000,000","1,451,000,000","1,434,000,000","1,448,000,000","1,447,000,000","1,401,000,000","1,438,000,000","1,438,000,000","1,427,000,000","1,479,000,000","1,521,000,000","1,546,000,000","1,487,000,000","1,432,000,000","1,460,000,000","1,373,000,000","1,470,000,000","1,412,000,000","1,534,000,000","1,478,000,000","1,646,000,000","1,583,000,000","1,325,000,000","1,574,000,000","1,573,000,000","1,667,000,000","1,289,000,000","1,563,000,000","1,520,000,000","1,463,000,000","1,461,000,000","1,739,000,000","1,502,000,000","1,524,000,000","1,093,000,000","1,726,000,000","3,414,000,000","1,473,000,000","912,000,000","1,780,000,000","1,460,000,000","1,684,000,000","926,000,000","1,476,000,000","1,446,000,000","1,384,000,000","958,000,000","1,375,000,000","1,365,000,000","1,328,000,000","1,363,000,000","1,359,000,000","1,385,000,000","1,358,000,000","1,222,000,000","1,368,000,000","1,511,087,000","1,376,148,000","1,325,042,000","1,408,170,000","1,360,355,000","1,294,434,000","1,281,339,000","1,285,330,000","1,184,888,000","1,142,442,000","1,122,568,000","1,073,309,000","1,032,539,000","685,427,000","641,240,000","625,372,000","612,781,000","603,607,000","882,800,000","482,300,000","573,533,000","445,200,000","440,500,000","417,700,000","397,900,000","324,300,000","315,700,000","301,400,000","293,500,000","279,900,000","276,500,000","272,500,000","263,300,000","245,300,000","233,700,000","223,100,000","208,200,000","204,100,000","196,400,000","194,700,000","175,500,000","177,700,000","169,800,000","168,600,000","164,300,000","160,500,000","160,200,000","150,400,000","146,400,000","137,200,000","132,900,000","128,400,000","123,600,000","119,300,000","112,500,000","110,500,000","105,700,000","104,200,000",,,,,,,,,,,,,,,,,,
	OperatingRevenue,"7,646,000,000","1,939,000,000","1,923,000,000","1,896,000,000","1,896,000,000","1,788,000,000","1,871,000,000","1,827,000,000","1,886,000,000","1,862,000,000","1,930,000,000","1,857,000,000","1,604,000,000","1,612,000,000","1,543,000,000","1,545,000,000","1,451,000,000","1,434,000,000","1,448,000,000","1,447,000,000","1,401,000,000","1,438,000,000","1,438,000,000","1,427,000,000","1,479,000,000","1,521,000,000","1,546,000,000","1,487,000,000","1,432,000,000","1,460,000,000","1,373,000,000","1,470,000,000","1,412,000,000","1,534,000,000","1,478,000,000","1,646,000,000","1,583,000,000","1,325,000,000","1,574,000,000","1,573,000,000","1,667,000,000","1,289,000,000","1,563,000,000","1,520,000,000","1,463,000,000","1,461,000,000","1,739,000,000","1,502,000,000","1,524,000,000","1,093,000,000","1,726,000,000","3,414,000,000","1,473,000,000","912,000,000","1,780,000,000","1,460,000,000","1,684,000,000","926,000,000","1,476,000,000","1,446,000,000","1,384,000,000","958,000,000","1,375,000,000","1,365,000,000","1,328,000,000","1,363,000,000","1,359,000,000","1,385,000,000","1,358,000,000","1,222,000,000","1,368,000,000","1,511,087,000","1,376,148,000","1,325,042,000","1,408,170,000","1,360,355,000","1,294,434,000","1,281,339,000","1,285,330,000","1,184,888,000","1,142,442,000","1,122,568,000","1,073,309,000","1,032,539,000","685,427,000","641,240,000","625,372,000","612,781,000","603,607,000","882,800,000","482,300,000","573,533,000","445,200,000","440,500,000","417,700,000","397,900,000","324,300,000","315,700,000","301,400,000","293,500,000","279,900,000","276,500,000","272,500,000","263,300,000","245,300,000","233,700,000","223,100,000","208,200,000","204,100,000","196,400,000","194,700,000","175,500,000","177,700,000","169,800,000","168,600,000","164,300,000","160,500,000","160,200,000","150,400,000","146,400,000","137,200,000","132,900,000","128,400,000","123,600,000","119,300,000","112,500,000","110,500,000","105,700,000","104,200,000",,,,,,,,,,,,,,,,,,
PretaxIncome,"3,517,000,000","828,000,000","895,000,000","911,000,000","883,000,000","746,000,000","746,000,000","244,000,000","60,000,000","941,000,000","689,000,000","577,000,000","996,000,000","723,000,000","512,000,000","693,000,000","836,000,000","392,000,000","1,489,000,000","494,000,000","396,000,000","509,000,000","694,000,000","427,000,000","435,000,000","948,000,000","515,000,000","417,000,000","485,000,000","519,000,000","464,000,000","606,000,000","438,000,000","561,000,000","604,000,000","841,000,000","591,000,000","540,000,000","503,000,000","565,000,000","603,000,000","418,000,000","530,000,000","506,000,000","377,000,000","417,000,000","303,000,000","242,000,000","-22,000,000","-214,000,000","-108,000,000","1,352,000,000","-262,000,000","-2,843,000,000","-128,000,000","-117,000,000","425,000,000","64,000,000","443,000,000","522,000,000","507,000,000","52,000,000","521,000,000","535,000,000","519,000,000","466,000,000","558,000,000","597,000,000","586,000,000","223,000,000","694,000,000","679,502,000","640,840,000","601,060,000","661,218,000","645,119,000","619,603,000","631,050,000","601,222,000","591,544,000","570,183,000","554,943,000","406,629,000","239,162,000","361,479,000","345,533,000","337,921,000","283,191,000","308,355,000","301,000,000","262,900,000","272,020,000","229,000,000","226,300,000","221,000,000","92,100,000","164,600,000","162,100,000","154,800,000","145,600,000","141,500,000","138,900,000","118,400,000","124,800,000","118,300,000","115,600,000","112,900,000","102,800,000","99,300,000","96,600,000","92,400,000","86,200,000","82,400,000","78,300,000","77,800,000","71,600,000","67,300,000","65,000,000","63,800,000","58,700,000","52,200,000","54,100,000","51,600,000","48,700,000","44,300,000","45,500,000","44,400,000","41,600,000","36,800,000",,,,,,,,,,,,,,,,,,
TaxProvision,"747,000,000","165,000,000","191,000,000","202,000,000","189,000,000","142,000,000","165,000,000","49,000,000","14,000,000","207,000,000","140,000,000","124,000,000","221,000,000","251,000,000","79,000,000","107,000,000","132,000,000","-117,000,000","475,000,000","127,000,000","91,000,000","120,000,000","178,000,000","98,000,000","108,000,000","292,000,000","134,000,000","108,000,000","124,000,000","134,000,000","124,000,000","167,000,000","119,000,000","159,000,000","183,000,000","250,000,000","179,000,000","145,000,000","139,000,000","180,000,000","173,000,000","104,000,000","149,000,000","169,000,000","112,000,000","84,000,000","65,000,000","50,000,000","-12,000,000","-116,000,000","-11,000,000","470,000,000","-312,000,000","-701,000,000","-72,000,000","85,000,000","139,000,000","47,000,000","118,000,000","146,000,000","148,000,000","-13,000,000","144,000,000","153,000,000","160,000,000","135,000,000","163,000,000","180,000,000","181,000,000","47,000,000","223,000,000","231,792,000","210,524,000","183,882,000","213,073,000","207,446,000","200,599,000","207,206,000","184,483,000","187,282,000","180,029,000","168,833,000","127,027,000","110,274,000","117,175,000","109,016,000","109,895,000","91,103,000","101,986,000","110,000,000","89,400,000","91,848,000","78,600,000","76,300,000","76,900,000","34,300,000","55,600,000","54,900,000","51,400,000","49,500,000","47,000,000","45,200,000","39,300,000","41,600,000","39,200,000","37,700,000","37,700,000","34,300,000","33,200,000","31,900,000","29,600,000","28,800,000","27,600,000","26,000,000","26,200,000","23,700,000","22,700,000","20,700,000","20,600,000","18,300,000","16,000,000","17,200,000","15,400,000","14,300,000","13,500,000","13,500,000","12,400,000","11,700,000","10,300,000",,,,,,,,,,,,,,,,,,
NetIncomeCommonStockholders,"2,652,000,000","625,000,000","683,000,000","673,000,000","672,000,000","566,000,000","560,000,000","162,000,000","28,000,000","680,000,000","530,000,000","423,000,000","752,000,000","444,000,000","413,000,000","557,000,000","681,000,000","481,000,000","989,000,000","340,000,000","286,000,000","362,000,000","496,000,000","307,000,000","309,000,000","628,000,000","362,000,000","289,000,000","343,000,000","358,000,000","325,000,000","412,000,000","306,000,000","380,000,000","418,000,000","578,000,000","410,000,000","379,000,000","354,000,000","376,000,000","421,000,000","299,000,000","373,000,000","328,000,000","88,000,000","267,000,000","175,000,000","130,000,000","-72,000,000","-163,000,000","-159,000,000","856,000,000","-26,000,000","-2,183,000,000","-81,000,000","-202,000,000","286,000,000","17,000,000","325,000,000","376,000,000","359,000,000","64,000,000","377,000,000","382,000,000","363,000,000","331,000,000","394,000,000","417,000,000","405,000,000","176,000,000","470,000,000","447,525,000","430,131,000","460,495,000","437,198,000","437,488,000","418,819,000","423,399,000","416,554,000","404,077,000","389,969,000","385,446,000","279,417,000","128,703,000","244,304,000","236,517,000","228,026,000","192,088,000","206,369,000","191,000,000","173,500,000","180,172,000","150,400,000","150,000,000","144,100,000","57,800,000","109,000,000","107,200,000","103,400,000","96,100,000","94,500,000","93,700,000","79,100,000","83,200,000","79,100,000","77,900,000","75,200,000","68,500,000","66,100,000","64,700,000","62,800,000","57,400,000","54,800,000","52,300,000","51,600,000","47,900,000","44,600,000","44,300,000","43,200,000","40,400,000","36,200,000","36,900,000","36,200,000","34,400,000","30,800,000","32,000,000","32,000,000","29,900,000","26,500,000",,,,,,,,,,,,,,,,,,
	NetIncome,"2,770,000,000","663,000,000","704,000,000","709,000,000","694,000,000","604,000,000","581,000,000","195,000,000","46,000,000","734,000,000","549,000,000","453,000,000","775,000,000","472,000,000","433,000,000","586,000,000","704,000,000","509,000,000","1,014,000,000","367,000,000","305,000,000","389,000,000","516,000,000","333,000,000","327,000,000","656,000,000","381,000,000","315,000,000","361,000,000","385,000,000","340,000,000","439,000,000","318,000,000","403,000,000","421,000,000","591,000,000","422,000,000","398,000,000","363,000,000","385,000,000","430,000,000","314,000,000","381,000,000","337,000,000","265,000,000","333,000,000","238,000,000","192,000,000","-10,000,000","-98,000,000","-97,000,000","882,000,000","50,000,000","-2,142,000,000","-56,000,000","-202,000,000","286,000,000","17,000,000","325,000,000","376,000,000","359,000,000","65,000,000","377,000,000","382,000,000","363,000,000","331,000,000","395,000,000","417,000,000","405,000,000","176,000,000","471,000,000","447,710,000","430,316,000","460,940,000","437,383,000","437,673,000","419,004,000","423,844,000","416,739,000","404,262,000","390,154,000","385,891,000","279,602,000","128,888,000","244,304,000","236,517,000","228,026,000","192,088,000","206,369,000","191,000,000","173,500,000","180,172,000","150,400,000","150,000,000","144,100,000","57,800,000","109,000,000","107,200,000","103,400,000","96,100,000","94,500,000","93,700,000","79,100,000","83,200,000","79,100,000","77,900,000","75,200,000","68,500,000","66,100,000","64,700,000","62,800,000","57,400,000","54,800,000","52,300,000","51,600,000","47,900,000","44,600,000","44,300,000","43,200,000","40,400,000","36,200,000","36,900,000","36,200,000","34,400,000","30,800,000","32,000,000","32,000,000","29,900,000","26,500,000",,,,,,,,,,,,,,,,,,
		NetIncomeIncludingNoncontrollingInterests,"2,770,000,000","663,000,000","704,000,000","709,000,000","694,000,000","604,000,000","581,000,000","195,000,000","46,000,000","734,000,000","549,000,000","453,000,000","775,000,000","472,000,000","433,000,000","586,000,000","704,000,000","509,000,000","1,014,000,000","367,000,000","305,000,000","389,000,000","516,000,000","329,000,000","327,000,000","656,000,000","381,000,000","309,000,000","361,000,000","385,000,000","340,000,000","439,000,000","319,000,000","402,000,000","421,000,000","591,000,000","412,000,000","395,000,000","364,000,000","385,000,000","430,000,000","314,000,000","381,000,000","337,000,000","265,000,000","333,000,000","238,000,000","192,000,000","-10,000,000","-98,000,000","-97,000,000","882,000,000","50,000,000","-2,142,000,000","-56,000,000","-202,000,000","286,000,000","17,000,000","325,000,000","376,000,000","359,000,000","65,000,000","377,000,000","382,000,000","363,000,000","331,000,000","395,000,000","417,000,000","405,000,000","176,000,000","471,000,000","447,710,000","430,316,000","460,482,000","437,383,000","447,902,000","429,233,000","433,564,000","426,161,000","413,691,000","399,583,000","387,891,000","279,602,000","128,888,000","244,304,000","236,517,000","228,026,000","192,088,000","206,369,000","191,000,000","173,500,000","180,172,000","150,400,000","150,000,000","144,100,000","57,800,000","109,000,000","107,200,000","103,400,000","96,100,000","94,500,000","93,700,000","79,100,000","83,200,000","79,100,000","77,900,000","75,200,000","68,500,000","66,100,000","64,700,000","62,800,000","57,400,000","54,800,000","52,300,000","51,600,000","47,900,000","44,600,000","44,300,000","43,200,000","40,400,000","36,200,000","36,900,000","36,200,000","34,400,000","30,800,000","32,000,000","32,000,000","29,900,000","26,500,000","36,500,000","25,500,000","24,800,000","21,600,000","22,900,000","21,900,000","21,600,000","17,700,000","15,300,000","16,000,000","15,100,000","13,700,000","16,700,000","13,700,000","12,500,000","12,200,000","13,300,000","11,100,000"
			NetIncomeContinuousOperations,"2,770,000,000","663,000,000","704,000,000","709,000,000","694,000,000","604,000,000","581,000,000","195,000,000","46,000,000","734,000,000","549,000,000","453,000,000","775,000,000","472,000,000","433,000,000","586,000,000","704,000,000","509,000,000","1,014,000,000","367,000,000","305,000,000","389,000,000","516,000,000","329,000,000","327,000,000","656,000,000","381,000,000","309,000,000","361,000,000","385,000,000","340,000,000","439,000,000","319,000,000","402,000,000","421,000,000","591,000,000","412,000,000","395,000,000","364,000,000","385,000,000","430,000,000","314,000,000","381,000,000","337,000,000","265,000,000","333,000,000","238,000,000","192,000,000","-10,000,000","-98,000,000","-97,000,000","882,000,000","50,000,000","-2,142,000,000","-56,000,000","-202,000,000","286,000,000","17,000,000","325,000,000","376,000,000","359,000,000","65,000,000","377,000,000","382,000,000","359,000,000","331,000,000","395,000,000","417,000,000","405,000,000","176,000,000","471,000,000","447,710,000","430,316,000","417,178,000","448,145,000","437,673,000","419,004,000","423,844,000","416,739,000","404,262,000","390,154,000","386,110,000","279,602,000","128,888,000","244,304,000","236,517,000","228,026,000","192,088,000","206,369,000","191,000,000","173,500,000","180,172,000","150,400,000","150,000,000","144,100,000","57,800,000","109,000,000","107,200,000","103,400,000","96,100,000","94,500,000","93,700,000","79,100,000","83,200,000","79,100,000","77,900,000","75,200,000","68,500,000","66,100,000","64,700,000","62,800,000","57,400,000","54,800,000","52,300,000","51,600,000","47,900,000","44,600,000","44,300,000","43,200,000","40,400,000","36,200,000","36,900,000","36,200,000","34,400,000","30,800,000","32,000,000","32,000,000","29,900,000","26,500,000","36,500,000","25,500,000","24,800,000","21,600,000","22,900,000","21,900,000","21,600,000","17,700,000","15,300,000","16,000,000","15,100,000","13,700,000","16,700,000","13,700,000","12,500,000","12,200,000","13,300,000","11,100,000"
			NetIncomeExtraordinary,,,,,,,,,,,,,,,,,,,,,,,,,,,,,,,,,,,,,,,,,,,,,,,,,,,,,,,,,,,,,,"0",,,"4,000,000",,,,,,,,,"-238,000","-10,762,000",,,,,,,"-219,000",,,,,,,,,,,,,,,,,,,,,,,,,,,,,,,,,,,,,,,,,,,,,,,,,,,,,,,,,,,,,,,,,
		MinorityInterests,,,,,,,,,,"0","0","0","0","0","0","0","0","0","0","0","0","0",,"4,000,000","0","0","0","6,000,000","0","0","0","0","-1,000,000","1,000,000","0","0","10,000,000","3,000,000","-1,000,000","0","0","0","0","0","0","0","0",,,,,,,,,,,,,,,,,,,,,,,,,,,"458,000",,"-10,229,000","-10,229,000","-9,720,000","-9,422,000","-9,429,000","-9,429,000",,,,,,,,,,,,,,,,,,,,,,,,,,,,,,,,,,,,,,,,,,,,,,,,,,,,,,,,,,,,,,,,,,
	PreferredStockDividends,"111,000,000","36,000,000","20,000,000","35,000,000","20,000,000","35,000,000","19,000,000","32,000,000","17,000,000","33,000,000","19,000,000","26,000,000","15,000,000","23,000,000","15,000,000","23,000,000","15,000,000","23,000,000","15,000,000","23,000,000","15,000,000","23,000,000","15,000,000","23,000,000","15,000,000","23,000,000","15,000,000","23,000,000","15,000,000","23,000,000","12,000,000","23,000,000","9,000,000","19,000,000",,"9,000,000","9,000,000","9,000,000","9,000,000","9,000,000","9,000,000","9,000,000","8,000,000","9,000,000","177,000,000","63,000,000","63,000,000","62,000,000","62,000,000","61,000,000","62,000,000","26,000,000","76,000,000","41,000,000","25,000,000",,,,,,,,,,,"0","1,000,000",,,"0","1,000,000","185,000","185,000","445,000","185,000","185,000","185,000","445,000","185,000","185,000","185,000","445,000","185,000","185,000",,,,,,,,,,,,,,,,,,,,,,,,,,,,,,,,,,,,,,,,,,,,,,,,,,,,,,,,,,,,,,,
	OtherunderPreferredStockDividend,"7,000,000","2,000,000","1,000,000","1,000,000","2,000,000","3,000,000","2,000,000","1,000,000","1,000,000",,"4,000,000","4,000,000","8,000,000","5,000,000","5,000,000","6,000,000","8,000,000","5,000,000","10,000,000","4,000,000","4,000,000","4,000,000","5,000,000","3,000,000","3,000,000","5,000,000","4,000,000","3,000,000","3,000,000","4,000,000","3,000,000","4,000,000","3,000,000","4,000,000","3,000,000","4,000,000","3,000,000",,,,,,,,,,,,,,,"52,000,000",,,,,,,,,,,,,,,,,,,,,,,,,,,,,,,,,,,,,,,,,,,,,,,,,,,,,,,,,,,,,,,,,,,,,,,,,,,,,,,,,,,,,,,,,,,,,,,
AverageDilutionEarnings,,,"0","0","0","0","0","0",,,"-4,000,000",,,,"0","0",,,,,,,,,,,,,,"0","0","0","0","0","0","9,000,000","9,000,000",,,,,,,,,,,,,,,,,,,,,,,,,,,,,,,,,,,,,,,,,,,,,,,,,,,,,,,,,,,,,,,,,,,,,,,,,,,,,,,,,,,,,,,,,,,,,,,,,,,,,,,,,,,,,,
DilutedNIAvailtoComStockholders,"2,652,000,000","625,000,000","683,000,000","673,000,000","672,000,000","566,000,000","560,000,000","162,000,000","28,000,000","696,000,000","526,000,000","423,000,000","752,000,000","444,000,000","413,000,000","557,000,000","681,000,000","482,000,000","989,000,000","340,000,000","286,000,000","362,000,000","496,000,000","307,000,000","309,000,000","628,000,000","362,000,000","289,000,000","343,000,000","358,000,000","325,000,000","412,000,000","306,000,000","380,000,000","418,000,000","587,000,000","419,000,000","414,000,000","354,000,000","376,000,000","421,000,000","334,000,000","373,000,000","328,000,000","88,000,000","267,000,000","175,000,000","130,000,000","-72,000,000","-184,000,000","-159,000,000","856,000,000","-26,000,000","-2,183,000,000","-81,000,000","-202,000,000","286,000,000","17,000,000","325,000,000","376,000,000","359,000,000","64,000,000","377,000,000","382,000,000","363,000,000","331,000,000","394,000,000","417,000,000","405,000,000","176,000,000","470,000,000","447,525,000","430,131,000","460,495,000","437,198,000","437,488,000","418,819,000","423,399,000","416,554,000","404,077,000","389,969,000","385,446,000","279,417,000","128,703,000","244,304,000","236,517,000","228,026,000","192,088,000","206,369,000","191,000,000","173,500,000","180,172,000","150,400,000","150,000,000","144,100,000","57,800,000","109,000,000","107,200,000","103,400,000","96,100,000","94,500,000","93,700,000","79,100,000","83,200,000","79,100,000","77,900,000","75,200,000","68,500,000","66,100,000","64,700,000","62,800,000","57,400,000","54,800,000","52,300,000","51,600,000","47,900,000","44,600,000","44,300,000","43,200,000","40,400,000","36,200,000","36,900,000","36,200,000","34,400,000","30,800,000","32,000,000","32,000,000","29,900,000","26,500,000",,,,,,,,,,,,,,,,,,
BasicEPS,,"0.91","0.98","0.95","0.94","0.79","0.78","0.23","0.04","0.97","0.72","0.57","1.14","0.65","0.62","0.81","0.99","0.68","1.37","0.46","0.38","0.49","0.66","0.4","0.4","0.8","0.46","0.36","0.45","0.44","0.39","0.49","0.36","0.44","0.47","0.69","0.47","0.44","0.39","0.41","0.46",,"0.41","0.36","0.1",,"0.22","0.16","-0.09",,"-0.2","1.076","-0.04",,"-0.14","-0.37","0.54",,"0.61","0.69","0.65",,"0.68","0.69","0.66",,"0.71","0.75","0.73",,"0.84","0.8","0.76",,"0.77","0.76","0.73",,"0.72","0.69","0.67",,"0.48","0.22","0.52",,"0.49","0.41","0.447",,"0.43","0.4","0.37",,"0.36","0.15","0.31",,"0.3","0.29","0.28",,"0.22","0.23","0.23",,"0.22","0.21","0.2",,"0.19","0.18","0.17",,"0.17","0.15","0.15",,"0.14","0.13","0.12",,"0.12","0.11","0.1",,"0.11","0.1","0.09",,,,"0.09",,,,"0.07",,,,"0.06",,,,"0.06",,
DilutedEPS,,"0.9","0.97","0.94","0.93","0.78","0.78","0.23","0.04","0.96","0.71","0.57","1.12","0.64","0.61","0.8","0.97","0.67","1.35","0.45","0.38","0.49","0.65","0.4","0.4","0.79","0.45","0.36","0.44","0.43","0.39","0.49","0.36","0.43","0.47","0.66","0.46","0.43","0.38","0.4","0.45",,"0.4","0.35","0.1",,"0.22","0.16","-0.09",,"-0.2","1.076","-0.04",,"-0.14","-0.37","0.54",,"0.61","0.69","0.65",,"0.68","0.69","0.65",,"0.71","0.75","0.72",,"0.83","0.79","0.75",,"0.76","0.75","0.72",,"0.7","0.68","0.66",,"0.47","0.22","0.51",,"0.48","0.41","0.44",,"0.41","0.39","0.37",,"0.35","0.15","0.31",,"0.3","0.28","0.27",,"0.22","0.23","0.23",,"0.22","0.21","0.2",,"0.19","0.18","0.17",,"0.17","0.15","0.15",,"0.14","0.13","0.12",,"0.12","0.11","0.1",,"0.11","0.1","0.09",,,,"0.09",,,,"0.07",,,,"0.06",,,,"0.06",,
BasicAverageShares,,"688,370,000","697,457,000","708,833,000","714,433,000","715,482,000","715,102,000","714,767,000","713,556,000","715,137,000","726,716,000","738,051,000","661,057,000","653,062,000","667,624,000","683,345,000","689,820,000","703,372,000","721,280,000","741,401,000","747,668,000","746,107,000","750,886,000","759,105,000","773,564,000","784,855,000","795,793,000","803,965,000","810,210,000","819,057,000","829,392,000","838,492,000","845,860,000","868,077,000","880,183,000","858,583,000","870,923,000","884,676,000","904,475,000","913,541,000","915,226,000",,"914,947,000","914,601,000","880,830,000",,"791,017,000","790,839,000","790,473,000",,"790,334,000","650,000,000","650,000,000",,"572,000,000","545,945,946","529,629,630",,"532,786,885","544,927,536","552,307,692",,"554,411,765","553,623,188","550,000,000",,"554,929,577","556,000,000","554,794,521",,"559,523,810","559,406,250","565,961,842",,"570,088,000","573,888,000","574,366,000",,"580,504,000","581,814,000","582,583,000",,"577,252,000","574,545,000","467,532,000",,"464,086,000","464,740,000","463,780,500",,"403,488,372","456,295,000","406,486,486",,"400,277,778","385,333,333","351,612,903",,"344,666,667","331,379,310","337,500,000",,"359,545,455","361,739,130","343,913,043",,"341,818,182","326,190,476","330,500,000",,"330,526,316","318,888,889","322,352,941",,"303,529,412","319,333,333","297,333,333",,"308,571,429","310,769,231","301,666,667",,"301,666,667","312,727,273","308,000,000",,"290,909,091","299,000,000","294,444,444",,,,"250,194,903",,,,"236,110,945",,,,"219,016,492",,,,"201,398,801",,
DilutedAverageShares,,"697,532,000","706,090,000","718,085,000","723,425,000","722,096,000","718,894,000","717,572,000","720,363,000","724,968,000","736,086,000","747,750,000","670,685,000","662,966,000","679,199,000","696,210,000","704,101,000","716,908,000","733,285,000","752,328,000","760,809,000","757,444,000","757,456,000","765,080,000","778,392,000","794,481,000","805,023,000","812,843,000","818,672,000","827,831,000","838,324,000","848,245,000","857,924,000","877,511,000","888,111,000","900,625,000","913,163,000","925,585,000","944,821,000","954,622,000","957,416,000",,"955,490,000","955,478,000","894,841,000",,"797,492,000","802,255,000","790,473,000",,"790,334,000","650,000,000","650,000,000",,"572,000,000","545,945,946","529,629,630",,"532,786,885","544,927,536","552,307,692",,"554,411,765","553,623,188","558,461,538",,"554,929,577","556,000,000","562,500,000",,"566,265,060","566,487,342","573,508,000",,"578,777,000","581,663,000","582,769,000",,"592,024,000","594,257,000","594,982,000",,"593,762,000","590,234,000","482,023,000",,"476,125,000","476,312,000","474,622,500",,"423,170,732","469,420,000","406,486,486",,"411,714,286","385,333,333","351,612,903",,"344,666,667","343,214,286","350,000,000",,"359,545,455","361,739,130","343,913,043",,"341,818,182","326,190,476","330,500,000",,"330,526,316","318,888,889","322,352,941",,"303,529,412","319,333,333","297,333,333",,"308,571,429","310,769,231","301,666,667",,"301,666,667","312,727,273","308,000,000",,"290,909,091","299,000,000","294,444,444",,,,"250,194,903",,,,"236,110,945",,,,"219,016,492",,,,"201,398,801",,
RentExpenseSupplemental,"137,000,000","35,000,000","33,000,000","33,000,000","35,000,000","37,000,000","35,000,000","33,000,000","35,000,000","32,000,000","37,000,000","38,000,000","18,000,000","17,000,000","19,000,000","20,000,000","21,000,000","20,000,000","20,000,000","21,000,000","25,000,000","22,000,000","22,000,000","21,000,000","20,000,000","20,000,000","18,000,000","18,000,000","18,000,000","18,000,000","16,000,000","16,000,000","17,000,000","16,000,000","15,000,000","13,000,000","12,000,000",,,,,,,,,,,,,,,,,,,,,,,,,,,,,,,,,,,,,,,,,,,,,,,,,,,,,,,,,,,,,,,,,,,,,,,,,,,,,,,,,,,,,,,,,,,,,,,,,,,,,,,,,,,,,,
NetIncomeFromContinuingAndDiscontinuedOperation,"2,770,000,000","663,000,000","704,000,000","709,000,000","694,000,000","604,000,000","581,000,000","195,000,000","46,000,000","734,000,000","549,000,000","453,000,000","775,000,000","472,000,000","433,000,000","586,000,000","704,000,000","509,000,000","1,014,000,000","367,000,000","305,000,000","389,000,000","516,000,000","333,000,000","327,000,000","656,000,000","381,000,000","315,000,000","361,000,000","385,000,000","340,000,000","439,000,000","318,000,000","403,000,000","421,000,000","591,000,000","422,000,000","398,000,000","363,000,000","385,000,000","430,000,000","314,000,000","381,000,000","337,000,000","265,000,000","333,000,000","238,000,000","192,000,000","-10,000,000","-98,000,000","-97,000,000","882,000,000","50,000,000","-2,142,000,000","-56,000,000","-202,000,000","286,000,000","17,000,000","325,000,000","376,000,000","359,000,000","65,000,000","377,000,000","382,000,000","359,000,000","331,000,000","395,000,000","417,000,000","405,000,000","176,000,000","471,000,000","447,710,000","430,316,000","461,178,000","448,145,000","437,673,000","419,004,000","423,844,000","416,739,000","404,262,000","390,154,000","386,110,000","279,602,000","128,888,000","244,304,000","236,517,000","228,026,000","192,088,000","206,369,000","191,000,000","173,500,000","180,172,000","150,400,000","150,000,000","144,100,000","57,800,000","109,000,000","107,200,000","103,400,000","96,100,000","94,500,000","93,700,000","79,100,000","83,200,000","79,100,000","77,900,000","75,200,000","68,500,000","66,100,000","64,700,000","62,800,000","57,400,000","54,800,000","52,300,000","51,600,000","47,900,000","44,600,000","44,300,000","43,200,000","40,400,000","36,200,000","36,900,000","36,200,000","34,400,000","30,800,000","32,000,000","32,000,000","29,900,000","26,500,000",,,,,,,,,,,,,,,,,,
NormalizedIncome,"2,773,152,000","712,644,927.536","658,354,000","709,779,000","694,000,000","608,048,257.373","589,569,000","211,821,000","53,740,000","740,240,170.032","573,738,000","542,490,000","412,452,000","408,674,965.422","462,540,000","480,375,000","402,564,000","569,000,000","336,405,000","395,899,000","335,840,000","418,805,500.982","559,896,000","356,160,000","351,750,000","449,097,046.414","409,120,000","415,504,000","388,528,000","396,868,978.805","364,189,000","373,840,000","348,534,000","428,796,791.444","385,453,000","443,370,000","442,880,000","398,000,000","363,000,000","385,000,000","430,000,000","314,000,000","381,000,000","337,000,000","265,000,000","333,000,000","238,000,000","192,000,000","-10,000,000","-204,600,000","-91,611,111.111","882,000,000","50,000,000","-2,208,301,793.88","168,900,000","-202,000,000","286,000,000","17,000,000","325,000,000","376,000,000","359,000,000","65,000,000","377,000,000","382,000,000","359,000,000","331,000,000","395,000,000","417,000,000","405,000,000","176,000,000","471,000,000","447,710,000","430,316,000","417,178,000","448,145,000","437,673,000","419,004,000","423,844,000","416,739,000","404,262,000","390,154,000","386,110,000","368,555,302.229","260,425,400","244,304,000","236,517,000","228,026,000","192,088,000","206,369,000","191,000,000","173,500,000","180,172,000","150,400,000","150,000,000","144,100,000","57,800,000","109,000,000","107,200,000","103,400,000","96,100,000","94,500,000","93,700,000","79,100,000","83,200,000","79,100,000","77,900,000","75,200,000","68,500,000","66,100,000","64,700,000","62,800,000","57,400,000","54,800,000","52,300,000","51,600,000","47,900,000","44,600,000","44,300,000","43,200,000","40,400,000","36,200,000","36,900,000","36,200,000","34,400,000","30,800,000","32,000,000","32,000,000","29,900,000","26,500,000",,,,,,,,,,,,,,,,,,
InterestIncome,"5,211,000,000","1,295,000,000","1,292,000,000","1,323,000,000","1,302,000,000","1,315,000,000","1,329,000,000","1,403,000,000","1,525,000,000","1,560,000,000","1,625,000,000","1,636,000,000","1,433,000,000","1,393,000,000","1,315,000,000","1,269,000,000","1,206,000,000","1,145,000,000","1,152,000,000","1,106,000,000","1,086,000,000","1,051,000,000","1,057,000,000","1,046,000,000","1,038,000,000","1,029,000,000","1,026,000,000","1,003,000,000","970,000,000","1,010,000,000","1,018,000,000","1,008,000,000","993,000,000","1,002,000,000","992,000,000","984,000,000","995,000,000","1,016,000,000","1,023,000,000","1,027,000,000","1,040,000,000","1,058,000,000","1,055,000,000","1,045,000,000","1,060,000,000","1,104,000,000","1,126,000,000","1,116,000,000","1,143,000,000","1,143,000,000","1,169,000,000","1,179,000,000","1,178,000,000","1,406,000,000","1,548,000,000","1,207,000,000","1,447,000,000","1,550,000,000","1,529,000,000","1,489,000,000","1,460,000,000","1,545,000,000","1,534,000,000","1,477,000,000","1,398,000,000","1,352,000,000","1,283,000,000","1,215,000,000","1,145,000,000","1,081,000,000","1,043,000,000","1,000,130,000","990,125,000","987,806,000","982,978,000","1,019,918,000","1,000,298,000","1,027,440,000","1,036,547,000","1,047,301,000","1,017,712,000","1,065,891,000","1,155,503,000","1,228,416,000","817,648,000","835,644,000","842,260,000","817,916,000","767,180,000","1,154,300,000","552,500,000","668,596,000","496,300,000","496,500,000","502,100,000","513,400,000","393,000,000","378,300,000","371,100,000","366,300,000","362,700,000","359,300,000","359,000,000","343,600,000","323,100,000","313,400,000","302,700,000","288,000,000","269,200,000","248,700,000","236,900,000","205,200,000","193,300,000","185,600,000","182,400,000","182,700,000","176,700,000","177,200,000","175,000,000","173,500,000","168,800,000","177,800,000","180,100,000","178,600,000","177,000,000","182,100,000","177,700,000","169,800,000","167,000,000",,,,,,,,,,,,,,,,,,
InterestExpense,"441,000,000","99,000,000","103,000,000","115,000,000","126,000,000","133,000,000","159,000,000","203,000,000","296,000,000","332,000,000","383,000,000","391,000,000","351,000,000","312,000,000","272,000,000","249,000,000","210,000,000","189,000,000","182,000,000","167,000,000","153,000,000","148,000,000","150,000,000","144,000,000","135,000,000","132,000,000","125,000,000","116,000,000","123,000,000","128,000,000","115,000,000","108,000,000","100,000,000","102,000,000","99,000,000","104,000,000","107,000,000","117,000,000","120,000,000","132,000,000","142,000,000","142,000,000","157,000,000","181,000,000","181,000,000","190,000,000","214,000,000","234,000,000","246,000,000","265,000,000","300,000,000","348,000,000","402,000,000","513,000,000","485,000,000","469,000,000","627,000,000","770,000,000","775,000,000","750,000,000","724,000,000","806,000,000","821,000,000","767,000,000","687,000,000","625,000,000","546,000,000","465,000,000","394,000,000","338,000,000","286,000,000","238,169,000","240,382,000","253,712,000","257,932,000","280,452,000","293,903,000","329,296,000","358,874,000","369,285,000","371,545,000","436,967,000","547,548,000","620,699,000","424,713,000","464,802,000","471,266,000","453,196,000","403,736,000","589,200,000","267,300,000","316,275,000","226,100,000","236,500,000","251,700,000","263,800,000","195,100,000","185,800,000","184,700,000","181,500,000","181,400,000","180,400,000","181,900,000","172,100,000","161,500,000","162,200,000","159,900,000","152,300,000","135,500,000","118,200,000","105,700,000","86,900,000","75,400,000","73,700,000","72,900,000","73,400,000","70,900,000","71,200,000","73,600,000","77,600,000","77,900,000","89,900,000","96,600,000","96,900,000","97,900,000","105,800,000","103,900,000","97,400,000","95,900,000",,,,,,,,,,,,,,,,,,
NetInterestIncome,"4,770,000,000","1,196,000,000","1,189,000,000","1,208,000,000","1,176,000,000","1,182,000,000","1,170,000,000","1,200,000,000","1,229,000,000","1,228,000,000","1,242,000,000","1,245,000,000","1,082,000,000","1,081,000,000","1,043,000,000","1,020,000,000","996,000,000","956,000,000","970,000,000","939,000,000","933,000,000","903,000,000","907,000,000","902,000,000","903,000,000","897,000,000","901,000,000","887,000,000","847,000,000","882,000,000","903,000,000","900,000,000","893,000,000","900,000,000","893,000,000","880,000,000","888,000,000","899,000,000","903,000,000","895,000,000","898,000,000","916,000,000","898,000,000","864,000,000","879,000,000","914,000,000","912,000,000","882,000,000","897,000,000","878,000,000","869,000,000","831,000,000","776,000,000","893,000,000","1,063,000,000","738,000,000","820,000,000","780,000,000","754,000,000","739,000,000","736,000,000","739,000,000","713,000,000","710,000,000","711,000,000","727,000,000","737,000,000","750,000,000","751,000,000","743,000,000","757,000,000","761,961,000","749,743,000","734,094,000","725,046,000","739,466,000","706,395,000","698,144,000","677,673,000","678,016,000","646,167,000","628,924,000","607,955,000","607,717,000","392,935,000","370,842,000","370,994,000","364,720,000","363,444,000","565,100,000","285,200,000","352,321,000","270,200,000","260,000,000","250,400,000","249,600,000","197,900,000","192,500,000","186,400,000","184,800,000","181,300,000","178,900,000","177,100,000","171,500,000","161,600,000","151,200,000","142,800,000","135,700,000","133,700,000","130,500,000","131,200,000","118,300,000","117,900,000","111,900,000","109,500,000","109,300,000","105,800,000","106,000,000","101,400,000","95,900,000","90,900,000","87,900,000","83,500,000","81,700,000","79,100,000","76,300,000","73,800,000","72,400,000","71,100,000",,,,,,,,,,,,,,,,,,
ReconciledDepreciation,"349,000,000","-22,000,000","128,000,000","121,000,000","122,000,000","134,000,000","127,000,000","113,000,000","118,000,000","183,000,000","91,000,000","109,000,000","89,000,000","85,000,000","49,000,000","133,000,000","93,000,000","86,000,000","85,000,000","81,000,000","89,000,000","112,000,000","113,000,000","118,000,000","110,000,000","108,000,000","112,000,000","114,000,000","107,000,000","107,000,000","107,000,000","102,000,000","98,000,000","97,000,000","134,000,000","139,000,000","137,000,000","143,000,000","134,000,000","126,000,000","128,000,000","129,000,000","111,000,000","103,000,000","112,000,000","130,000,000","121,000,000","109,000,000","97,000,000","83,000,000","76,000,000","96,000,000","86,000,000","-260,000,000","96,000,000","107,000,000","65,000,000","92,000,000","90,000,000","95,000,000","90,000,000","101,000,000","105,000,000","99,000,000","94,000,000","99,000,000","110,000,000","101,000,000","95,000,000","106,000,000","108,553,000","119,807,000","124,640,000","138,286,000","173,572,000","119,625,000","118,517,000","97,848,000","94,343,000","83,197,000","62,612,000","72,445,000","66,211,000","64,711,000","32,633,000","29,681,000","23,705,000","30,645,000","27,969,000","42,700,000","9,578,000","29,522,000","22,200,000","21,600,000","18,500,000","25,300,000","15,100,000","13,400,000","12,000,000","13,600,000","15,200,000","10,900,000","12,400,000","14,100,000","12,300,000","8,200,000","12,200,000","3,500,000","3,700,000","6,400,000","7,900,000","4,600,000","11,100,000","8,100,000","2,800,000","9,000,000","10,500,000","11,500,000","9,500,000","6,200,000","5,900,000","4,700,000","3,800,000","3,600,000","3,000,000","2,600,000","2,600,000","2,100,000","2,600,000",,,,,,,,,,,,,,,,,,
NetIncomeFromContinuingOperationNetMinorityInterest,"2,770,000,000","663,000,000","704,000,000","709,000,000","694,000,000","604,000,000","581,000,000","195,000,000","46,000,000","734,000,000","549,000,000","453,000,000","775,000,000","472,000,000","433,000,000","586,000,000","704,000,000","509,000,000","1,014,000,000","367,000,000","305,000,000","389,000,000","516,000,000","333,000,000","327,000,000","656,000,000","381,000,000","315,000,000","361,000,000","385,000,000","340,000,000","439,000,000","318,000,000","403,000,000","421,000,000","591,000,000","422,000,000","398,000,000","363,000,000","385,000,000","430,000,000","314,000,000","381,000,000","337,000,000","265,000,000","333,000,000","238,000,000","192,000,000","-10,000,000","-98,000,000","-97,000,000","882,000,000","50,000,000","-2,142,000,000","-56,000,000","-202,000,000","286,000,000","17,000,000","325,000,000","376,000,000","359,000,000","65,000,000","377,000,000","382,000,000","359,000,000","331,000,000","395,000,000","417,000,000","405,000,000","176,000,000","471,000,000","447,710,000","430,316,000","417,178,000","448,145,000","437,673,000","419,004,000","423,844,000","416,739,000","404,262,000","390,154,000","386,110,000","279,602,000","128,888,000","244,304,000","236,517,000","228,026,000","192,088,000","206,369,000","191,000,000","173,500,000","180,172,000","150,400,000","150,000,000","144,100,000","57,800,000","109,000,000","107,200,000","103,400,000","96,100,000","94,500,000","93,700,000","79,100,000","83,200,000","79,100,000","77,900,000","75,200,000","68,500,000","66,100,000","64,700,000","62,800,000","57,400,000","54,800,000","52,300,000","51,600,000","47,900,000","44,600,000","44,300,000","43,200,000","40,400,000","36,200,000","36,900,000","36,200,000","34,400,000","30,800,000","32,000,000","32,000,000","29,900,000","26,500,000",,,,,,,,,,,,,,,,,,
TotalUnusualItemsExcludingGoodwill,"-4,000,000","-62,000,000","58,000,000","-1,000,000","0","-5,000,000","-11,000,000","-21,000,000","-10,000,000","-8,000,000","-31,000,000","-114,000,000","466,000,000","97,000,000","-35,000,000","125,000,000","358,000,000","-100,000,000","995,000,000","-39,000,000","-40,000,000","-39,000,000","-59,000,000","-30,000,000","-33,000,000","299,000,000","-38,000,000","-136,000,000","-37,000,000","-16,000,000","-33,000,000","90,000,000","-42,000,000","-36,000,000","51,000,000","210,000,000","-30,000,000","23,000,000","-26,000,000",,,,,,,,"0","0",,"164,000,000","-6,000,000",,,"88,000,000","-346,000,000",,,,,,,,,,,,,,,,,,,,,,,,,,,,"-129,366,000","-219,229,000",,,,,,,,,,,,,,,,,,,,,,,,,,,,,,,,,,,,,,,,,,,,,,,,,,,,,,,,,,,,,,,
TotalUnusualItems,"-4,000,000","-62,000,000","58,000,000","-1,000,000","0","-5,000,000","-11,000,000","-21,000,000","-10,000,000","-8,000,000","-31,000,000","-114,000,000","466,000,000","97,000,000","-35,000,000","125,000,000","358,000,000","-100,000,000","995,000,000","-39,000,000","-40,000,000","-39,000,000","-59,000,000","-30,000,000","-33,000,000","299,000,000","-38,000,000","-136,000,000","-37,000,000","-16,000,000","-33,000,000","90,000,000","-42,000,000","-36,000,000","51,000,000","210,000,000","-30,000,000","23,000,000","-26,000,000",,,,,,,,"0","0",,"164,000,000","-6,000,000",,,"88,000,000","-346,000,000",,,,,,,,,,,,,,,,,,,,,,,,,,,,"-129,366,000","-219,229,000",,,,,,,,,,,,,,,,,,,,,,,,,,,,,,,,,,,,,,,,,,,,,,,,,,,,,,,,,,,,,,,
TaxRateForCalcs,"0.212","0.199","0.213","0.221","0.214","0.19","0.221","0.199","0.226","0.22","0.202","0.215","0.222","0.347","0.156","0.155","0.158","0.4","0.319","0.259","0.229","0.236","0.256","0.228","0.25","0.308","0.26","0.261","0.256","0.258","0.267","0.276","0.273","0.283","0.303","0.297","0.304","0.269","0.276","0.319","0.287","0.249","0.281","0.334","0.297","0.201","0.215","0.207","0.35","0.35","0.102","0.348","0.35","0.247","0.35","0.35","0.327","0.35","0.266","0.28","0.292","0.4","0.276","0.286","0.308","0.29","0.292","0.302","0.309","0.211","0.321","0.341","0.329","0.306","0.322","0.322","0.324","0.328","0.307","0.317","0.316","0.304","0.312","0.4","0.324","0.316","0.325","0.322","0.331","0.365","0.34","0.338","0.343","0.337","0.348","0.372","0.338","0.339","0.332","0.34","0.332","0.325","0.332","0.333","0.331","0.326","0.334","0.334","0.334","0.33","0.32","0.334","0.335","0.332","0.337","0.331","0.337","0.318","0.323","0.312","0.307","0.318","0.298","0.294","0.305","0.297","0.279","0.281","0.28",,,,,,,,,,,,,,,,,,
TaxEffectOfUnusualItems,"-848,000","-12,355,072.464","12,354,000","-221,000","0","-951,742.627","-2,431,000","-4,179,000","-2,260,000","-1,759,829.968","-6,262,000","-24,510,000","103,452,000","33,674,965.422","-5,460,000","19,375,000","56,564,000","-40,000,000","317,405,000","-10,101,000","-9,160,000","-9,194,499.018","-15,104,000","-6,840,000","-8,250,000","92,097,046.414","-9,880,000","-35,496,000","-9,472,000","-4,131,021.195","-8,811,000","24,840,000","-11,466,000","-10,203,208.556","15,453,000","62,370,000","-9,120,000","0","0","0","0","0","0","0","0","0","0","0","0","57,400,000","-611,111.111","0","0","21,698,206.12","-121,100,000","0","0","0","0","0","0","0","0","0","0","0","0","0","0","0","0","0","0","0","0","0","0","0","0","0","0","0","-40,412,697.771","-87,691,600","0","0","0","0","0","0","0","0","0","0","0","0","0","0","0","0","0","0","0","0","0","0","0","0","0","0","0","0","0","0","0","0","0","0","0","0","0","0","0","0","0","0","0","0","0",,,,,,,,,,,,,,,,,,