name,ttm,12/31/2021,09/30/2021,06/30/2021,03/31/2021,12/31/2020,09/30/2020,06/30/2020,03/31/2020,12/31/2019,09/30/2019,06/30/2019,03/31/2019,12/31/2018,09/30/2018,06/30/2018,03/31/2018,12/31/2017,09/30/2017,06/30/2017,03/31/2017,12/31/2016,09/30/2016,06/30/2016,03/31/2016,12/31/2015,09/30/2015,06/30/2015,03/31/2015,12/31/2014,09/30/2014,06/30/2014,03/31/2014,12/31/2013,09/30/2013,06/30/2013,03/31/2013,12/31/2012,09/30/2012,06/30/2012,03/31/2012,12/31/2011,09/30/2011,06/30/2011,03/31/2011,12/31/2010,09/30/2010,06/30/2010,03/31/2010,03/31/2007,12/31/2006,09/30/2006,06/30/2006,03/31/2006,12/31/2005,09/30/2005,06/30/2005,03/31/2005,12/31/2004,09/30/2004,06/30/2004,03/31/2004,12/31/2003,09/30/2003,06/30/2003,03/31/2003,12/31/2002,09/30/2002,06/30/2002,03/31/2002,12/31/2001,09/30/2001,06/30/2001,03/31/2001,12/31/2000,09/30/2000,06/30/2000,03/31/2000,12/31/1999,09/30/1999,06/30/1999,03/31/1999,12/31/1998,09/30/1998,06/30/1998,03/31/1998,12/31/1997,09/30/1997,06/30/1997,03/31/1997,12/31/1996,09/30/1996,06/30/1996,03/31/1996,12/31/1995,09/30/1995,06/30/1995,03/31/1995,12/31/1994,09/30/1994,06/30/1994,03/31/1994,12/31/1993,09/30/1993,06/30/1993,03/31/1993,12/31/1992,09/30/1992,06/30/1992,03/31/1992,12/31/1991,09/30/1991,06/30/1991,03/31/1991,12/31/1990,09/30/1990,06/30/1990,03/31/1990,12/31/1989,09/30/1989,06/30/1989,03/31/1989,12/31/1988,09/30/1988,06/30/1988,03/31/1988,12/31/1987,09/30/1987,06/30/1987,03/31/1987,12/31/1986,09/30/1986,06/30/1986,03/31/1986
TotalRevenue,"4,960,000,000","1,345,133,000","1,284,936,000","1,212,206,000","1,117,725,000","1,063,351,000","985,045,000","905,371,000","899,551,000","861,754,000","814,152,000","794,303,000","783,780,000","786,207,000","750,413,000","725,305,000","705,540,000","683,071,000","654,901,000","625,961,000","589,214,000","587,691,000","545,462,000","524,986,000","510,420,000","486,602,000","459,882,000","447,329,000","415,175,000","441,672,000","431,545,000","401,527,000","374,371,000","392,518,000","354,269,000","357,595,000","364,143,000","331,100,000","342,660,000","327,236,000","308,542,000","306,082,000","295,635,000","279,907,000","285,560,000","271,112,000","254,430,000","223,247,000","239,403,000","-4,027,431,000","303,900,000","22,272,000","19,091,000","19,340,000","24,926,000","17,956,000","17,026,000","17,005,000","28,136,000","13,142,000","11,809,000","13,857,000","26,002,000","12,979,000","14,881,000","17,314,000","21,600,000","12,769,000","9,307,000","8,124,000","9,888,000","4,793,000","7,140,000","6,579,000","6,819,000","6,835,000","6,848,000","7,293,000","16,142,000","1,400,000","1,700,000","1,300,000","2,200,000","1,800,000","1,900,000","1,400,000","1,300,000","1,200,000","2,100,000","1,300,000","700,000","0","-900,000","-500,000","-1,100,000","-1,300,000","-7,700,000","-600,000","-1,000,000","-100,000","0","-3,500,000","300,000","700,000","-100,000","-300,000","-800,000","200,000","-900,000","-600,000","-900,000","-400,000","-800,000","-900,000","-900,000","-500,000","200,000","-200,000","-4,600,000","200,000",,,,,,,,,,,,,,
	OperatingRevenue,"4,960,000,000","1,345,133,000","1,284,936,000","1,212,206,000","1,117,725,000","1,063,351,000","985,045,000","905,371,000","899,551,000","861,754,000","814,152,000","794,303,000","783,780,000","786,207,000","750,413,000","725,305,000","705,540,000","683,071,000","654,901,000","625,961,000","589,214,000","587,691,000","545,462,000","524,986,000","510,420,000","486,602,000","459,882,000","447,329,000","415,175,000","441,672,000","431,545,000","401,527,000","374,371,000","392,518,000","354,269,000","357,595,000","364,143,000","331,100,000","342,660,000","327,236,000","308,542,000","306,082,000","295,635,000","279,907,000","285,560,000","271,112,000","254,430,000","223,247,000","239,403,000","-4,027,431,000","303,900,000","22,272,000","19,091,000","19,340,000","24,926,000","17,956,000","17,026,000","17,005,000","28,136,000","13,142,000","11,809,000","13,857,000","26,002,000","12,979,000","14,881,000","17,314,000","21,600,000","12,769,000","9,307,000","8,124,000","9,888,000","4,793,000","7,140,000","6,579,000","6,819,000","6,835,000","6,848,000","7,293,000","16,142,000","1,400,000","1,700,000","1,300,000","2,200,000","1,800,000","1,900,000","1,400,000","1,300,000","1,200,000","2,100,000","1,300,000","700,000","0","-900,000","-500,000","-1,100,000","-1,300,000","-7,700,000","-600,000","-1,000,000","-100,000","0","-3,500,000","300,000","700,000","-100,000","-300,000","-800,000","200,000","-900,000","-600,000","-900,000","-400,000","-800,000","-900,000","-900,000","-500,000","200,000","-200,000","-4,600,000","200,000",,,,,,,,,,,,,,
OperatingIncome,,,,,,,,,,,,,,,,,,,"241,814,000",,,,,,,,,,,,,,,"196,432,000",,,,,,,,,,,,,,,,,"-50,286,000",,,,"-38,863,000",,"-35,365,000",,,,,"-26,212,000","-23,875,000","-24,199,000",,,,,"-22,641,000",,,,,,"-15,368,000",,,,,,,,,"-6,800,000",,,,,,,,"-4,600,000",,,,,,,,,,,,,,"-3,800,000",,,,,,,,,,,"-2,000,000",,,,,,,,,,,,,,,,,
PretaxIncome,"1,828,000,000","477,504,000","470,086,000","451,565,000","428,845,000","379,255,000","364,515,000","318,406,000","271,789,000","309,039,000","286,531,000","269,322,000","268,344,000","287,079,000","266,197,000","252,187,000","246,279,000","236,573,000","241,814,000","220,298,000","213,517,000","228,785,000","202,139,000","200,793,000","195,879,000","181,881,000","178,229,000","175,180,000","155,378,000","158,463,000","188,768,000","165,523,000","157,129,000","196,432,000","148,172,000","152,550,000","166,405,000","157,597,000","147,765,000","140,806,000","134,306,000","140,779,000","138,851,000","132,144,000","142,958,000","126,700,000","114,565,000","108,000,000","120,381,000",,"37,281,000","20,929,000","23,524,000","24,957,000","24,567,000","24,423,000","22,573,000","21,302,000","20,963,000","18,701,000","19,282,000","16,800,000","22,571,000","13,613,000","17,873,000","18,893,000","17,251,000","10,627,000","9,519,000","12,324,000","15,705,000","12,243,000","11,072,000","10,163,000","10,672,000","10,617,000","10,375,000","11,348,000","9,496,000","10,700,000","10,500,000","10,000,000","9,000,000","9,100,000","8,500,000","8,600,000","7,300,000","7,900,000","7,500,000","6,900,000","6,000,000","5,600,000","5,000,000","4,800,000","2,700,000","2,200,000","-5,300,000","2,400,000","2,400,000","4,300,000","4,400,000","1,200,000","5,900,000","5,900,000","4,500,000","4,900,000","4,000,000","5,800,000","5,500,000","4,600,000","3,800,000","3,300,000","2,900,000","2,500,000","1,900,000","1,700,000","1,500,000","400,000","600,000","500,000",,,,,,,,,,,,,,
TaxProvision,"350,000,000","77,130,000","100,399,000","78,459,000","94,012,000","83,695,000","71,378,000","61,638,000","53,103,000","62,709,000","51,687,000","46,758,000","41,753,000","55,661,000","52,651,000","42,406,000","47,196,000","42,296,000","41,805,000","33,698,000","36,743,000","49,667,000","30,321,000","35,796,000","47,013,000","41,835,000","43,387,000","43,835,000","39,466,000","43,004,000","52,757,000","44,691,000","42,425,000","82,372,000","36,189,000","38,831,000","44,097,000","47,486,000","45,069,000","42,274,000","41,635,000","49,016,000","49,986,000","46,142,000","52,895,000","49,535,000","46,972,000","46,255,000","50,883,000",,"6,777,000","3,526,000","6,263,000","7,737,000","8,305,000","8,267,000","7,957,000","7,509,000","7,766,000","6,631,000","7,921,000","6,929,000","9,434,000","5,692,000","7,034,000","7,257,000","4,781,000","4,331,000","3,937,000","4,902,000","4,714,000","5,732,000","5,211,000","4,806,000","5,027,000","5,003,000","4,890,000","5,329,000","4,374,000","5,100,000","4,700,000","4,300,000","3,800,000","3,800,000","3,600,000","3,600,000","3,100,000","3,300,000","3,100,000","2,900,000","2,500,000","2,300,000","2,000,000","2,000,000","1,100,000","900,000","-2,200,000","1,000,000","800,000","1,700,000","1,900,000","500,000","2,500,000","2,500,000","1,900,000","2,000,000","1,600,000","2,400,000","2,200,000","1,900,000","1,500,000","1,300,000","1,200,000","1,000,000","600,000","500,000","500,000","100,000","300,000","200,000",,,,,,,,,,,,,,
NetIncomeCommonStockholders,"1,379,000,000","367,981,000","345,260,000","349,451,000","316,308,000","279,488,000","278,321,000","241,951,000","205,666,000","235,622,000","222,057,000","209,776,000","213,804,000","215,190,000","196,434,000","197,618,000","186,861,000","180,005,000","185,737,000","172,256,000","161,622,000","161,742,000","154,441,000","147,621,000","132,406,000","124,732,000","119,528,000","116,934,000","102,023,000","101,570,000","122,122,000","106,943,000","100,815,000","101,260,000","101,594,000","104,013,000","114,532,000","103,577,000","97,029,000","80,616,000","89,307,000","90,691,000","87,793,000","84,832,000","88,772,000","75,967,000","66,395,000","60,547,000","68,300,000","707,207,000","15,418,000","15,533,000","15,391,000","15,350,000","14,392,000","14,285,000","12,746,000","12,592,000","12,108,000","10,981,000","10,272,000","9,182,000","6,654,000","7,921,000","10,839,000","11,636,000","7,101,000","6,296,000","12,748,000","7,422,000","7,333,000","6,511,000","5,861,000","5,357,000","5,522,000","5,614,000","5,485,000","6,019,000","5,122,000","5,600,000","5,800,000","5,700,000","5,200,000","5,300,000","4,900,000","5,000,000","4,200,000","4,600,000","4,400,000","4,000,000","3,500,000","3,300,000","3,000,000","2,800,000","1,600,000","1,300,000","-3,100,000","1,400,000","1,600,000","2,600,000","2,500,000","700,000","3,400,000","3,400,000","2,600,000","2,900,000","2,400,000","3,400,000","3,300,000","2,700,000","2,200,000","1,900,000","1,600,000","1,400,000","1,200,000","1,100,000","1,000,000","300,000","300,000","300,000","300,000","200,000","400,000","100,000","300,000","100,000","200,000","200,000","200,000","100,000","200,000","100,000","100,000","100,000"
	NetIncome,"1,478,000,000","400,374,000","369,687,000","373,106,000","334,833,000","295,560,000","293,137,000","256,768,000","218,686,000","246,330,000","234,844,000","222,564,000","226,591,000","231,418,000","213,546,000","209,781,000","199,083,000","194,277,000","200,009,000","186,600,000","176,774,000","179,118,000","171,818,000","164,997,000","148,866,000","140,046,000","134,842,000","131,345,000","115,912,000","115,459,000","136,011,000","120,832,000","114,704,000","114,060,000","111,983,000","113,719,000","122,308,000","110,111,000","102,696,000","97,907,000","91,758,000","90,691,000","87,793,000","84,832,000","88,772,000","75,967,000","66,395,000","60,547,000","68,300,000","707,207,000","17,288,000","17,403,000","17,261,000","17,220,000","16,262,000","16,156,000","14,616,000","13,793,000","13,197,000","12,070,000","11,361,000","9,871,000","6,654,000","7,921,000","10,839,000","11,636,000","7,101,000","6,296,000","12,748,000","7,422,000","7,333,000","6,511,000","5,861,000","5,357,000","5,522,000","5,614,000","5,485,000","6,019,000","5,122,000","5,600,000","5,800,000","5,700,000","5,200,000","5,300,000","4,900,000","5,000,000","4,200,000","4,600,000","4,400,000","4,000,000","3,500,000","3,300,000","3,000,000","2,800,000","1,600,000","1,300,000","-3,100,000","1,400,000","1,600,000","2,600,000","2,500,000","700,000","3,400,000","3,400,000","2,600,000","2,900,000","2,400,000","3,400,000","3,300,000","2,700,000","2,300,000","2,000,000","1,700,000","1,500,000","1,300,000","1,200,000","1,000,000","300,000","300,000","300,000","300,000","200,000","400,000","100,000","300,000","100,000","200,000","200,000","200,000","100,000","200,000","100,000","100,000","100,000"
		NetIncomeIncludingNoncontrollingInterests,"1,478,000,000","400,374,000","369,687,000","373,106,000","334,833,000","295,560,000","293,137,000","256,768,000","218,686,000","246,330,000","234,844,000","222,564,000","226,591,000","231,418,000","213,546,000","209,781,000","199,083,000","194,277,000","200,009,000","186,600,000","176,774,000","179,118,000","171,818,000","164,997,000","148,866,000","140,046,000","134,842,000","131,345,000","115,912,000","115,459,000","136,011,000","120,832,000","114,704,000","114,060,000","111,983,000","113,719,000","122,308,000","110,111,000","102,696,000","98,532,000","92,671,000","91,763,000","88,865,000","86,002,000","90,063,000","77,165,000","67,593,000","61,745,000","69,498,000","707,207,000","40,316,000","14,132,000","13,991,000","13,949,000","39,156,000","12,885,000","11,346,000","10,522,000","36,100,000","8,800,000","9,463,000","7,972,000","17,667,000","5,951,000","9,545,000","10,370,000","16,439,000","4,894,000","11,331,000","6,272,000","13,711,000","5,577,000","4,959,000","4,473,000","4,637,000","4,730,000","4,618,000","5,117,000","4,319,000","4,800,000","5,500,000","5,700,000","5,200,000","5,300,000","4,900,000","5,000,000","4,200,000","4,600,000","4,400,000","4,000,000","3,500,000","3,300,000","3,000,000","2,800,000","1,600,000","1,300,000","-3,100,000","1,400,000","1,600,000","2,600,000","2,500,000","700,000","3,400,000","3,400,000","2,600,000","2,900,000","2,400,000","3,400,000","3,300,000","2,700,000","2,300,000","2,000,000","1,700,000","1,500,000","1,300,000","1,200,000","1,000,000","300,000","300,000","300,000","300,000","200,000","400,000","100,000","300,000","100,000","200,000","200,000","200,000","100,000","200,000","100,000","100,000","100,000"
			NetIncomeContinuousOperations,"1,478,000,000","400,374,000","369,687,000","373,106,000","334,833,000","295,560,000","293,137,000","256,768,000","218,686,000","246,330,000","234,844,000","222,564,000","226,591,000","231,418,000","213,546,000","209,781,000","199,083,000","194,277,000","200,009,000","186,600,000","176,774,000","179,118,000","171,818,000","164,997,000","148,866,000","140,046,000","134,842,000","131,345,000","115,912,000","115,459,000","136,011,000","120,832,000","114,704,000","114,060,000","111,983,000","113,719,000","122,308,000","110,111,000","102,696,000","98,532,000","92,671,000","91,763,000","88,865,000","86,002,000","90,063,000","77,165,000","67,593,000","61,745,000","69,498,000","707,207,000","30,504,000","17,403,000","17,261,000","17,220,000","29,344,000","16,156,000","14,616,000","13,793,000","26,284,000","12,070,000","11,361,000","9,871,000","13,137,000","7,921,000","10,839,000","11,636,000","7,101,000","6,296,000","5,582,000","7,422,000","7,333,000","6,511,000","5,861,000","5,357,000","5,645,000","5,614,000","5,485,000","6,019,000","5,122,000","5,600,000","5,800,000","5,700,000","5,200,000","5,300,000","4,900,000","5,000,000","4,200,000","4,600,000","4,400,000","4,000,000","3,500,000","3,300,000","3,000,000","2,800,000","1,600,000","1,300,000","-3,100,000","1,400,000","1,600,000","2,600,000","2,500,000","700,000","3,400,000","3,400,000","2,600,000","2,900,000","2,400,000","3,400,000","3,300,000","2,700,000","2,300,000","2,000,000","1,700,000","1,500,000","1,300,000","1,200,000","1,000,000","300,000","300,000","300,000","300,000","200,000","400,000","100,000","300,000","100,000","200,000","200,000","200,000","100,000","200,000","100,000","100,000","100,000"
			NetIncomeFromTaxLossCarryforward,,,,,,,,,,,,,,,,,,,,,,,,,,,,,,,,,,,,,,,,,,,,,,,,,,,,,,,,,,,,,,,,,,,,,"7,166,000",,,,,,,,,,,,,,,,,,,,,,,,,,,,,,,,,,,,,,,,,,,,,,,,,,,,,,,,,,,,,,,,,
		MinorityInterests,,,,,,,,,,,,,,,,,,,,,,,,,,,,,,,,,,"0","0","0","0","0","0","-625,000","-913,000","-1,072,000","-1,072,000","-1,170,000","-1,291,000","-1,198,000","-1,198,000","-1,198,000","119,000",,"-23,028,000","3,271,000","3,270,000","3,271,000","-22,894,000","3,271,000","3,270,000","3,271,000","-22,903,000","3,270,000","1,898,000","1,899,000","-11,013,000","1,970,000","1,294,000","1,266,000","-9,338,000","1,402,000","1,417,000","1,150,000","-6,378,000","934,000","902,000","884,000","885,000","884,000","867,000","902,000","803,000","800,000","300,000",,,,,,,,,,,,,,,,,,,,,,,,,,,,,,,,,,,,,,,,,,,,,,,,,,,,,
	PreferredStockDividends,"99,000,000","32,393,000","24,427,000","23,655,000","18,525,000","16,072,000","14,816,000","14,817,000","13,020,000","10,708,000","12,787,000","12,788,000","12,787,000","16,228,000","17,112,000","12,163,000","12,222,000","14,272,000","14,272,000","14,344,000","15,152,000","17,376,000","17,377,000","17,376,000","16,460,000","15,314,000","15,314,000","14,411,000","13,889,000","13,889,000","13,889,000","13,889,000","13,889,000","12,800,000","10,389,000","9,706,000","7,776,000","6,534,000","5,667,000","17,291,000","2,451,000",,,,,,,,,,"1,870,000","1,870,000","1,870,000","1,870,000","1,870,000","1,871,000","1,870,000","1,201,000","1,089,000","1,089,000","1,089,000","689,000",,,,,,,,,,,,,,,,,,,,,,,,,,,,,,,,,,,,,,,,,,,,,,,,,"100,000","100,000","100,000","100,000","100,000","100,000",,,,,,,,,,,,,,,,,,
DilutedNIAvailtoComStockholders,"1,379,000,000","367,981,000","345,260,000","349,451,000","316,308,000","279,488,000","278,321,000","241,951,000","205,666,000","235,622,000","222,057,000","209,776,000","213,804,000","215,190,000","196,434,000","197,618,000","186,861,000","180,005,000","185,737,000","172,256,000","161,622,000","161,742,000","154,441,000","147,621,000","132,406,000","124,732,000","119,528,000","116,934,000","102,023,000","101,570,000","122,122,000","106,943,000","100,815,000","101,260,000","101,594,000","104,013,000","114,532,000","103,577,000","97,029,000","80,616,000","89,307,000","90,691,000","87,793,000","84,832,000","88,772,000","75,967,000","66,395,000","60,547,000","68,300,000","707,207,000","15,418,000","15,533,000","15,391,000","15,350,000","14,392,000","14,285,000","12,746,000","12,592,000","12,108,000","10,981,000","10,272,000","9,182,000","6,654,000","7,921,000","10,839,000","11,636,000","7,101,000","6,296,000","12,748,000","7,422,000","7,333,000","6,511,000","5,861,000","5,357,000","5,522,000","5,614,000","5,485,000","6,019,000","5,122,000","5,600,000","5,800,000","5,700,000","5,200,000","5,300,000","4,900,000","5,000,000","4,200,000","4,600,000","4,400,000","4,000,000","3,500,000","3,300,000","3,000,000","2,800,000","1,600,000","1,300,000","-3,100,000","1,400,000","1,600,000","2,600,000","2,500,000","700,000","3,400,000","3,400,000","2,600,000","2,900,000","2,400,000","3,400,000","3,300,000","2,700,000","2,200,000","1,900,000","1,600,000","1,400,000","1,200,000","1,100,000","1,000,000","300,000","300,000","300,000","300,000","200,000","400,000","100,000","300,000","100,000","200,000","200,000","200,000","100,000","200,000","100,000","100,000","100,000"
BasicEPS,,,"1.94","1.98","1.81",,"1.62","1.41","1.2",,"1.32","1.25","1.28",,"1.2","1.22","1.16",,"1.18","1.1","1.04",,"1.03","1","0.91",,"0.84","0.82","0.73",,"0.89","0.78","0.76",,"0.77","0.79","0.88",,"0.75","0.62","0.69",,"0.68","0.66","0.69",,"0.53","0.488","0.55","0.21",,"0.6","0.6","0.6",,"0.58","0.53","0.53",,"0.467","0.447","0.4",,"0.367","0.507","0.54",,"0.287","0.26","0.36",,"0.32","0.287","0.267",,"0.273","0.267","0.3",,"0.267","0.267","0.267",,"0.26","0.24","0.24",,"0.207","0.187","0.193",,"0.193","0.173","0.16",,"0.073","-0.18","0.08",,"0.14","0.14","0.033",,"0.193","0.153","0.167",,"0.2","0.187","0.18",,"0.18","0.187","0.173",,"0.14","0.127","0.033",,"0.033","0.04","0.027",,"0.02","0.04","0.02",,"0.033","0.033","0.02",,"0.033","0.033","0.033"
DilutedEPS,,,"1.91","1.95","1.79",,"1.61","1.4","1.2",,"1.31","1.24","1.26",,"1.19","1.2","1.13",,"1.14","1.06","1.01",,"1","0.97","0.88",,"0.82","0.8","0.71",,"0.86","0.76","0.73",,"0.75","0.77","0.85",,"0.72","0.6","0.67",,"0.66","0.64","0.67",,"0.53","0.481","0.543","0.2",,"0.57","0.57","0.57",,"0.54","0.5","0.49",,"0.434","0.414","0.374",,"0.34","0.474","0.507",,"0.267","0.24","0.334",,"0.3","0.273","0.247",,"0.273","0.26","0.287",,"0.253","0.253","0.253",,"0.24","0.22","0.22",,"0.207","0.187","0.173",,"0.167","0.153","0.14",,"0.073","-0.18","0.08",,"0.127","0.127","0.033",,"0.167","0.133","0.147",,"0.2","0.187","0.18",,"0.167","0.167","0.16",,"0.14","0.127","0.033",,"0.033","0.04","0.027",,"0.02","0.04","0.02",,"0.033","0.033","0.02",,"0.033","0.033","0.033"
BasicAverageShares,,,"178,065,000","176,419,000","174,820,000",,"172,142,000","171,627,000","170,835,000",,"168,272,000","167,685,000","167,112,000",,"163,048,000","162,152,000","161,752,000",,"157,752,000","157,302,000","155,012,000",,"149,800,000","147,208,000","145,963,000",,"142,152,000","141,927,000","138,839,000",,"137,661,000","137,279,000","132,880,000",,"131,436,000","131,102,000","130,846,000",,"130,194,000","129,890,000","129,498,000",,"129,207,000","128,858,000","128,858,000",,"124,133,000","124,133,000","124,133,000","30,899,403",,"25,808,507","25,640,154","25,411,257",,"24,622,272","24,236,466","23,897,624",,"23,400,553","22,976,966","22,817,774",,"21,741,027","21,516,192","21,582,514",,"21,878,010","21,576,894","20,430,939",,"20,228,306","20,205,508","20,093,775",,"20,317,378","20,629,937","20,204,118",,"20,989,505","21,739,130","21,364,318",,"20,374,428","20,406,463","20,822,922",,"22,246,941","23,559,649","20,679,316",,"17,060,435","17,299,043","17,491,254",,"17,718,414","17,213,615","17,491,254",,"18,562,147","17,848,219","20,989,505",,"17,577,418","16,948,048","17,391,304",,"16,991,504","17,669,737","14,992,504",,"10,550,280","8,567,145","8,072,887",,"7,853,216","7,890,791","8,995,502",,"8,995,502","7,496,252","7,496,252",,"4,997,501","7,496,252","4,997,501",,"5,997,001","5,997,001","4,997,501",,"2,998,501","2,998,501","2,998,501"
DilutedAverageShares,,,"180,420,000","178,864,000","176,951,000",,"172,932,000","172,659,000","172,039,000",,"169,346,000","169,572,000","169,410,000",,"165,498,000","165,013,000","164,839,000",,"162,377,000","162,335,000","160,433,000",,"154,824,000","152,602,000","149,719,000",,"145,890,000","145,713,000","142,791,000",,"141,548,000","141,473,000","137,295,000",,"136,133,000","135,595,000","135,252,000",,"134,374,000","134,002,000","133,621,000",,"132,437,000","133,091,000","132,509,000",,"125,858,000","125,858,000","125,858,000","30,899,403",,"27,402,264","27,126,245","26,966,840",,"26,405,454","25,776,460","25,776,069",,"25,404,672","24,906,136","24,792,271",,"23,696,582","23,161,850","23,040,063",,"23,683,421","23,842,961","22,211,705",,"21,979,270","21,553,063","21,547,942",,"20,760,202","20,979,924","21,002,898",,"22,094,216","22,883,295","22,488,756",,"22,072,297","22,261,596","22,715,915",,"22,246,941","23,559,649","23,065,390",,"19,790,105","19,555,440","19,990,005",,"17,718,414","17,213,615","17,491,254",,"20,516,058","19,726,979","20,989,505",,"20,389,805","19,490,255","19,762,846",,"16,991,504","17,669,737","14,992,504",,"11,394,303","9,595,202","8,745,627",,"7,853,216","7,890,791","8,995,502",,"8,995,502","7,496,252","7,496,252",,"4,997,501","7,496,252","4,997,501",,"5,997,001","5,997,001","4,997,501",,"2,998,501","2,998,501","2,998,501"
NetIncomeFromContinuingAndDiscontinuedOperation,"1,478,000,000","400,374,000","369,687,000","373,106,000","334,833,000","295,560,000","293,137,000","256,768,000","218,686,000","246,330,000","234,844,000","222,564,000","226,591,000","231,418,000","213,546,000","209,781,000","199,083,000","194,277,000","200,009,000","186,600,000","176,774,000","179,118,000","171,818,000","164,997,000","148,866,000","140,046,000","134,842,000","131,345,000","115,912,000","115,459,000","136,011,000","120,832,000","114,704,000","114,060,000","111,983,000","113,719,000","122,308,000","110,111,000","102,696,000","97,907,000","91,758,000","90,691,000","87,793,000","84,832,000","88,772,000","75,967,000","66,395,000","60,547,000","68,300,000","707,207,000","17,288,000","17,403,000","17,261,000","17,220,000","16,262,000","16,156,000","14,616,000","13,793,000","13,197,000","12,070,000","11,361,000","9,871,000","6,654,000","7,921,000","10,839,000","11,636,000","7,101,000","6,296,000","5,582,000","7,422,000","7,333,000","6,511,000","5,861,000","5,357,000","5,645,000","5,614,000","5,485,000","6,019,000","5,122,000","5,600,000","5,800,000","5,700,000","5,200,000","5,300,000","4,900,000","5,000,000","4,200,000","4,600,000","4,400,000","4,000,000","3,500,000","3,300,000","3,000,000","2,800,000","1,600,000","1,300,000","-3,100,000","1,400,000","1,600,000","2,600,000","2,500,000","700,000","3,400,000","3,400,000","2,600,000","2,900,000","2,400,000","3,400,000","3,300,000","2,700,000","2,300,000","2,000,000","1,700,000","1,500,000","1,300,000","1,200,000","1,000,000","300,000","300,000","300,000","300,000","200,000","400,000","100,000","300,000","100,000","200,000","200,000","200,000","100,000","200,000","100,000","100,000","100,000"
NormalizedIncome,"1,478,000,000","400,374,000","369,687,000","373,106,000","334,833,000","295,560,000","293,137,000","256,768,000","218,686,000","246,330,000","234,844,000","222,564,000","226,591,000","231,418,000","213,546,000","209,781,000","199,083,000","194,277,000","200,009,000","186,600,000","176,774,000","179,118,000","171,818,000","164,997,000","148,866,000","140,046,000","134,842,000","131,345,000","115,912,000","115,459,000","136,011,000","120,832,000","114,704,000","114,060,000","111,983,000","113,719,000","122,308,000","110,111,000","122,441,515.217","117,442,515.844","91,758,000","90,691,000","87,793,000","84,832,000","88,772,000","75,967,000","66,395,000","60,547,000","68,300,000","707,207,000","17,288,000","17,403,000","17,261,000","17,220,000","16,262,000","16,156,000","14,616,000","13,793,000","13,197,000","12,070,000","11,361,000","9,871,000","6,654,000","7,921,000","10,839,000","11,636,000","7,101,000","6,296,000","5,582,000","7,422,000","7,333,000","6,511,000","5,861,000","5,357,000","5,645,000","5,614,000","5,485,000","6,019,000","5,122,000","5,600,000","5,800,000","5,700,000","5,200,000","5,300,000","4,900,000","5,000,000","4,200,000","4,600,000","4,400,000","4,000,000","3,500,000","3,300,000","3,000,000","2,800,000","1,600,000","1,300,000","-3,100,000","1,400,000","1,600,000","2,600,000","2,500,000","700,000","3,400,000","3,400,000","2,600,000","2,900,000","2,400,000","3,400,000","3,300,000","2,700,000","2,300,000","2,000,000","1,700,000","1,500,000","1,300,000","1,200,000","1,000,000","300,000","300,000","300,000","300,000","200,000","400,000","100,000","300,000","100,000","200,000","200,000","200,000","100,000","200,000","100,000","100,000","100,000"
InterestIncome,"4,385,000,000","1,167,360,000","1,117,671,000","1,078,005,000","1,021,964,000","991,152,000","961,976,000","943,424,000","956,121,000","936,954,000","909,776,000","885,732,000","847,017,000","828,655,000","780,038,000","734,439,000","688,474,000","662,801,000","637,167,000","599,155,000","552,495,000","537,594,000","504,314,000","479,412,000","459,553,000","441,206,000","426,028,000","411,955,000","384,903,000","378,999,000","376,396,000","370,303,000","357,311,000","353,478,000","346,050,000","332,744,000","323,746,000","328,587,000","327,336,000","322,127,000","309,156,000","314,761,000","300,341,000","285,934,000","281,921,000","282,979,000","263,828,000","243,874,000","264,964,000","0","171,416,000","155,064,000","142,299,000","129,545,000","124,243,000","112,200,000","99,452,000","87,528,000","82,087,000","74,519,000","68,642,000","64,564,000","63,895,000","63,940,000","62,218,000","59,930,000","206,103,000","61,040,000","59,983,000","60,083,000","66,691,000","70,354,000","71,134,000","72,852,000","74,259,000","77,336,000","70,411,000","67,614,000","61,713,000","57,600,000","55,000,000","53,900,000","49,900,000","48,900,000","49,000,000","47,700,000","47,000,000","44,700,000","42,800,000","41,500,000","41,300,000","40,400,000","39,300,000","38,700,000","37,300,000","36,100,000","34,300,000","32,000,000","30,100,000","28,200,000","26,200,000","25,000,000","25,000,000","24,700,000","24,400,000","24,200,000","24,700,000","24,500,000","24,100,000","22,400,000","22,300,000","20,800,000","19,900,000","19,600,000","19,200,000","17,600,000","15,300,000","14,300,000","-32,600,000","12,100,000",,,,,,,,,,,,,,
InterestExpense,"271,000,000","48,291,000","65,387,000","74,140,000","83,182,000","98,424,000","131,696,000","156,012,000","203,989,000","216,836,000","214,791,000","211,706,000","171,979,000","161,452,000","145,584,000","122,746,000","100,716,000","93,940,000","86,214,000","67,191,000","52,810,000","46,969,000","43,710,000","37,794,000","35,238,000","36,507,000","37,147,000","36,891,000","36,884,000","38,144,000","40,407,000","37,090,000","36,608,000","38,654,000","37,840,000","29,652,000","25,697,000","26,253,000","28,515,000","31,530,000","27,888,000","29,224,000","31,435,000","29,132,000","27,427,000","26,349,000","27,588,000","45,721,000","49,878,000","4,027,431,000","93,661,000","84,771,000","70,382,000","58,742,000","56,543,000","46,162,000","37,244,000","29,824,000","27,028,000","22,574,000","19,503,000","18,653,000","20,979,000","21,158,000","20,800,000","22,273,000","24,654,000","26,459,000","25,656,000","25,702,000","32,639,000","36,909,000","41,918,000","44,512,000","47,084,000","51,304,000","46,571,000","43,650,000","40,282,000","36,900,000","35,300,000","34,600,000","33,100,000","33,000,000","32,800,000","32,200,000","32,500,000","30,600,000","29,100,000","28,500,000","29,300,000","28,700,000","27,500,000","27,400,000","27,300,000","27,200,000","26,600,000","23,800,000","21,200,000","18,900,000","16,500,000","14,900,000","14,400,000","14,300,000","14,100,000","14,200,000","14,800,000","15,100,000","14,800,000","14,300,000","14,400,000","14,000,000","13,600,000","13,900,000","14,100,000","13,400,000","11,600,000","11,600,000","-22,800,000","10,000,000",,,,,,,,,,,,,,
NetInterestIncome,"4,114,000,000","1,119,069,000","1,052,284,000","1,003,865,000","938,782,000","892,728,000","830,280,000","787,412,000","752,132,000","720,118,000","694,985,000","674,026,000","675,038,000","667,203,000","634,454,000","611,693,000","587,758,000","568,861,000","550,953,000","531,964,000","499,685,000","490,625,000","460,604,000","441,618,000","424,315,000","404,699,000","388,881,000","375,064,000","348,019,000","340,855,000","335,989,000","333,213,000","320,703,000","314,824,000","308,210,000","303,092,000","298,049,000","302,334,000","298,821,000","290,597,000","281,268,000","285,537,000","268,906,000","256,802,000","254,494,000","256,630,000","236,240,000","198,153,000","215,086,000","-4,027,431,000","77,755,000","70,293,000","71,917,000","70,803,000","67,700,000","66,038,000","62,208,000","57,704,000","55,059,000","51,945,000","49,139,000","45,911,000","42,916,000","42,782,000","41,418,000","37,657,000","181,449,000","34,581,000","34,327,000","34,381,000","34,052,000","33,445,000","29,216,000","28,340,000","27,175,000","26,032,000","23,840,000","23,964,000","21,431,000","20,700,000","19,700,000","19,300,000","16,800,000","15,900,000","16,200,000","15,500,000","14,500,000","14,100,000","13,700,000","13,000,000","12,000,000","11,700,000","11,800,000","11,300,000","10,000,000","8,900,000","7,700,000","8,200,000","8,900,000","9,300,000","9,700,000","10,100,000","10,600,000","10,400,000","10,300,000","10,000,000","9,900,000","9,400,000","9,300,000","8,100,000","7,900,000","6,800,000","6,300,000","5,700,000","5,100,000","4,200,000","3,700,000","2,700,000","-9,800,000","2,100,000",,,,,,,,,,,,,,
ReconciledDepreciation,"184,000,000","43,883,000","48,405,000","48,935,000","42,777,000","41,541,000","40,906,000","43,132,000","40,500,000","39,777,000","36,208,000","31,949,000","29,705,000","30,865,000","29,408,000","28,013,000","26,077,000","27,890,000","23,804,000","18,579,000","21,681,000","24,608,000","19,677,000","22,871,000","18,214,000","18,665,000","15,364,000","19,626,000","16,674,000","16,078,000","15,673,000","15,043,000","14,651,000","14,484,000","16,171,000","16,622,000","16,385,000","12,823,000","10,506,000","11,155,000","9,128,000","4,259,000","1,805,000","-1,404,000","-5,404,000","6,073,000","6,230,000","-1,922,000","681,000",,,,,,,,,,,,,,,,,,,,,,,,,,,,,,,,,,,,,,,,,,,,,,,,,,,,,,,,,,,,,,,,,,,,,,,,,,,,,,,,,,,,,
NetIncomeFromContinuingOperationNetMinorityInterest,"1,478,000,000","400,374,000","369,687,000","373,106,000","334,833,000","295,560,000","293,137,000","256,768,000","218,686,000","246,330,000","234,844,000","222,564,000","226,591,000","231,418,000","213,546,000","209,781,000","199,083,000","194,277,000","200,009,000","186,600,000","176,774,000","179,118,000","171,818,000","164,997,000","148,866,000","140,046,000","134,842,000","131,345,000","115,912,000","115,459,000","136,011,000","120,832,000","114,704,000","114,060,000","111,983,000","113,719,000","122,308,000","110,111,000","102,696,000","97,907,000","91,758,000","90,691,000","87,793,000","84,832,000","88,772,000","75,967,000","66,395,000","60,547,000","68,300,000","707,207,000","17,288,000","17,403,000","17,261,000","17,220,000","16,262,000","16,156,000","14,616,000","13,793,000","13,197,000","12,070,000","11,361,000","9,871,000","6,654,000","7,921,000","10,839,000","11,636,000","7,101,000","6,296,000","5,582,000","7,422,000","7,333,000","6,511,000","5,861,000","5,357,000","5,645,000","5,614,000","5,485,000","6,019,000","5,122,000","5,600,000","5,800,000","5,700,000","5,200,000","5,300,000","4,900,000","5,000,000","4,200,000","4,600,000","4,400,000","4,000,000","3,500,000","3,300,000","3,000,000","2,800,000","1,600,000","1,300,000","-3,100,000","1,400,000","1,600,000","2,600,000","2,500,000","700,000","3,400,000","3,400,000","2,600,000","2,900,000","2,400,000","3,400,000","3,300,000","2,700,000","2,300,000","2,000,000","1,700,000","1,500,000","1,300,000","1,200,000","1,000,000","300,000","300,000","300,000","300,000","200,000","400,000","100,000","300,000","100,000","200,000","200,000","200,000","100,000","200,000","100,000","100,000","100,000"
TotalUnusualItemsExcludingGoodwill,,,,,,,,,,,,,,,,,,,,,,,,,,,,,,,,,,"9,990,000",,,,,"-28,411,000","-27,917,000",,,,,,"62,621,000",,,,,,,,,,,,,,,,,,,,,,,,,,,,,,,,,,,,,,,,,,,,,,,,,,,,,,,,,,,,,,,,,,,,,,,,,,,,,,,,,,,,,,,,
TotalUnusualItems,,,,,,,,,,,,,,,,,,,,,,,,,,,,,,,,,,"9,990,000",,,,,"-28,411,000","-27,917,000",,,,,,"62,621,000",,,,,,,,,,,,,,,,,,,,,,,,,,,,,,,,,,,,,,,,,,,,,,,,,,,,,,,,,,,,,,,,,,,,,,,,,,,,,,,,,,,,,,,,
TaxRateForCalcs,"0.191","0.162","0.214","0.174","0.219","0.221","0.196","0.194","0.195","0.203","0.18","0.174","0.156","0.194","0.198","0.168","0.192","0.179","0.173","0.153","0.172","0.217","0.15","0.178","0.24","0.23","0.243","0.25","0.254","0.271","0.279","0.27","0.27","0.35","0.244","0.255","0.265","0.301","0.305","0.3","0.31","0.348","0.36","0.349","0.37","0.391","0.35","0.35","0.35","0.35","0.182","0.168","0.266","0.31","0.338","0.338","0.353","0.353","0.37","0.355","0.4","0.4","0.4","0.4","0.394","0.384","0.277","0.4","0.4","0.398","0.3","0.4","0.4","0.4","0.4","0.4","0.4","0.4","0.4","0.4","0.4","0.4","0.4","0.4","0.4","0.4","0.4","0.4","0.4","0.4","0.4","0.4","0.4","0.4","0.4","0.4","0.4","0.4","0.333","0.395","0.4","0.4","0.4","0.4","0.4","0.4","0.4","0.4","0.4","0.4","0.395","0.394","0.4","0.4","0.316","0.294","0.333","0.25","0.4","0.4","0.4","0.4","0.4","0.4","0.4","0.4","0.4","0.4","0.4","0.4","0.4","0.4","0.4","0.4"
TaxEffectOfUnusualItems,"0","0","0","0","0","0","0","0","0","0","0","0","0","0","0","0","0","0","0","0","0","0","0","0","0","0","0","0","0","0","0","0","0","0","0","0","0","0","-8,665,484.783","-8,381,484.156","0","0","0","0","0","0","0","0","0","0","0","0","0","0","0","0","0","0","0","0","0","0","0","0","0","0","0","0","0","0","0","0","0","0","0","0","0","0","0","0","0","0","0","0","0","0","0","0","0","0","0","0","0","0","0","0","0","0","0","0","0","0","0","0","0","0","0","0","0","0","0","0","0","0","0","0","0","0","0","0","0","0","0","0","0","0","0","0","0","0","0","0","0","0"