name,ttm,12/31/2021,09/30/2021,06/30/2021,03/31/2021,12/31/2020,09/30/2020,06/30/2020,03/31/2020,12/31/2019,09/30/2019,06/30/2019,03/31/2019,12/31/2018,09/30/2018,06/30/2018,03/31/2018,12/31/2017,09/30/2017,06/30/2017,03/31/2017,12/31/2016,09/30/2016,06/30/2016,03/31/2016,12/31/2015,09/30/2015,06/30/2015,03/31/2015,12/31/2014
TotalRevenue,"5,254,700,000","1,376,300,000","1,299,500,000","1,319,700,000","1,259,200,000","-552,600,000","1,902,300,000","1,571,200,000","1,713,500,000","2,002,400,000","1,860,000,000","1,864,700,000","1,592,900,000","1,015,900,000","1,840,100,000","1,856,000,000","1,740,700,000","1,806,700,000","1,685,300,000","1,628,800,000","1,535,200,000","1,627,100,000","1,567,400,000","1,555,100,000","1,474,700,000","1,561,400,000","1,524,600,000","1,564,900,000","1,513,500,000","1,687,400,000"
	OperatingRevenue,"5,254,700,000","1,376,300,000","1,299,500,000","1,319,700,000","1,259,200,000","-552,600,000","1,902,300,000","1,571,200,000","1,713,500,000","2,002,400,000","1,860,000,000","1,864,700,000","1,592,900,000","1,015,900,000","1,840,100,000","1,856,000,000","1,740,700,000","1,806,700,000","1,685,300,000","1,628,800,000","1,535,200,000","1,627,100,000","1,567,400,000","1,555,100,000","1,474,700,000","1,561,400,000","1,524,600,000","1,564,900,000","1,513,500,000","1,687,400,000"
CostOfRevenue,"2,247,600,000","580,800,000","555,300,000","564,200,000","547,300,000","-487,600,000","918,900,000","756,900,000","837,700,000","966,500,000","932,300,000","960,700,000","780,200,000","428,600,000","915,800,000","917,100,000","869,900,000","896,700,000","845,900,000","823,700,000","791,200,000","830,500,000","794,500,000","787,000,000","779,500,000","823,200,000","777,400,000","800,100,000","782,800,000","882,000,000"
GrossProfit,"3,007,100,000","795,500,000","744,200,000","755,500,000","711,900,000","-65,000,000","983,400,000","814,300,000","875,800,000","1,035,900,000","927,700,000","904,000,000","812,700,000","587,300,000","924,300,000","938,900,000","870,800,000","910,000,000","839,400,000","805,100,000","744,000,000","796,600,000","772,900,000","768,100,000","695,200,000","738,200,000","747,200,000","764,800,000","730,700,000","805,400,000"
OperatingExpense,"2,194,300,000","592,400,000","543,400,000","544,200,000","514,300,000","102,000,000","673,000,000","623,200,000","670,900,000","740,700,000","685,600,000","654,500,000","595,400,000","451,000,000","602,900,000","556,500,000","532,600,000","554,200,000","483,500,000","456,800,000","449,100,000","458,900,000","449,700,000","446,000,000","432,200,000","400,100,000","445,400,000","429,100,000","436,600,000","486,400,000"
	SellingGeneralAndAdministration,"1,839,500,000","499,400,000","455,600,000","456,400,000","428,100,000","112,300,000","562,300,000","516,600,000","557,200,000","629,500,000","566,500,000","537,100,000","486,400,000","369,100,000","490,400,000","445,500,000","423,700,000","445,500,000","381,500,000","357,700,000","352,900,000","359,700,000","354,500,000","349,300,000","338,500,000","309,100,000","349,700,000","333,200,000","341,500,000","389,300,000"
	ResearchAndDevelopment,"354,800,000","93,000,000","87,800,000","87,800,000","86,200,000","-10,300,000","110,700,000","106,600,000","113,700,000","111,200,000","119,100,000","117,400,000","109,000,000","81,900,000","112,500,000","111,000,000","108,900,000","108,700,000","102,000,000","99,100,000","96,200,000","99,200,000","95,200,000","96,700,000","93,700,000","91,000,000","95,700,000","95,900,000","95,100,000","97,100,000"
OperatingIncome,"812,800,000","203,100,000","200,800,000","211,300,000","197,600,000","-167,000,000","310,400,000","191,100,000","204,900,000","295,200,000","242,100,000","249,500,000","217,300,000","136,300,000","321,400,000","382,400,000","338,200,000","355,800,000","355,900,000","348,300,000","294,900,000","337,700,000","323,200,000","322,100,000","263,000,000","338,100,000","301,800,000","335,700,000","294,100,000","319,000,000"
NetNonOperatingInterestIncomeExpense,"-103,200,000","-25,200,000","-25,100,000","-25,200,000","-27,700,000","-17,800,000","-43,900,000","-43,200,000","-43,600,000","-47,500,000","-47,000,000","-44,400,000","-25,300,000","-22,700,000","-24,400,000","-25,300,000","-24,600,000","-17,800,000","-22,900,000","-22,700,000","-22,600,000","-22,900,000","-23,400,000","-2,700,000",,,,"0",,
	InterestExpenseNonOperating,"103,200,000",,,,"27,700,000","17,800,000","43,900,000","43,200,000",,,,,,"26,700,000","24,400,000","25,300,000","24,600,000","17,800,000","22,900,000","22,700,000","22,600,000","22,900,000","23,400,000","2,700,000",,,,"0",,
	TotalOtherFinanceCost,"103,200,000","25,200,000","25,100,000","25,200,000",,"36,800,000",,"43,200,000","43,600,000","47,500,000","47,000,000","44,400,000","25,300,000",,,,,,,,,,,,,,,,,
OtherIncomeExpense,"-32,100,000","-700,000","-1,600,000","21,400,000","-51,200,000","1,202,800,000","-1,400,000","5,300,000","-89,900,000","-5,000,000","40,000,000","-800,000","400,000","-400,000","-800,000","-1,100,000","-700,000","0","15,300,000",,,,,,,,,,,"0"
	GainOnSaleOfSecurity,"57,000,000","0",,,"57,000,000","1,119,200,000",,,,,,,,,,,,,,,,,,,,,,,,
	SpecialIncomeCharges,"-75,000,000","3,900,000","0","26,000,000","-104,900,000","85,300,000","0","0","-85,300,000","-400,000","41,200,000",,,"0","0",,,"0","15,300,000",,,,,,,"0",,,,"0"
		RestructuringAndMergernAcquisition,"0",,,,,"0","0",,,"400,000","-41,200,000",,,"0","0",,,"0","-15,300,000",,,,,,,,,,,
		ImpairmentOfCapitalAssets,,,,,,,"0","0","85,300,000",,,,,,,,,,,,,,,,,,,,,
		OtherSpecialCharges,"75,000,000","-3,900,000",,"-26,000,000","104,900,000",,,,,,,,,,,,,,,,,,,,,,,,,
		GainOnSaleOfBusiness,,,,,,"1,119,200,000",,,,,,,,,,,,,,,,,,,,"0",,,,"0"
	OtherNonOperatingIncomeExpenses,"-14,100,000","-4,600,000","-1,600,000","-4,600,000","-3,300,000","-1,700,000","-1,400,000","5,300,000","-4,600,000","-4,600,000","-1,200,000","-800,000","400,000","-400,000","-800,000","-1,100,000","-700,000",,,,,,,,,,,,,
PretaxIncome,"677,500,000","177,200,000","174,100,000","207,500,000","118,700,000","1,018,000,000","265,100,000","153,200,000","71,400,000","242,700,000","235,100,000","204,300,000","192,400,000","113,200,000","296,200,000","356,000,000","312,900,000","338,000,000","348,300,000","325,600,000","272,300,000","314,800,000","299,800,000","319,400,000","263,000,000","338,100,000","301,800,000","335,700,000","294,100,000","319,000,000"
TaxProvision,"63,300,000","7,800,000","23,000,000","25,500,000","7,000,000","-35,800,000","39,300,000","22,900,000","29,100,000","63,900,000","27,800,000","29,000,000","28,400,000","-3,600,000","50,900,000","61,000,000","51,700,000","1,100,000","80,500,000","85,500,000","72,600,000","90,300,000","72,900,000","80,500,000","81,000,000","102,000,000","105,200,000","108,300,000","90,400,000","90,100,000"
NetIncomeCommonStockholders,"573,900,000","166,500,000","150,800,000","163,700,000","92,900,000","1,198,400,000","208,500,000","112,800,000","24,600,000","175,600,000","189,800,000","157,400,000","147,100,000","2,095,000,000","227,900,000","294,800,000","261,200,000","336,900,000","267,800,000","240,100,000","199,700,000","224,500,000","226,900,000","238,900,000","167,700,000","178,000,000","196,600,000","227,400,000","203,700,000","228,900,000"
	NetIncome,"608,400,000","166,500,000","150,800,000","180,900,000","110,200,000","1,215,600,000","225,800,000","130,000,000","41,900,000","192,800,000","207,100,000","174,600,000","164,400,000","2,112,300,000","245,300,000","295,000,000","261,200,000","336,900,000","267,800,000","240,100,000","199,700,000","224,500,000","226,900,000","238,900,000","182,000,000","236,100,000","196,600,000","227,400,000","203,700,000","228,900,000"
		NetIncomeIncludingNoncontrollingInterests,"608,400,000","166,500,000","150,800,000","180,900,000","110,200,000","1,215,600,000","225,800,000","130,000,000","41,900,000","192,800,000","207,100,000","174,600,000","164,400,000","2,112,300,000","245,300,000","295,000,000","261,200,000","336,900,000","267,800,000","240,100,000","199,700,000","224,500,000","226,900,000","238,900,000","182,000,000","236,100,000","196,600,000","227,400,000","203,700,000","228,900,000"
			NetIncomeContinuousOperations,"614,200,000","169,400,000","151,100,000","182,000,000","111,700,000","1,053,800,000","225,800,000","130,300,000","42,300,000","178,800,000","207,300,000","175,300,000","164,000,000","116,800,000","245,300,000","295,000,000","261,200,000","336,900,000","267,800,000","240,100,000","199,700,000","224,500,000","226,900,000","238,900,000","182,000,000","236,100,000","196,600,000","227,400,000","203,700,000","228,900,000"
			NetIncomeDiscontinuousOperations,"-5,800,000","-2,900,000","-300,000","-1,100,000","-1,500,000","161,800,000","0","-300,000","-400,000","14,000,000","-200,000","-700,000","400,000","1,872,200,000",,,,,,,,,,,,,,,,
	PreferredStockDividends,"34,500,000","0",,"17,200,000","17,300,000","17,200,000","17,300,000","17,200,000","17,300,000","17,200,000","17,300,000","17,200,000","17,300,000","17,300,000","17,400,000","200,000",,,,,,,,,,,,,,
	OtherunderPreferredStockDividend,,,,,,,,,,,,,,,,,,,,,,,,,"14,300,000",,,,,
DilutedNIAvailtoComStockholders,"573,900,000","166,500,000","150,800,000","163,700,000","92,900,000","1,267,400,000","208,500,000","112,800,000","24,600,000","175,600,000","189,800,000","157,400,000","147,100,000","2,095,000,000","227,900,000","294,800,000","261,200,000","336,900,000","267,800,000","240,100,000","199,700,000","224,500,000","226,900,000","238,900,000","167,700,000","178,000,000","196,600,000","227,400,000","203,700,000","228,900,000"
BasicEPS,,"0.46","0.42","0.48","0.27","3.55","0.62","0.34","0.07","0.52","0.56","0.47","0.44","6.26","0.65","0.84","0.75","0.97","0.77","0.69","0.58","0.65","0.66","0.69","0.49",,"0.57","0.659","0.59",
DilutedEPS,,"0.45","0.42","0.48","0.27","3.37","0.61","0.33","0.07","0.52","0.56","0.46","0.43","6.17","0.64","0.83","0.74","0.95","0.76","0.68","0.57","0.64","0.65","0.69","0.48",,"0.57","0.659","0.59",
BasicAverageShares,,"359,300,000","358,900,000","339,400,000","338,600,000","338,000,000","337,600,000","337,300,000","336,800,000","336,400,000","336,100,000","335,600,000","335,100,000","334,600,000","349,900,000","349,200,000","348,600,000","348,100,000","347,700,000","347,200,000","347,000,000","346,200,000","346,000,000","345,200,000","344,300,000",,"345,200,000","345,200,000","345,200,000",
DilutedAverageShares,,"362,900,000","362,200,000","342,400,000","341,700,000","360,700,000","340,800,000","339,700,000","340,000,000","340,100,000","339,900,000","339,700,000","339,500,000","339,300,000","355,300,000","355,000,000","354,400,000","353,900,000","352,900,000","352,200,000","351,500,000","349,700,000","349,200,000","345,200,000","347,400,000",,"345,200,000","345,200,000","345,200,000",
TotalOperatingIncomeAsReported,"812,800,000","203,100,000","200,800,000","211,300,000","197,600,000","-81,700,000","310,400,000","191,100,000","119,600,000","295,200,000","242,100,000","249,500,000","217,300,000","136,300,000","321,400,000","382,400,000","338,200,000","355,800,000","355,900,000","348,300,000","294,900,000","337,700,000","323,200,000","322,100,000","263,000,000","338,100,000","301,800,000","335,700,000","294,100,000","319,000,000"
TotalExpenses,"4,441,900,000","1,173,200,000","1,098,700,000","1,108,400,000","1,061,600,000","-385,600,000","1,591,900,000","1,380,100,000","1,508,600,000","1,707,200,000","1,617,900,000","1,615,200,000","1,375,600,000","879,600,000","1,518,700,000","1,473,600,000","1,402,500,000","1,450,900,000","1,329,400,000","1,280,500,000","1,240,300,000","1,289,400,000","1,244,200,000","1,233,000,000","1,211,700,000","1,223,300,000","1,222,800,000","1,229,200,000","1,219,400,000","1,368,400,000"
NetIncomeFromContinuingAndDiscontinuedOperation,"608,400,000","166,500,000","150,800,000","180,900,000","110,200,000","1,215,600,000","225,800,000","130,000,000","41,900,000","192,800,000","207,100,000","174,600,000","164,400,000","2,112,300,000","245,300,000","295,000,000","261,200,000","336,900,000","267,800,000","240,100,000","199,700,000","224,500,000","226,900,000","238,900,000","182,000,000","236,100,000","196,600,000","227,400,000","203,700,000","228,900,000"
NormalizedIncome,"630,526,000","165,671,670.429","151,100,000","159,198,000","156,773,900","174,515,000","225,800,000","130,300,000","104,569,000","179,094,684.796","170,961,600","175,300,000","164,000,000","116,800,000","245,300,000","295,000,000","261,200,000","336,900,000","256,034,300","240,100,000","199,700,000","224,500,000","226,900,000","238,900,000","182,000,000","236,100,000","196,600,000","227,400,000","203,700,000","228,900,000"
InterestExpense,"103,200,000",,,,"27,700,000","17,800,000","43,900,000","43,200,000",,,,,,"26,700,000","24,400,000","25,300,000","24,600,000","17,800,000","22,900,000","22,700,000","22,600,000","22,900,000","23,400,000","2,700,000",,,,"0",,
NetInterestIncome,"-103,200,000","-25,200,000","-25,100,000","-25,200,000","-27,700,000","-17,800,000","-43,900,000","-43,200,000","-43,600,000","-47,500,000","-47,000,000","-44,400,000","-25,300,000","-22,700,000","-24,400,000","-25,300,000","-24,600,000","-17,800,000","-22,900,000","-22,700,000","-22,600,000","-22,900,000","-23,400,000","-2,700,000",,,,"0",,
EBIT,"780,700,000","171,000,000","200,800,000","211,300,000","146,400,000","1,035,800,000","309,000,000","196,400,000","204,900,000","295,200,000","242,100,000","249,500,000","217,300,000","138,900,000","320,600,000","381,300,000","337,500,000","355,800,000","371,200,000","348,300,000","294,900,000","337,700,000","323,200,000","322,100,000","263,000,000","338,100,000","301,800,000","335,700,000","294,100,000","319,000,000"
EBITDA,"1,176,200,000"
ReconciledCostOfRevenue,"2,247,600,000","580,800,000","555,300,000","564,200,000","547,300,000","-487,600,000","918,900,000","756,900,000","837,700,000","966,500,000","932,300,000","960,700,000","780,200,000","428,600,000","915,800,000","917,100,000","869,900,000","896,700,000","845,900,000","823,700,000","791,200,000","830,500,000","794,500,000","787,000,000","779,500,000","823,200,000","777,400,000","800,100,000","782,800,000","882,000,000"
ReconciledDepreciation,"395,500,000","104,000,000","98,800,000","95,700,000","97,000,000","31,400,000","115,900,000","119,100,000","117,600,000","117,100,000","116,800,000","110,400,000","81,900,000","76,000,000","66,600,000","58,200,000","60,000,000","60,400,000","39,900,000","37,100,000","36,700,000","42,500,000","45,100,000","44,900,000","43,900,000","44,700,000","43,600,000","44,900,000","43,700,000","42,200,000"
NetIncomeFromContinuingOperationNetMinorityInterest,"614,200,000","169,400,000","151,100,000","182,000,000","111,700,000","1,053,800,000","225,800,000","130,300,000","42,300,000","178,800,000","207,300,000","175,300,000","164,000,000","116,800,000","245,300,000","295,000,000","261,200,000","336,900,000","267,800,000","240,100,000","199,700,000","224,500,000","226,900,000","238,900,000","182,000,000","236,100,000","196,600,000","227,400,000","203,700,000","228,900,000"
TotalUnusualItemsExcludingGoodwill,"-18,000,000","3,900,000","0","26,000,000","-47,900,000","1,204,500,000","0","0","-85,300,000","-400,000","41,200,000",,,"0","0",,,"0","15,300,000",,,,,,,"0",,,,"0"
TotalUnusualItems,"-18,000,000","3,900,000","0","26,000,000","-47,900,000","1,204,500,000","0","0","-85,300,000","-400,000","41,200,000",,,"0","0",,,"0","15,300,000",,,,,,,"0",,,,"0"
NormalizedEBITDA,"1,194,200,000","271,100,000","299,600,000","281,000,000","291,300,000","-137,300,000","424,900,000","315,500,000","407,800,000","412,700,000","317,700,000","359,900,000","299,200,000","214,900,000","387,200,000","439,500,000","397,500,000","416,200,000","395,800,000","385,400,000","331,600,000","380,200,000","368,300,000","367,000,000","306,900,000","382,800,000","345,400,000","380,600,000","337,800,000","361,200,000"
TaxRateForCalcs,"0.093","0.044","0.132","0.123","0.059","0.27","0.148","0.149","0.27","0.263","0.118","0.142","0.148","0.27","0.172","0.171","0.165","0.003","0.231","0.263","0.267","0.287","0.243","0.252","0.308","0.302","0.349","0.323","0.307","0.282"
TaxEffectOfUnusualItems,"-1,674,000","171,670.429","0","3,198,000","-2,826,100","325,215,000","0","0","-23,031,000","-105,315.204","4,861,600","0","0","0","0","0","0","0","3,534,300","0","0","0","0","0","0","0","0","0","0","0"