name,ttm,12/31/2021,09/30/2021,06/30/2021,03/31/2021,12/31/2020,09/30/2020,06/30/2020,03/31/2020,12/31/2019,09/30/2019,06/30/2019,03/31/2019,12/31/2018,09/30/2018,06/30/2018,03/31/2018,12/31/2017,09/30/2017,06/30/2017,03/31/2017,12/31/2016,09/30/2016,06/30/2016,03/31/2016,12/31/2015,09/30/2015,06/30/2015,03/31/2015,12/31/2014,09/30/2014,06/30/2014,03/31/2014,12/31/2013,09/30/2013,06/30/2013,03/31/2013,12/31/2012,09/30/2012,06/30/2012,03/31/2012,12/31/2011,09/30/2011,06/30/2011,03/31/2011,12/31/2010,09/30/2010,06/30/2010,03/31/2010,12/31/2009,09/30/2009,06/30/2009,03/31/2009,12/31/2008,09/30/2008,06/30/2008,03/31/2008,12/31/2007,09/30/2007,06/30/2007,03/31/2007,12/31/2006,09/30/2006,06/30/2006,03/31/2006,12/31/2005,09/30/2005,06/30/2005,03/31/2005,12/31/2004,09/30/2004,06/30/2004,03/31/2004,12/31/2003,09/30/2003,06/30/2003,03/31/2003,12/31/2002,09/30/2002,06/30/2002,03/31/2002,12/31/2001,09/30/2001,06/30/2001,03/31/2001,12/31/2000,09/30/2000,06/30/2000,03/31/2000,12/31/1999,09/30/1999,06/30/1999,03/31/1999,12/31/1998,09/30/1998,06/30/1998,03/31/1998,12/31/1997,09/30/1997,06/30/1997,03/31/1997,12/31/1996,09/30/1996,06/30/1996,03/31/1996,12/31/1995,09/30/1995,06/30/1995,03/31/1995,12/31/1994,09/30/1994,06/30/1994,03/31/1994,12/31/1993,09/30/1993,06/30/1993,03/31/1993,12/31/1992,09/30/1992,06/30/1992,03/31/1992,12/31/1991,09/30/1991,06/30/1991,03/31/1991,12/31/1990,09/30/1990,06/30/1990,03/31/1990,12/31/1989,09/30/1989,06/30/1989,03/31/1989,12/31/1988,09/30/1988,06/30/1988,03/31/1988,12/31/1987,09/30/1987,06/30/1987,03/31/1987,12/31/1986,09/30/1986,06/30/1986,03/31/1986,12/31/1985,09/30/1985
TotalRevenue,"38,469,000,000","10,292,000,000","9,568,000,000","9,220,000,000","9,389,000,000","10,481,000,000","9,431,000,000","9,264,000,000","8,749,000,000","10,773,000,000","9,761,000,000","9,555,000,000","9,261,000,000","10,378,000,000","9,094,000,000","9,186,000,000","7,535,000,000","8,277,000,000","7,580,000,000","7,675,000,000","7,441,000,000","8,233,000,000","7,731,000,000","7,665,000,000","7,724,000,000","7,809,000,000","7,994,000,000","7,882,000,000","7,784,000,000","8,362,000,000","7,751,000,000","7,474,000,000","7,324,000,000","8,107,000,000","7,796,000,000","7,911,000,000","7,404,000,000","8,078,000,000","7,934,000,000","7,922,000,000","7,579,000,000","9,147,000,000","7,853,000,000","7,879,000,000","7,798,000,000","8,601,000,000","8,011,000,000","8,104,000,000","7,750,000,000","7,898,000,000","7,719,000,000","8,100,000,000","8,264,000,000","7,852,000,000","7,140,000,000","7,303,000,000","7,005,000,000","7,515,000,000","6,834,000,000","6,591,000,000","6,300,000,000","6,514,000,000","6,069,000,000","5,934,000,000","5,570,000,000","5,831,000,000","5,380,000,000","5,214,000,000","4,819,000,000","4,912,000,000","4,754,000,000","4,761,000,000","4,760,000,000","4,834,000,000","4,427,000,000","3,935,000,000","3,421,000,000","3,908,000,000","3,289,000,000","3,511,000,000","3,121,000,000","3,508,000,000","3,020,000,000","2,962,000,000","2,673,000,000","2,691,000,000","2,502,000,000","2,617,000,000","2,546,000,000","2,655,000,000","2,215,000,000","1,379,000,000","1,377,000,000","1,466,000,000","1,172,000,000","1,178,000,000","1,154,000,000","1,101,000,000","988,000,000","1,032,000,000","941,000,000","896,000,000","862,000,000","930,000,000","893,000,000","893,000,000","718,000,000","703,000,000","753,000,000","724,000,000","714,000,000","820,000,000","800,000,000","616,000,000","900,000,000","793,000,000","878,000,000","191,000,000","857,000,000","1,609,000,000","2,118,000,000","2,333,000,000","2,091,000,000","2,416,000,000","2,301,000,000","2,598,100,000","2,459,500,000","2,624,400,000","2,491,000,000","2,635,000,000","2,517,300,000","2,529,700,000","2,360,900,000","2,541,000,000","2,267,700,000","2,340,600,000","2,401,700,000","2,402,700,000","2,279,600,000","2,411,600,000","2,250,100,000","2,192,000,000","2,300,000,000","2,332,100,000","2,065,800,000","2,263,200,000","2,024,100,000"
	OperatingRevenue,"38,469,000,000","10,292,000,000","9,568,000,000","9,220,000,000","9,389,000,000","10,481,000,000","9,431,000,000","9,264,000,000","8,749,000,000","10,773,000,000","9,761,000,000","9,555,000,000","9,261,000,000","10,378,000,000","9,094,000,000","9,186,000,000","7,535,000,000","8,277,000,000","7,580,000,000","7,675,000,000","7,441,000,000","8,233,000,000","7,731,000,000","7,665,000,000","7,724,000,000","7,809,000,000","7,994,000,000","7,882,000,000","7,784,000,000","8,362,000,000","7,751,000,000","7,474,000,000","7,324,000,000","8,107,000,000","7,796,000,000","7,911,000,000","7,404,000,000","8,078,000,000","7,934,000,000","7,922,000,000","7,579,000,000","9,147,000,000","7,853,000,000","7,879,000,000","7,798,000,000","8,601,000,000","8,011,000,000","8,104,000,000","7,750,000,000","7,898,000,000","7,719,000,000","8,100,000,000","8,264,000,000","7,852,000,000","7,140,000,000","7,303,000,000","7,005,000,000","7,515,000,000","6,834,000,000","6,591,000,000","6,300,000,000","6,514,000,000","6,069,000,000","5,934,000,000","5,570,000,000","5,831,000,000","5,380,000,000","5,214,000,000","4,819,000,000","4,912,000,000","4,754,000,000","4,761,000,000","4,760,000,000","4,834,000,000","4,427,000,000","3,935,000,000","3,421,000,000","3,908,000,000","3,289,000,000","3,511,000,000","3,121,000,000","3,508,000,000","3,020,000,000","2,962,000,000","2,673,000,000","2,691,000,000","2,502,000,000","2,617,000,000","2,546,000,000","2,655,000,000","2,215,000,000","1,379,000,000","1,377,000,000","1,466,000,000","1,172,000,000","1,178,000,000","1,154,000,000","1,101,000,000","988,000,000","1,032,000,000","941,000,000","896,000,000","862,000,000","930,000,000","893,000,000","893,000,000","718,000,000","703,000,000","753,000,000","724,000,000","714,000,000","820,000,000","800,000,000","616,000,000","900,000,000","793,000,000","878,000,000","191,000,000","857,000,000","1,609,000,000","2,118,000,000","2,333,000,000","2,091,000,000","2,416,000,000","2,301,000,000","2,598,100,000","2,459,500,000","2,624,400,000","2,491,000,000","2,635,000,000","2,517,300,000","2,529,700,000","2,360,900,000","2,541,000,000","2,267,700,000","2,340,600,000","2,401,700,000","2,402,700,000","2,279,600,000","2,411,600,000","2,250,100,000","2,192,000,000","2,300,000,000","2,332,100,000","2,065,800,000","2,263,200,000","2,024,100,000"
CostOfRevenue,"32,061,000,000","8,526,000,000","7,938,000,000","7,705,000,000","7,892,000,000","8,631,000,000","7,836,000,000","7,849,000,000","7,261,000,000","8,816,000,000","7,973,000,000","7,869,000,000","7,633,000,000","8,595,000,000","7,407,000,000","7,509,000,000","5,990,000,000","6,729,000,000","6,018,000,000","6,114,000,000","5,925,000,000","6,593,000,000","6,191,000,000","6,109,000,000","6,211,000,000","6,267,000,000","6,484,000,000","6,334,000,000","6,254,000,000","6,766,000,000","6,274,000,000","6,039,000,000","5,954,000,000","6,644,000,000","6,333,000,000","6,427,000,000","6,050,000,000","7,280,000,000","6,519,000,000","6,427,000,000","6,184,000,000","7,673,000,000","6,363,000,000","6,425,000,000","6,360,000,000","7,006,000,000","6,564,000,000","6,641,000,000","6,346,000,000","4,993,000,000","6,393,000,000","7,155,000,000","7,359,000,000","6,914,000,000","6,207,000,000","6,382,000,000","6,144,000,000","6,644,000,000","6,033,000,000","5,831,000,000","5,619,000,000","6,930,000,000","5,021,000,000","4,900,000,000","4,616,000,000","6,174,000,000","4,471,000,000","4,344,000,000","4,058,000,000","4,406,000,000","4,255,000,000","3,987,000,000","4,318,000,000","5,187,000,000","3,797,000,000","3,557,000,000","3,103,000,000","4,148,000,000","2,688,000,000","2,877,000,000","2,756,000,000","3,681,000,000","2,458,000,000","2,382,000,000","2,157,000,000","2,113,000,000","1,950,000,000","2,064,000,000","2,027,000,000","2,274,000,000","1,785,000,000","1,177,000,000","1,201,000,000","1,284,000,000","1,006,000,000","923,000,000","907,000,000","957,000,000","854,000,000","896,000,000","818,000,000","786,000,000","753,000,000","825,000,000","797,000,000","798,000,000","632,000,000","618,000,000","666,000,000","633,000,000","627,000,000","682,000,000","653,000,000","459,000,000","829,700,000","726,700,000","809,000,000","-1,256,000,000","1,545,000,000","1,513,000,000","1,962,000,000","2,144,000,000","1,915,000,000","2,209,000,000","2,127,000,000","3,800,900,000","2,045,900,000","2,675,400,000","2,083,800,000","2,919,300,000","2,087,600,000","2,147,000,000",,,,,,,,,,,,,,,
GrossProfit,"6,408,000,000","1,766,000,000","1,630,000,000","1,515,000,000","1,497,000,000","1,850,000,000","1,595,000,000","1,415,000,000","1,488,000,000","1,957,000,000","1,788,000,000","1,686,000,000","1,628,000,000","1,783,000,000","1,687,000,000","1,677,000,000","1,545,000,000","1,548,000,000","1,562,000,000","1,561,000,000","1,516,000,000","1,640,000,000","1,540,000,000","1,556,000,000","1,513,000,000","1,542,000,000","1,510,000,000","1,548,000,000","1,530,000,000","1,596,000,000","1,477,000,000","1,435,000,000","1,370,000,000","1,463,000,000","1,463,000,000","1,484,000,000","1,354,000,000","798,000,000","1,415,000,000","1,495,000,000","1,395,000,000","1,474,000,000","1,490,000,000","1,454,000,000","1,438,000,000","1,595,000,000","1,447,000,000","1,463,000,000","1,404,000,000","2,905,000,000","1,326,000,000","945,000,000","905,000,000","938,000,000","933,000,000","921,000,000","861,000,000","871,000,000","801,000,000","760,000,000","681,000,000","-416,000,000","1,048,000,000","1,034,000,000","954,000,000","-343,000,000","909,000,000","870,000,000","761,000,000","506,000,000","499,000,000","774,000,000","442,000,000","-353,000,000","630,000,000","378,000,000","318,000,000","-240,000,000","601,000,000","634,000,000","365,000,000","-173,000,000","562,000,000","580,000,000","516,000,000","578,000,000","552,000,000","553,000,000","519,000,000","381,000,000","430,000,000","202,000,000","176,000,000","182,000,000","166,000,000","255,000,000","247,000,000","144,000,000","134,000,000","136,000,000","123,000,000","110,000,000","109,000,000","105,000,000","96,000,000","95,000,000","86,000,000","85,000,000","87,000,000","91,000,000","87,000,000","138,000,000","147,000,000","157,000,000","70,300,000","66,300,000","69,000,000","1,447,000,000","-688,000,000","96,000,000","156,000,000","189,000,000","176,000,000","207,000,000","174,000,000","-1,202,800,000","413,600,000","-51,000,000","407,200,000","-284,300,000","429,700,000","382,700,000",,,,,,,,,,,,,,,
OperatingExpense,"2,245,000,000","580,000,000","550,000,000","556,000,000","559,000,000","583,000,000","511,000,000","574,000,000","547,000,000","629,000,000","572,000,000","596,000,000","614,000,000","557,000,000","552,000,000","589,000,000","537,000,000","514,000,000","510,000,000","505,000,000","481,000,000","523,000,000","471,000,000","486,000,000","460,000,000","506,000,000","476,000,000","467,000,000","503,000,000","529,000,000","478,000,000","486,000,000","499,000,000","542,000,000","506,000,000","524,000,000","507,000,000","706,000,000","510,000,000","525,000,000","535,000,000","524,000,000","492,000,000","505,000,000","509,000,000","519,000,000","481,000,000","478,000,000","486,000,000","483,000,000","452,000,000","0","0",,,,,,,,,"-1,119,000,000","371,000,000","385,000,000","364,000,000","-955,000,000","321,000,000","321,000,000","313,000,000","-866,000,000","291,000,000","280,000,000",,"-767,000,000","273,000,000",,,"-639,000,000","193,000,000","224,000,000",,"-577,000,000","186,000,000","227,000,000","182,000,000","227,000,000","215,000,000","218,000,000","213,000,000","53,000,000","75,000,000","39,000,000","33,000,000","35,000,000","30,000,000","120,000,000","123,000,000","27,000,000","21,000,000","22,000,000","21,000,000","18,000,000","20,000,000","16,000,000","13,000,000","12,000,000","9,000,000","9,000,000","8,000,000","9,000,000","10,000,000","56,000,000","67,000,000","19,000,000","12,300,000","9,300,000","13,000,000","-17,000,000","21,000,000","5,000,000","47,000,000","69,000,000","78,000,000","82,000,000","80,000,000","-463,900,000","279,900,000","283,300,000","278,700,000","-406,400,000","279,800,000","264,900,000",,,,,,,,,,,,,,,
	SellingGeneralAndAdministration,"2,245,000,000","580,000,000","550,000,000","556,000,000","559,000,000","583,000,000","511,000,000","574,000,000","547,000,000","629,000,000","572,000,000","596,000,000","614,000,000","557,000,000","552,000,000","589,000,000","537,000,000","514,000,000","510,000,000","505,000,000","481,000,000","523,000,000","471,000,000","486,000,000","460,000,000","506,000,000","476,000,000","467,000,000","503,000,000","529,000,000","478,000,000","486,000,000","499,000,000","542,000,000","506,000,000","524,000,000","507,000,000","706,000,000","510,000,000","525,000,000","535,000,000","524,000,000","492,000,000","505,000,000","509,000,000","519,000,000","481,000,000","478,000,000","486,000,000","483,000,000","452,000,000",,,,,,,,,,,,"371,000,000","385,000,000","364,000,000",,"321,000,000","321,000,000","313,000,000",,"291,000,000","280,000,000",,,"273,000,000",,,,"193,000,000","224,000,000",,,"186,000,000","209,000,000","182,000,000","172,000,000","155,000,000","163,000,000","157,000,000",,,,,,,"90,000,000","92,000,000",,,,,,,,,,,,,,,"45,000,000","58,000,000",,,,,,,,,,,,,,"186,900,000","192,800,000","190,700,000","-503,600,000","186,700,000","179,600,000",,,,,,,,,,,,,,,
		GeneralAndAdministrativeExpense,"2,245,000,000","580,000,000","550,000,000","556,000,000","559,000,000","583,000,000","511,000,000","574,000,000","547,000,000","629,000,000","572,000,000","596,000,000","614,000,000","557,000,000","552,000,000","589,000,000","537,000,000","514,000,000","510,000,000","505,000,000","481,000,000","523,000,000","471,000,000","486,000,000","460,000,000","506,000,000","476,000,000","467,000,000","503,000,000","529,000,000","478,000,000","486,000,000","499,000,000","542,000,000","506,000,000","524,000,000","507,000,000",,,,,,,,,,,,,,,,,,,,,,,,,,,,,,,,,,,,,,,,,,,,,,,,,,,,,,,,,,,,,,,,,,,,,,,,,,,,,,,,,,,,,,,,,,,,,,,,,,,,,,,,,,,,,,
			OtherGandA,"2,245,000,000","580,000,000","550,000,000","556,000,000","559,000,000","583,000,000","511,000,000","574,000,000","547,000,000","629,000,000","572,000,000","596,000,000","614,000,000","557,000,000","552,000,000","589,000,000","537,000,000","514,000,000","510,000,000","505,000,000","481,000,000","523,000,000","471,000,000","486,000,000","460,000,000","506,000,000","476,000,000","467,000,000","503,000,000","529,000,000","478,000,000","486,000,000","499,000,000","542,000,000","506,000,000","524,000,000","507,000,000",,,,,,,,,,,,,,,,,,,,,,,,,,,,,,,,,,,,,,,,,,,,,,,,,,,,,,,,,,,,,,,,,,,,,,,,,,,,,,,,,,,,,,,,,,,,,,,,,,,,,,,,,,,,,,
	DepreciationAmortizationDepletionIncomeStatement,,,,,,,,,,,,,,,,,,,,,,,,,,,,,,,,,,,,,,,,,,,,,,,,,,,,,,,,,,,,,,,,,,,,,,,,,,,,,,,,,,,,,,"55,000,000","60,000,000","55,000,000","56,000,000","53,000,000","75,000,000","39,000,000","33,000,000","35,000,000","30,000,000","30,000,000","31,000,000","27,000,000","21,000,000","22,000,000","21,000,000","18,000,000","20,000,000","16,000,000","13,000,000","12,000,000","9,000,000","9,000,000","8,000,000","9,000,000","10,000,000","11,000,000","9,000,000","19,000,000","12,300,000","9,300,000","13,000,000","-17,000,000","21,000,000","5,000,000","47,000,000","69,000,000","78,000,000","82,000,000","80,000,000","106,500,000","93,000,000","90,500,000","88,000,000","97,200,000","93,100,000","85,300,000",,,,,,,,,,,,,,,
		DepreciationAndAmortizationInIncomeStatement,,,,,,,,,,,,,,,,,,,,,,,,,,,,,,,,,,,,,,,,,,,,,,,,,,,,,,,,,,,,,,,,,,,,,,,,,,,,,,,,,,,,,,"55,000,000","60,000,000","55,000,000","56,000,000","53,000,000","75,000,000","39,000,000","33,000,000","35,000,000","30,000,000","30,000,000","31,000,000","27,000,000","21,000,000","22,000,000","21,000,000","18,000,000","20,000,000","16,000,000","13,000,000","12,000,000","9,000,000","9,000,000","8,000,000","9,000,000","10,000,000","11,000,000","9,000,000","19,000,000","12,300,000","9,300,000","13,000,000","-17,000,000","21,000,000","5,000,000","47,000,000","69,000,000","78,000,000","82,000,000","80,000,000","106,500,000","93,000,000","90,500,000","88,000,000","97,200,000","93,100,000","85,300,000",,,,,,,,,,,,,,,
	OtherOperatingExpenses,"34,306,000,000","9,106,000,000",,,,"9,188,000,000",,,,"9,445,000,000",,"8,465,000,000","8,247,000,000","9,152,000,000",,,"6,527,000,000","7,243,000,000",,,,"7,116,000,000",,,,"6,773,000,000",,,,"7,295,000,000",,,,"7,186,000,000",,"6,951,000,000","6,557,000,000","9,980,000,000",,,,,,,,,,,,,,,,,,,,,,,,,,,,,,,,,,,,,,,,,,,,,,"18,000,000",,,,,,,,,,,,,,,,,,,,,,,,,,,,,,,,,,,,,,,,,,,,,,,,,,,,,,,,,,,,,,,
OperatingIncome,"4,163,000,000","1,186,000,000","1,080,000,000","959,000,000","938,000,000","1,267,000,000","1,084,000,000","841,000,000","941,000,000","1,328,000,000","1,216,000,000","1,090,000,000","1,014,000,000","1,226,000,000","1,135,000,000","1,088,000,000","1,008,000,000","1,034,000,000","1,052,000,000","1,056,000,000","1,035,000,000","1,117,000,000","1,069,000,000","1,070,000,000","1,053,000,000","1,036,000,000","1,034,000,000","1,081,000,000","1,027,000,000","1,067,000,000","999,000,000","949,000,000","871,000,000","921,000,000","957,000,000","960,000,000","847,000,000","92,000,000","905,000,000","970,000,000","860,000,000","950,000,000","998,000,000","949,000,000","929,000,000","1,076,000,000","966,000,000","985,000,000","918,000,000","2,422,000,000","874,000,000","945,000,000","905,000,000","938,000,000","933,000,000","921,000,000","861,000,000","871,000,000","801,000,000","760,000,000","681,000,000","703,000,000","677,000,000","649,000,000","590,000,000","612,000,000","588,000,000","549,000,000","448,000,000","1,372,000,000","208,000,000","494,000,000","442,000,000","414,000,000","357,000,000","378,000,000","318,000,000","399,000,000","408,000,000","410,000,000","365,000,000","404,000,000","376,000,000","353,000,000","334,000,000","351,000,000","337,000,000","335,000,000","306,000,000","328,000,000","355,000,000","163,000,000","143,000,000","147,000,000","136,000,000","135,000,000","124,000,000","117,000,000","113,000,000","114,000,000","102,000,000","92,000,000","89,000,000","89,000,000","83,000,000","83,000,000","77,000,000","76,000,000","79,000,000","82,000,000","77,000,000","82,000,000","80,000,000","138,000,000","58,000,000","57,000,000","56,000,000","1,464,000,000","-709,000,000","91,000,000","109,000,000","120,000,000","98,000,000","125,000,000","94,000,000","-738,900,000","133,700,000","-334,300,000","128,500,000","122,100,000","149,900,000","117,800,000","2,360,900,000","-6,487,900,000","2,267,700,000","2,340,600,000","2,401,700,000","-6,306,800,000","2,279,600,000","2,411,600,000","2,250,100,000","-6,050,800,000","2,300,000,000","2,332,100,000","2,065,800,000","-5,232,600,000","2,024,100,000"
NetNonOperatingInterestIncomeExpense,"-424,000,000","-93,000,000","-99,000,000","-109,000,000","-123,000,000","-120,000,000","-118,000,000","-132,000,000","-107,000,000","-110,000,000","-114,000,000","-119,000,000","-117,000,000","-112,000,000","-114,000,000","-103,000,000","-27,000,000","-27,000,000","-27,000,000","-24,000,000","-25,000,000","-23,000,000","-23,000,000","-23,000,000","-22,000,000","-19,000,000","-23,000,000","-20,000,000","-21,000,000","-19,000,000","-21,000,000","-24,000,000","-22,000,000","-23,000,000","-22,000,000","-18,000,000","-23,000,000","-41,000,000","-39,000,000","-37,000,000","-39,000,000","-38,000,000","-38,000,000","-31,000,000","-34,000,000","-33,000,000","-38,000,000","-42,000,000","-44,000,000","-43,000,000","-40,000,000","-38,000,000","-39,000,000",,,,,,,,,,,,,,,,,,,,,,,,,,,,,,,,,,,,,,,,,,,,,,,,,,,,,,,,,,,,,,,,,,,,,,,,,,,,,,,,,,,,,,,,,,,,,,
	InterestIncomeNonOperating,"7,000,000",,,,,,,,,,,,,,,,,,,,,,,,,,,,,,,,,,,,,"3,000,000","1,000,000",,,"2,000,000","3,000,000","7,000,000","2,000,000","3,000,000","1,000,000","3,000,000","3,000,000","1,000,000","2,000,000","5,000,000",,,,,,,,,,,,,,,,,,,,,,,,,,,,,,,,,,,,,,,,,,,,,,,,,,,,,,,,,,,,,,,,,,,,,,,,,,,,,,,,,,,,,,,,,,,,,,,
	InterestExpenseNonOperating,"431,000,000",,,"109,000,000","123,000,000","132,000,000","118,000,000","132,000,000","107,000,000","122,000,000","114,000,000","119,000,000","117,000,000","130,000,000","114,000,000","103,000,000","27,000,000","41,000,000","27,000,000","24,000,000","25,000,000","31,000,000","23,000,000","23,000,000","22,000,000","34,000,000","23,000,000","20,000,000","21,000,000","36,000,000","21,000,000","24,000,000","22,000,000","40,000,000","22,000,000","18,000,000","23,000,000","44,000,000","40,000,000","37,000,000","39,000,000","40,000,000","41,000,000","38,000,000","36,000,000","36,000,000","39,000,000","45,000,000","47,000,000","44,000,000","42,000,000","43,000,000","39,000,000",,,,,,,,,,,,,,,,,,,,,,,,,,,,,,,,,,,,,,,,,,,,,,,,,,,,,,,,,,,,,,,,,,,,,,,,,,,,,,,,,,,,,,,,,,,,,,
	TotalOtherFinanceCost,"424,000,000","93,000,000","99,000,000","109,000,000",,"120,000,000","118,000,000","132,000,000",,"110,000,000","114,000,000","119,000,000","117,000,000","112,000,000","114,000,000","103,000,000","27,000,000","27,000,000","27,000,000","24,000,000","25,000,000","23,000,000","23,000,000","23,000,000","22,000,000","19,000,000","23,000,000","20,000,000","21,000,000","19,000,000","21,000,000","24,000,000","22,000,000","23,000,000","22,000,000","18,000,000","23,000,000","41,000,000",,"37,000,000","39,000,000","38,000,000","38,000,000","31,000,000","34,000,000","33,000,000",,,,,,,,,,,,,,,,,,,,,,,,,,,,,,,,,,,,,,,,,,,,,,,,,,,,,,,,,,,,,,,,,,,,,,,,,,,,,,,,,,,,,,,,,,,,,,,,,,,,,
OtherIncomeExpense,"134,000,000","39,000,000","34,000,000","31,000,000","30,000,000","38,000,000","12,000,000","18,000,000","14,000,000","-4,000,000","-12,000,000","12,000,000","18,000,000","18,000,000","2,000,000","-15,000,000","-21,000,000","1,000,000","2,000,000",,,"0","2,000,000","1,000,000","10,000,000","2,000,000","2,000,000",,"3,000,000","-3,000,000","1,000,000",,"2,000,000","2,000,000","5,000,000","1,000,000",,"-2,122,000,000","-3,000,000","-5,000,000",,"-1,000,000","-8,000,000","41,000,000","1,000,000","0",,"2,000,000",,"1,000,000","-6,000,000",,"3,000,000","14,000,000",,,"3,000,000","0","2,000,000","1,000,000","1,000,000","0","1,000,000","2,000,000",,"24,000,000","-2,000,000",,"-1,000,000","-2,000,000","-3,000,000","-12,000,000",,"0","-3,000,000","2,000,000","4,000,000","39,000,000","8,000,000","3,000,000","-3,000,000",,"-5,000,000","-3,000,000","8,000,000","-2,000,000","-3,000,000","-1,000,000","-1,000,000","-4,000,000","-44,000,000","-3,000,000","9,000,000","-2,000,000","5,000,000","4,000,000",,"9,000,000","10,000,000","8,000,000","6,000,000","14,000,000","14,000,000","13,000,000","15,000,000","14,000,000","16,000,000","17,000,000","13,000,000","7,000,000","6,000,000","4,000,000","5,000,000","-21,000,000","52,000,000","30,000,000","7,000,000","-1,512,000,000","802,000,000","6,000,000",,"-23,000,000","-3,000,000","-9,000,000","1,000,000","-65,800,000","-14,900,000","-15,800,000","-17,500,000",,"-10,500,000","-13,100,000",,,,,,,,,,,,,,,
	SpecialIncomeCharges,,,,,,,,,,,,,,,,,,,,,,,,,,,,,,,,,,,,,,"-1,986,000,000","-3,000,000","-5,000,000","0","-1,000,000","-8,000,000","41,000,000","1,000,000","0","0","2,000,000","0","1,000,000","-6,000,000","0","3,000,000","14,000,000",,,"3,000,000","0","2,000,000","1,000,000","1,000,000","0","1,000,000","2,000,000",,"24,000,000","-2,000,000",,"-1,000,000","-2,000,000","-3,000,000","-12,000,000",,"0","-3,000,000","2,000,000","4,000,000","39,000,000","8,000,000","3,000,000","-3,000,000",,"-5,000,000","-3,000,000","8,000,000","-2,000,000","-3,000,000","-1,000,000","-1,000,000","-4,000,000","-44,000,000","-3,000,000","9,000,000","-2,000,000","5,000,000","4,000,000",,"9,000,000","10,000,000","8,000,000","6,000,000","14,000,000","14,000,000","13,000,000","15,000,000","14,000,000","16,000,000","17,000,000","13,000,000","7,000,000","6,000,000","4,000,000","5,000,000","-21,000,000","52,000,000","30,000,000","7,000,000","-1,512,000,000","802,000,000","6,000,000",,"-23,000,000","-3,000,000","-9,000,000","1,000,000","-65,800,000","-14,900,000","-15,800,000","-17,500,000",,"-10,500,000","-13,100,000",,,,,,,,,,,,,,,
	OtherNonOperatingIncomeExpenses,"134,000,000","39,000,000","34,000,000","31,000,000","30,000,000","38,000,000","12,000,000","18,000,000","14,000,000","-4,000,000","-12,000,000","12,000,000","18,000,000","18,000,000","2,000,000","-15,000,000","-21,000,000","1,000,000","2,000,000",,,"0","2,000,000","1,000,000","10,000,000","2,000,000","2,000,000",,"3,000,000","-3,000,000","1,000,000",,"2,000,000","2,000,000","5,000,000","1,000,000",,"-128,000,000",,,,,,,,,,,,,,,,,,,,,,,,,,,,,,,,,,,,,,,,,,,,,,,,,,,,,,,,,,,,,,,,,,,,,,,,,,,,,,,,,,,,,,,,,,,,,,,,,,,,,,,,,,,,,
PretaxIncome,"3,873,000,000","1,132,000,000","1,015,000,000","881,000,000","845,000,000","1,185,000,000","978,000,000","727,000,000","848,000,000","1,214,000,000","1,090,000,000","983,000,000","915,000,000","1,132,000,000","1,023,000,000","970,000,000","960,000,000","1,008,000,000","1,027,000,000","1,032,000,000","1,010,000,000","1,094,000,000","1,048,000,000","1,048,000,000","1,041,000,000","1,019,000,000","1,013,000,000","1,061,000,000","1,009,000,000","1,045,000,000","979,000,000","925,000,000","851,000,000","900,000,000","940,000,000","943,000,000","824,000,000","-2,071,000,000","863,000,000","928,000,000","821,000,000","911,000,000","952,000,000","959,000,000","896,000,000","1,043,000,000","928,000,000","945,000,000","874,000,000","909,000,000","828,000,000","907,000,000","869,000,000","928,000,000","922,000,000","909,000,000","845,000,000","860,000,000","791,000,000","740,000,000","656,000,000","676,000,000","644,000,000","628,000,000","573,000,000","611,000,000","556,000,000","520,000,000","413,000,000","470,000,000","469,000,000","443,000,000","403,000,000","375,000,000","325,000,000","361,000,000","311,000,000","427,000,000","405,000,000","402,000,000","350,000,000","383,000,000","358,000,000","353,000,000","330,000,000","341,000,000","317,000,000","318,000,000","286,000,000","307,000,000","305,000,000","160,000,000","151,000,000","145,000,000","141,000,000","139,000,000","124,000,000","126,000,000","123,000,000","122,000,000","108,000,000","106,000,000","103,000,000","102,000,000","98,000,000","97,000,000","93,000,000","93,000,000","92,000,000","89,000,000","83,000,000","86,000,000","85,000,000","153,000,000","110,000,000","87,000,000","63,000,000","-45,000,000","91,000,000","97,000,000","107,000,000","95,000,000","87,000,000","103,000,000","83,000,000","-820,100,000","105,200,000","-364,700,000","91,600,000","132,000,000","117,900,000","85,700,000",,,,,,,,,,,,,,,
TaxProvision,"616,000,000","180,000,000","155,000,000","144,000,000","137,000,000","183,000,000","144,000,000","102,000,000","142,000,000","194,000,000","177,000,000","177,000,000","170,000,000","223,000,000","159,000,000","184,000,000","161,000,000","372,000,000","263,000,000","283,000,000","247,000,000","287,000,000","281,000,000","290,000,000","311,000,000","255,000,000","280,000,000","309,000,000","293,000,000","308,000,000","285,000,000","279,000,000","256,000,000","276,000,000","289,000,000","303,000,000","253,000,000","59,000,000","263,000,000","294,000,000","257,000,000","308,000,000","287,000,000","293,000,000","278,000,000","314,000,000","279,000,000","294,000,000","275,000,000","291,000,000","253,000,000","286,000,000","276,000,000","298,000,000","288,000,000","268,000,000","272,000,000","282,000,000","247,000,000","222,000,000","216,000,000","213,000,000","204,000,000","208,000,000","191,000,000","205,000,000","182,000,000","176,000,000","69,000,000","1,009,000,000","-146,000,000","147,000,000","134,000,000","96,000,000","70,000,000","119,000,000","90,000,000","136,000,000","137,000,000","139,000,000","121,000,000","137,000,000","128,000,000","126,000,000","90,000,000","122,000,000","23,000,000","114,000,000","102,000,000","109,000,000","121,000,000","55,000,000","-114,000,000","49,000,000","47,000,000","47,000,000","42,000,000","43,000,000","41,000,000","42,000,000","37,000,000","36,000,000","35,000,000","35,000,000","33,000,000","33,000,000","31,000,000","32,000,000","32,000,000","31,000,000","29,000,000","30,000,000","30,000,000","53,000,000","38,000,000","30,000,000","22,000,000","-109,000,000","29,000,000","32,000,000","35,000,000","29,000,000","23,000,000","-108,000,000","26,000,000","-290,400,000","36,700,000","-124,700,000","29,400,000","49,200,000","41,400,000","27,300,000",,,,,,,,,,,,,,,
NetIncomeCommonStockholders,"3,257,000,000","952,000,000","860,000,000","737,000,000","708,000,000","1,002,000,000","834,000,000","625,000,000","706,000,000","1,020,000,000","913,000,000","806,000,000","745,000,000","909,000,000","851,000,000","786,000,000","799,000,000","636,000,000","764,000,000","749,000,000","763,000,000","797,000,000","683,000,000","758,000,000","717,000,000","764,000,000","733,000,000","752,000,000","716,000,000","701,000,000","696,000,000","541,000,000","595,000,000","495,000,000","651,000,000","640,000,000","571,000,000","-2,130,000,000","600,000,000","634,000,000","564,000,000","603,000,000","652,000,000","653,000,000","618,000,000","729,000,000","650,000,000","648,000,000","597,000,000","614,000,000","572,000,000","618,000,000","590,000,000","612,000,000","634,000,000","641,000,000","572,000,000","579,000,000","546,000,000","513,000,000","434,000,000","408,000,000","438,000,000","636,000,000","374,000,000","406,000,000","374,000,000","345,000,000","336,000,000","336,000,000","322,000,000","300,000,000","269,000,000","279,000,000","262,000,000","242,000,000","221,000,000","157,000,000","268,000,000","263,000,000","229,000,000","246,000,000","230,000,000","227,000,000","240,000,000","219,000,000","294,000,000","204,000,000","184,000,000","198,000,000","184,000,000","105,000,000","265,000,000","96,000,000","94,000,000","92,000,000","82,000,000","83,000,000","82,000,000","80,000,000","71,000,000","70,000,000","68,000,000","67,000,000","65,000,000","88,000,000","91,000,000","82,000,000","60,000,000","58,000,000","54,000,000","71,000,000","55,000,000","64,000,000","73,000,000","61,000,000","687,000,000","174,000,000","120,000,000","86,000,000","435,000,000","166,000,000","71,000,000","211,000,000","57,000,000","-530,200,000","68,500,000","-240,000,000","123,700,000","82,800,000","76,500,000","58,400,000",,,,,,,,,,,,,,,
	NetIncome,"3,257,000,000","952,000,000","860,000,000","737,000,000","708,000,000","1,002,000,000","834,000,000","625,000,000","706,000,000","1,020,000,000","913,000,000","806,000,000","745,000,000","909,000,000","851,000,000","786,000,000","799,000,000","636,000,000","764,000,000","749,000,000","763,000,000","797,000,000","683,000,000","758,000,000","717,000,000","764,000,000","733,000,000","752,000,000","716,000,000","701,000,000","696,000,000","541,000,000","595,000,000","495,000,000","651,000,000","640,000,000","571,000,000","-2,130,000,000","600,000,000","634,000,000","564,000,000","603,000,000","652,000,000","653,000,000","618,000,000","729,000,000","650,000,000","648,000,000","597,000,000","614,000,000","572,000,000","618,000,000","590,000,000","612,000,000","634,000,000","641,000,000","572,000,000","579,000,000","546,000,000","513,000,000","434,000,000","408,000,000","438,000,000","636,000,000","374,000,000","406,000,000","374,000,000","345,000,000","336,000,000","336,000,000","322,000,000","300,000,000","269,000,000","279,000,000","262,000,000","242,000,000","221,000,000","157,000,000","268,000,000","263,000,000","229,000,000","246,000,000","230,000,000","227,000,000","240,000,000","219,000,000","294,000,000","204,000,000","184,000,000","198,000,000","184,000,000","105,000,000","265,000,000","96,000,000","94,000,000","92,000,000","82,000,000","83,000,000","82,000,000","80,000,000","71,000,000","70,000,000","68,000,000","67,000,000","65,000,000","88,000,000","91,000,000","82,000,000","60,000,000","58,000,000","54,000,000","71,000,000","55,000,000","64,000,000","73,000,000","61,000,000","687,000,000","174,000,000","120,000,000","86,000,000","435,000,000","166,000,000","71,000,000","211,000,000","57,000,000","-530,200,000","68,500,000","-240,000,000","123,700,000","82,800,000","76,500,000","58,400,000",,,,,,,,,,,,,,,
		NetIncomeIncludingNoncontrollingInterests,"3,257,000,000","952,000,000","860,000,000","737,000,000","708,000,000","1,002,000,000","834,000,000","625,000,000","706,000,000","1,020,000,000","913,000,000","806,000,000","745,000,000","909,000,000","851,000,000","786,000,000","799,000,000","636,000,000","764,000,000","749,000,000","763,000,000","797,000,000","683,000,000","758,000,000","717,000,000","764,000,000","733,000,000","752,000,000","716,000,000","701,000,000","696,000,000","541,000,000","595,000,000","495,000,000","651,000,000","640,000,000","571,000,000","-2,130,000,000","600,000,000","634,000,000","564,000,000","603,000,000","652,000,000","653,000,000","618,000,000","729,000,000","650,000,000","648,000,000","597,000,000","614,000,000","572,000,000","618,000,000","590,000,000","612,000,000","634,000,000","641,000,000","572,000,000","579,000,000","546,000,000","513,000,000","434,000,000","408,000,000","438,000,000","636,000,000","374,000,000","406,000,000","374,000,000","345,000,000","336,000,000","336,000,000","322,000,000","300,000,000","269,000,000","279,000,000","262,000,000","242,000,000","221,000,000","157,000,000","268,000,000","263,000,000","229,000,000","246,000,000","230,000,000","227,000,000","240,000,000","219,000,000","294,000,000","204,000,000","184,000,000","198,000,000","184,000,000","105,000,000","265,000,000","96,000,000","94,000,000","92,000,000","82,000,000","83,000,000","82,000,000","80,000,000","71,000,000","70,000,000","68,000,000","67,000,000","65,000,000","88,000,000","91,000,000","82,000,000","60,000,000","58,000,000","54,000,000","71,000,000","55,000,000","64,000,000","73,000,000","61,000,000","687,000,000","174,000,000","120,000,000","86,000,000","435,000,000","166,000,000","71,000,000","211,000,000","57,000,000","-530,200,000","68,500,000","-240,000,000","123,700,000","82,800,000","76,500,000","58,400,000","75,400,000","110,200,000","96,400,000","66,700,000","105,700,000","95,300,000","111,500,000","125,100,000","105,400,000","-326,100,000","100,000,000","103,500,000","70,100,000","95,400,000","100,600,000"
			NetIncomeContinuousOperations,"3,257,000,000","952,000,000","860,000,000","737,000,000","708,000,000","1,002,000,000","834,000,000","625,000,000","706,000,000","1,020,000,000","913,000,000","806,000,000","745,000,000","909,000,000","864,000,000","786,000,000","799,000,000","636,000,000","764,000,000","749,000,000","763,000,000","807,000,000","767,000,000","758,000,000","730,000,000","764,000,000","733,000,000","752,000,000","716,000,000","737,000,000","694,000,000","646,000,000","595,000,000","624,000,000","651,000,000","640,000,000","571,000,000","-2,130,000,000","600,000,000","634,000,000","564,000,000","603,000,000","665,000,000","666,000,000","618,000,000","729,000,000","649,000,000","651,000,000","599,000,000","618,000,000","575,000,000","621,000,000","593,000,000","630,000,000","634,000,000","641,000,000","573,000,000","578,000,000","544,000,000","518,000,000","440,000,000","463,000,000","440,000,000","420,000,000","382,000,000","406,000,000","374,000,000","344,000,000","344,000,000","315,000,000","323,000,000","296,000,000","269,000,000","279,000,000","255,000,000","242,000,000","221,000,000","291,000,000","268,000,000","263,000,000","229,000,000","246,000,000","230,000,000","227,000,000","240,000,000","219,000,000","294,000,000","204,000,000","184,000,000","198,000,000","184,000,000","105,000,000","265,000,000","96,000,000","94,000,000","92,000,000","82,000,000","83,000,000","82,000,000","80,000,000","71,000,000","70,000,000","68,000,000","67,000,000","65,000,000","64,000,000","62,000,000","61,000,000","60,000,000","58,000,000","54,000,000","56,000,000","55,000,000","100,000,000","72,000,000","57,000,000","41,000,000","64,000,000","62,000,000","65,000,000","72,000,000","66,000,000","64,000,000","211,000,000","57,000,000","-529,700,000","68,500,000","-240,000,000","62,200,000","82,800,000","76,500,000","58,400,000","75,400,000","110,200,000","96,400,000","66,700,000","105,700,000","95,300,000","111,500,000","125,100,000","105,400,000","-336,200,000","100,000,000","103,500,000","70,100,000","90,400,000","100,600,000"
			NetIncomeDiscontinuousOperations,,,,,,,,,,,"0",,,"0","-13,000,000",,,"0","0",,"0","-10,000,000","-84,000,000",,"-13,000,000","0","0","0","0","-36,000,000","2,000,000","-105,000,000",,"-129,000,000",,,,,"0","0",,"0","-13,000,000","-13,000,000","0","0","1,000,000","-3,000,000","-2,000,000","-4,000,000","-3,000,000","-3,000,000","-3,000,000","-18,000,000",,,"-1,000,000","1,000,000","2,000,000","-5,000,000","-6,000,000","-55,000,000","-2,000,000","216,000,000","-8,000,000","0",,"1,000,000","-8,000,000","21,000,000","-1,000,000","4,000,000",,"0","7,000,000",,,,,,,,,,,,,,,,,,,,,,,,,,,,,,,"43,000,000","18,000,000","13,000,000",,,,"15,000,000",,"-36,000,000","1,000,000","4,000,000","646,000,000","101,000,000","51,000,000","21,000,000","5,000,000","100,000,000","7,000,000",,,"-500,000",,,"61,500,000",,,,,,,,,,,,,,,,,"5,000,000",
			NetIncomeFromTaxLossCarryforward,,,,,,,,,,,,,,,,,,,,,,,,,,,,,,,,,,,,,,,,,,,,,,,,,,,,,,,,,,,,,,,,,,,,,,,,,,,,,,,,,,,,,,,,,,,,,,,,,,,,,,,,,,,"11,000,000","8,000,000",,"0",,,,,,,,"9,000,000","7,000,000",,"358,000,000",,,,,,,,,,,,,,,,,,,,,,,,,,
DilutedNIAvailtoComStockholders,"3,257,000,000","952,000,000","860,000,000","737,000,000","708,000,000","1,002,000,000","834,000,000","625,000,000","706,000,000","1,020,000,000","913,000,000","806,000,000","745,000,000","909,000,000","851,000,000","786,000,000","799,000,000","636,000,000","764,000,000","749,000,000","763,000,000","797,000,000","683,000,000","758,000,000","717,000,000","764,000,000","733,000,000","752,000,000","716,000,000","701,000,000","696,000,000","541,000,000","595,000,000","495,000,000","651,000,000","640,000,000","571,000,000","-2,130,000,000","600,000,000","634,000,000","564,000,000","603,000,000","652,000,000","653,000,000","618,000,000","729,000,000","650,000,000","648,000,000","597,000,000","614,000,000","572,000,000","618,000,000","590,000,000","612,000,000","634,000,000","641,000,000","572,000,000","579,000,000","546,000,000","513,000,000","434,000,000","408,000,000","438,000,000","636,000,000","374,000,000","406,000,000","374,000,000","345,000,000","336,000,000","336,000,000","322,000,000","300,000,000","269,000,000","279,000,000","262,000,000","242,000,000","221,000,000","157,000,000","268,000,000","263,000,000","229,000,000","246,000,000","230,000,000","227,000,000","240,000,000","219,000,000","294,000,000","204,000,000","184,000,000","198,000,000","184,000,000","105,000,000","265,000,000","96,000,000","94,000,000","92,000,000","82,000,000","83,000,000","82,000,000","80,000,000","71,000,000","70,000,000","68,000,000","67,000,000","65,000,000","88,000,000","91,000,000","82,000,000","60,000,000","58,000,000","54,000,000","71,000,000","55,000,000","64,000,000","73,000,000","61,000,000","687,000,000","174,000,000","120,000,000","86,000,000","435,000,000","166,000,000","71,000,000","211,000,000","57,000,000","-530,200,000","68,500,000","-240,000,000","123,700,000","82,800,000","76,500,000","58,400,000",,,,,,,,,,,,,,,
BasicEPS,,"3.42","3.09","2.63","2.49","3.5","2.91","2.18","2.45","3.53","3.17","2.8","2.59","3.1","2.88","2.65","2.7","2.14","2.56","2.5","2.53","2.63","2.25","2.49","2.33","2.44","2.31","2.31","2.18","2.12","2.1","1.61","1.74","1.41","1.86","1.82","1.62","-6.07","1.71","1.79","1.58","1.69","1.81","1.77","1.66","1.94","1.71","1.69","1.55",,"1.48","1.6","1.53",,"1.6","1.61","1.43",,"1.35","1.27","1.07",,"1.09","1.58","0.93",,"0.93","0.86","0.84",,"0.805","0.755","0.68",,"0.665","0.615","0.555",,"0.665","0.65","0.57",,"0.57","0.565","0.6",,"0.74","0.51","0.46",,"0.46","0.41","1.045",,"0.37","0.365","0.325",,"0.325","0.32","0.28",,"0.27","0.265","0.255",,"0.365","0.33","0.24",,"0.215","0.28","0.215",,"0.29","0.245","2.73",,"0.475","0.22","1.295",,"0.22","0.63","0.175",,"0.205","-0.72","0.375",,"0.23","0.175","0.23",,"0.29","0.2","0.315",,"0.33","0.365","0.31",,"0.295","0.305","0.205",,"0.3"
DilutedEPS,,"3.39","3.07","2.61","2.48","3.49","2.9","2.18","2.43","3.51","3.14","2.77","2.56","3.07","2.85","2.62","2.65","2.1","2.52","2.45","2.48","2.58","2.21","2.44","2.3","2.4","2.28","2.27","2.14","2.09","2.06","1.58","1.71","1.4","1.84","1.81","1.62","-6.07","1.7","1.77","1.57","1.68","1.8","1.76","1.64","1.91","1.7","1.67","1.53",,"1.47","1.6","1.53",,"1.59","1.6","1.42",,"1.34","1.26","1.06",,"1.08","1.56","0.92",,"0.92","0.855","0.83",,"0.8","0.745","0.67",,"0.66","0.61","0.555",,"0.66","0.645","0.565",,"0.565","0.56","0.595",,"0.735","0.505","0.455",,"0.455","0.405","1.035",,"0.37","0.36","0.325",,"0.325","0.32","0.28",,"0.27","0.265","0.255",,"0.365","0.33","0.24",,"0.215","0.28","0.215",,"0.29","0.245","2.73",,"0.475","0.215","1.295",,"0.22","0.63","0.175",,"0.205","-0.72","0.375",,"0.23","0.175","0.23",,"0.29","0.2","0.315",,"0.33","0.365","0.31",,"0.295","0.305","0.205",,"0.3"
BasicAverageShares,,"278,300,000","278,596,000","280,742,000","284,102,000","286,300,000","286,452,000","286,388,000","288,569,000","288,800,000","288,374,000","288,100,000","287,900,000","293,200,000","295,339,000","296,153,000","296,400,000","297,000,000","298,145,000","299,790,000","301,771,000","302,500,000","303,938,000","304,470,000","307,928,000","313,300,000","316,680,000","326,153,000","329,154,000","330,000,000","331,811,000","336,692,000","342,232,000","350,500,000","349,337,000","351,100,000","351,900,000","350,900,000","350,470,000","355,000,000","357,000,000","356,200,000","359,700,000","368,000,000","372,700,000","376,700,000","379,100,000","384,300,000","384,800,000",,"385,200,000","385,000,000","385,845,000",,"396,748,000","398,491,000","400,759,000",,"404,444,444","403,937,008","405,596,000",,"401,834,862","402,531,646","401,469,000",,"402,150,538","401,162,791","401,114,918",,"400,000,000","397,350,993","396,879,034",,"394,622,000","394,448,000","397,756,000",,"403,254,000","403,654,000","401,986,000",,"402,904,000","402,058,000","400,802,000",,"397,350,000","400,208,000","401,792,000",,"254,295,533","256,097,561","253,588,517",,"254,054,054","252,054,795","252,307,692",,"252,307,692","250,000,000","253,571,429",,"251,851,852","252,830,189","254,901,961",,"249,315,068","248,484,848","250,000,000",,"251,162,791","254,000,000","254,800,000",,"251,724,138","248,979,592","251,648,352",,"252,631,579","390,909,091","335,907,336",,"322,727,273","334,920,635","325,714,286",,"334,146,341","333,333,333","329,866,667",,"332,608,696","333,714,286","333,512,000",,"336,760,000","335,400,000","335,400,000",,"341,136,000","343,416,000","343,416,000",,"341,944,000","339,632,000","339,632,000",,"338,520,000"
DilutedAverageShares,,"280,600,000","280,405,000","282,213,000","285,198,000","287,100,000","287,227,000","286,933,000","289,943,000","290,900,000","290,892,000","290,800,000","290,900,000","296,400,000","299,087,000","300,139,000","301,100,000","302,400,000","303,751,000","305,350,000","307,282,000","308,500,000","309,728,000","310,208,000","312,346,000","318,300,000","321,938,000","331,426,000","334,682,000","335,800,000","338,181,000","342,785,000","347,248,000","354,600,000","352,918,000","352,900,000","353,500,000","350,900,000","352,826,000","357,400,000","359,400,000","359,400,000","362,900,000","371,400,000","376,400,000","380,900,000","382,500,000","388,500,000","389,000,000",,"388,100,000","387,000,000","386,541,000",,"399,777,000","401,771,000","403,858,000",,"407,462,687","407,142,857","409,435,000",,"405,555,556","407,692,308","404,503,000",,"406,521,739","403,508,772","404,047,548",,"402,500,000","402,684,564","400,606,364",,"398,044,000","397,158,000","399,436,000",,"406,242,000","407,672,000","405,406,000",,"407,140,000","406,020,000","404,350,000",,"401,174,000","403,684,000","404,562,000",,"257,839,721","259,259,259","256,038,647",,"254,054,054","255,555,556","252,307,692",,"252,307,692","250,000,000","253,571,429",,"251,851,852","252,830,189","254,901,961",,"249,315,068","248,484,848","250,000,000",,"251,162,791","254,000,000","254,800,000",,"251,724,138","248,979,592","251,648,352",,"252,631,579","400,000,000","335,907,336",,"322,727,273","334,920,635","325,714,286",,"334,146,341","333,333,333","329,866,667",,"332,608,696","333,714,286","333,512,000",,"336,760,000","335,400,000","335,400,000",,"341,136,000","343,416,000","343,416,000",,"341,944,000","339,632,000","339,632,000",,"338,520,000"
TotalOperatingIncomeAsReported,"4,163,000,000","1,186,000,000","1,080,000,000","959,000,000","938,000,000","1,267,000,000","1,084,000,000","841,000,000","941,000,000","1,328,000,000","1,216,000,000","1,090,000,000","1,014,000,000","1,226,000,000","1,135,000,000","1,088,000,000","1,008,000,000","1,034,000,000","1,052,000,000","1,056,000,000","1,035,000,000","1,117,000,000","1,069,000,000","1,070,000,000","1,053,000,000","1,036,000,000","1,034,000,000","1,081,000,000","1,027,000,000","1,067,000,000","999,000,000","949,000,000","871,000,000","921,000,000","957,000,000","960,000,000","847,000,000","-1,902,000,000","905,000,000","970,000,000","860,000,000","950,000,000","998,000,000","949,000,000","929,000,000","1,076,000,000","966,000,000","985,000,000","918,000,000","951,000,000","874,000,000","945,000,000","905,000,000","938,000,000","933,000,000","921,000,000","861,000,000","871,000,000","801,000,000","760,000,000","681,000,000","703,000,000","677,000,000","649,000,000","590,000,000","612,000,000","588,000,000","549,000,000","448,000,000","506,000,000","499,000,000","494,000,000","442,000,000","414,000,000","357,000,000","378,000,000","318,000,000","399,000,000","408,000,000","410,000,000","365,000,000","404,000,000","376,000,000","353,000,000","334,000,000","351,000,000","337,000,000","335,000,000","306,000,000","328,000,000","355,000,000","163,000,000","143,000,000","147,000,000","136,000,000","135,000,000","124,000,000","117,000,000","113,000,000","114,000,000","102,000,000","92,000,000","89,000,000","89,000,000","83,000,000","83,000,000","77,000,000","76,000,000","79,000,000","82,000,000","77,000,000","82,000,000","80,000,000","138,000,000","58,000,000","57,000,000","56,000,000","1,464,000,000","-709,000,000","91,000,000","109,000,000","120,000,000","98,000,000","125,000,000","94,000,000","-738,900,000","133,700,000","-334,300,000","128,500,000","122,100,000","149,900,000","117,800,000",,,,,,,,,,,,,,,
TotalExpenses,"34,306,000,000","9,106,000,000","8,488,000,000","8,261,000,000","8,451,000,000","9,214,000,000","8,347,000,000","8,423,000,000","7,808,000,000","9,445,000,000","8,545,000,000","8,465,000,000","8,247,000,000","9,152,000,000","7,959,000,000","8,098,000,000","6,527,000,000","7,243,000,000","6,528,000,000","6,619,000,000","6,406,000,000","7,116,000,000","6,662,000,000","6,595,000,000","6,671,000,000","6,773,000,000","6,960,000,000","6,801,000,000","6,757,000,000","7,295,000,000","6,752,000,000","6,525,000,000","6,453,000,000","7,186,000,000","6,839,000,000","6,951,000,000","6,557,000,000","7,986,000,000","7,029,000,000","6,952,000,000","6,719,000,000","8,197,000,000","6,855,000,000","6,930,000,000","6,869,000,000","7,525,000,000","7,045,000,000","7,119,000,000","6,832,000,000","5,476,000,000","6,845,000,000","7,155,000,000","7,359,000,000","6,914,000,000","6,207,000,000","6,382,000,000","6,144,000,000","6,644,000,000","6,033,000,000","5,831,000,000","5,619,000,000","5,811,000,000","5,392,000,000","5,285,000,000","4,980,000,000","5,219,000,000","4,792,000,000","4,665,000,000","4,371,000,000","3,540,000,000","4,546,000,000","4,267,000,000","4,318,000,000","4,420,000,000","4,070,000,000","3,557,000,000","3,103,000,000","3,509,000,000","2,881,000,000","3,101,000,000","2,756,000,000","3,104,000,000","2,644,000,000","2,609,000,000","2,339,000,000","2,340,000,000","2,165,000,000","2,282,000,000","2,240,000,000","2,327,000,000","1,860,000,000","1,216,000,000","1,234,000,000","1,319,000,000","1,036,000,000","1,043,000,000","1,030,000,000","984,000,000","875,000,000","918,000,000","839,000,000","804,000,000","773,000,000","841,000,000","810,000,000","810,000,000","641,000,000","627,000,000","674,000,000","642,000,000","637,000,000","738,000,000","720,000,000","478,000,000","842,000,000","736,000,000","822,000,000","-1,273,000,000","1,566,000,000","1,518,000,000","2,009,000,000","2,213,000,000","1,993,000,000","2,291,000,000","2,207,000,000","3,337,000,000","2,325,800,000","2,958,700,000","2,362,500,000","2,512,900,000","2,367,400,000","2,411,900,000",,,,,,,,,,,,,,,
NetIncomeFromContinuingAndDiscontinuedOperation,"3,257,000,000","952,000,000","860,000,000","737,000,000","708,000,000","1,002,000,000","834,000,000","625,000,000","706,000,000","1,020,000,000","913,000,000","806,000,000","745,000,000","909,000,000","851,000,000","786,000,000","799,000,000","636,000,000","764,000,000","749,000,000","763,000,000","797,000,000","683,000,000","758,000,000","717,000,000","764,000,000","733,000,000","752,000,000","716,000,000","701,000,000","696,000,000","541,000,000","595,000,000","495,000,000","651,000,000","640,000,000","571,000,000","-2,130,000,000","600,000,000","634,000,000","564,000,000","603,000,000","652,000,000","653,000,000","618,000,000","729,000,000","650,000,000","648,000,000","597,000,000","614,000,000","572,000,000","618,000,000","590,000,000","612,000,000","634,000,000","641,000,000","572,000,000","579,000,000","546,000,000","513,000,000","434,000,000","408,000,000","438,000,000","636,000,000","374,000,000","406,000,000","374,000,000","345,000,000","336,000,000","336,000,000","322,000,000","300,000,000","269,000,000","279,000,000","262,000,000","242,000,000","221,000,000","157,000,000","268,000,000","263,000,000","229,000,000","246,000,000","230,000,000","227,000,000","240,000,000","219,000,000","294,000,000","204,000,000","184,000,000","198,000,000","184,000,000","105,000,000","265,000,000","96,000,000","94,000,000","92,000,000","82,000,000","83,000,000","82,000,000","80,000,000","71,000,000","70,000,000","68,000,000","67,000,000","65,000,000","107,000,000","80,000,000","74,000,000","60,000,000","58,000,000","54,000,000","71,000,000","55,000,000","64,000,000","73,000,000","61,000,000","687,000,000","165,000,000","113,000,000","86,000,000","77,000,000","166,000,000","71,000,000","211,000,000","57,000,000","-530,200,000","68,500,000","-240,000,000","123,700,000","82,800,000","76,500,000","58,400,000",,,,,,,,,,,,,,,
NormalizedIncome,"3,257,000,000","952,000,000","860,000,000","737,000,000","708,000,000","1,002,000,000","834,000,000","625,000,000","706,000,000","1,020,000,000","913,000,000","806,000,000","745,000,000","909,000,000","864,000,000","786,000,000","799,000,000","636,000,000","764,000,000","749,000,000","763,000,000","807,000,000","767,000,000","758,000,000","730,000,000","764,000,000","733,000,000","752,000,000","716,000,000","737,000,000","694,000,000","646,000,000","595,000,000","624,000,000","651,000,000","640,000,000","571,000,000","-839,100,000","602,085,747.393","637,415,948.276","564,000,000","603,661,909.989","670,588,235.294","637,526,590.198","617,310,267.857","729,000,000","649,000,000","649,622,222.222","599,000,000","617,320,132.013","579,166,666.667","621,000,000","590,952,819.333","620,495,689.655","634,000,000","641,000,000","570,965,680.473","578,000,000","542,624,525.917","517,300,000","439,329,268.293","463,000,000","439,316,770.186","418,662,420.382","382,000,000","390,052,373.159","375,345,323.741","344,000,000","344,832,929.782","316,200,000","324,800,000","304,018,058.691","269,000,000","279,000,000","257,353,846.154","240,659,279.778","218,157,556.27","264,421,545.667","262,706,172.84","261,037,313.433","230,962,857.143","246,000,000","233,212,290.503","228,929,178.47","234,181,818.182","220,284,457.478","296,782,334.385","204,641,509.434","184,643,356.643","200,579,804.56","210,544,262.295","106,968,750","259,600,000","97,324,137.931","90,666,666.667","89,352,517.986","82,000,000","77,071,428.571","75,333,333.333","74,754,098.361","67,055,555.556","60,754,716.981","58,757,281.553","58,460,784.314","55,051,020.408","54,762,886.598","51,333,333.333","49,849,462.366","51,521,739.13","53,438,202.247","50,096,385.542","53,395,348.837","51,764,705.882","113,725,490.196","37,963,636.364","37,344,827.586","36,444,444.444","971,200,000","-484,417,582.418","60,979,381.443","72,000,000","81,978,947.368","66,206,896.552","216,400,000","56,313,253.012","-487,199,987.806","78,201,996.198","-229,602,412.942","74,083,187.773","82,800,000","83,312,977.099","67,326,954.492",,,,,,,,,,,,,,,
InterestIncome,"7,000,000",,,,,,,,,,,,,,,,,,,,,,,,,,,,,,,,,,,,,"3,000,000","1,000,000",,,"2,000,000","3,000,000","7,000,000","2,000,000","3,000,000","1,000,000","3,000,000","3,000,000","1,000,000","2,000,000","5,000,000",,,,,,,,,,,,,,,,,,,,,,,,,,,,,,,,,,,,,,,,,,,,,,,,,,,,,,,,,,,,,,,,,,,,,,,,,,,,,,,,,,,,,,,,,,,,,,,
InterestExpense,"431,000,000",,,"109,000,000","123,000,000","132,000,000","118,000,000","132,000,000","107,000,000","122,000,000","114,000,000","119,000,000","117,000,000","130,000,000","114,000,000","103,000,000","27,000,000","41,000,000","27,000,000","24,000,000","25,000,000","31,000,000","23,000,000","23,000,000","22,000,000","34,000,000","23,000,000","20,000,000","21,000,000","36,000,000","21,000,000","24,000,000","22,000,000","40,000,000","22,000,000","18,000,000","23,000,000","44,000,000","40,000,000","37,000,000","39,000,000","40,000,000","41,000,000","38,000,000","36,000,000","36,000,000","39,000,000","45,000,000","47,000,000","44,000,000","42,000,000","43,000,000","39,000,000",,,,,,,,,,,,,,,,,,,,,,,,,,,,,,,,,,,,,,,,,,,,,,,,,,,,,,,,,,,,,,,,,,,,,,,,,,,,,,,,,,,,,,,,,,,,,,
NetInterestIncome,"-424,000,000","-93,000,000","-99,000,000","-109,000,000","-123,000,000","-120,000,000","-118,000,000","-132,000,000","-107,000,000","-110,000,000","-114,000,000","-119,000,000","-117,000,000","-112,000,000","-114,000,000","-103,000,000","-27,000,000","-27,000,000","-27,000,000","-24,000,000","-25,000,000","-23,000,000","-23,000,000","-23,000,000","-22,000,000","-19,000,000","-23,000,000","-20,000,000","-21,000,000","-19,000,000","-21,000,000","-24,000,000","-22,000,000","-23,000,000","-22,000,000","-18,000,000","-23,000,000","-41,000,000","-39,000,000","-37,000,000","-39,000,000","-38,000,000","-38,000,000","-31,000,000","-34,000,000","-33,000,000","-38,000,000","-42,000,000","-44,000,000","-43,000,000","-40,000,000","-38,000,000","-39,000,000",,,,,,,,,,,,,,,,,,,,,,,,,,,,,,,,,,,,,,,,,,,,,,,,,,,,,,,,,,,,,,,,,,,,,,,,,,,,,,,,,,,,,,,,,,,,,,
EBIT,"4,304,000,000","1,327,000,000","1,080,000,000","959,000,000","968,000,000","1,361,000,000","1,084,000,000","841,000,000","955,000,000","1,354,000,000","1,216,000,000","1,090,000,000","1,014,000,000","1,228,000,000","1,135,000,000","1,088,000,000","1,008,000,000","1,051,000,000","1,052,000,000","1,056,000,000","1,035,000,000","1,138,000,000","1,069,000,000","1,070,000,000","1,053,000,000","1,058,000,000","1,034,000,000","1,081,000,000","1,027,000,000","1,083,000,000","999,000,000","949,000,000","871,000,000","946,000,000","957,000,000","960,000,000","847,000,000","-2,027,000,000","903,000,000","965,000,000","860,000,000","951,000,000","993,000,000","997,000,000","932,000,000","1,079,000,000","967,000,000","990,000,000","921,000,000","953,000,000","870,000,000","950,000,000","908,000,000","1,022,000,000","933,000,000","921,000,000","861,000,000","936,000,000","801,000,000","760,000,000","681,000,000","862,000,000","677,000,000","649,000,000","590,000,000","787,000,000","588,000,000","549,000,000","448,000,000","1,373,000,000","208,000,000","494,000,000","442,000,000","427,000,000","357,000,000","378,000,000","318,000,000","459,000,000","408,000,000","410,000,000","365,000,000","411,000,000","376,000,000","353,000,000","334,000,000","351,000,000","337,000,000","335,000,000","306,000,000","328,000,000","355,000,000","163,000,000","143,000,000","147,000,000","136,000,000","135,000,000","124,000,000","117,000,000","113,000,000","114,000,000","102,000,000","92,000,000","89,000,000","89,000,000","83,000,000","83,000,000","77,000,000","76,000,000","79,000,000","82,000,000","77,000,000","82,000,000","80,000,000","138,000,000","58,000,000","57,000,000","56,000,000","1,464,000,000","-709,000,000","91,000,000","109,000,000","120,000,000","98,000,000","125,000,000","94,000,000","-738,900,000","133,700,000","-334,300,000","128,500,000","122,100,000","149,900,000","117,800,000","2,360,900,000","-6,487,900,000","2,267,700,000","2,340,600,000","2,401,700,000","-6,306,800,000","2,279,600,000","2,411,600,000","2,250,100,000","-6,050,800,000","2,300,000,000","2,332,100,000","2,065,800,000","-5,232,600,000","2,024,100,000"
EBITDA,"5,194,000,000"
ReconciledCostOfRevenue,"32,061,000,000","8,526,000,000","7,938,000,000","7,705,000,000","7,892,000,000","8,631,000,000","7,836,000,000","7,849,000,000","7,261,000,000","8,816,000,000","7,973,000,000","7,869,000,000","7,633,000,000","8,595,000,000","7,407,000,000","7,509,000,000","5,990,000,000","6,729,000,000","6,018,000,000","6,114,000,000","5,925,000,000","6,593,000,000","6,191,000,000","6,109,000,000","6,211,000,000","6,267,000,000","6,484,000,000","6,334,000,000","6,254,000,000","6,766,000,000","6,274,000,000","6,039,000,000","5,954,000,000","6,644,000,000","6,333,000,000","6,427,000,000","6,050,000,000","7,280,000,000","6,519,000,000","6,427,000,000","6,184,000,000","7,673,000,000","6,363,000,000","6,425,000,000","6,360,000,000","7,006,000,000","6,564,000,000","6,641,000,000","6,346,000,000","4,993,000,000","6,393,000,000","7,155,000,000","7,359,000,000","6,914,000,000","6,207,000,000","6,382,000,000","6,144,000,000","6,644,000,000","6,033,000,000","5,831,000,000","5,619,000,000","6,930,000,000","5,021,000,000","4,900,000,000","4,616,000,000","6,174,000,000","4,471,000,000","4,344,000,000","4,058,000,000","4,406,000,000","4,255,000,000","3,987,000,000","4,318,000,000","5,187,000,000","3,797,000,000","3,557,000,000","3,103,000,000","4,148,000,000","2,688,000,000","2,877,000,000","2,756,000,000","3,681,000,000","2,458,000,000","2,382,000,000","2,157,000,000","2,113,000,000","1,950,000,000","2,064,000,000","2,027,000,000","2,274,000,000","1,785,000,000","1,177,000,000","1,201,000,000","1,284,000,000","1,006,000,000","923,000,000","907,000,000","957,000,000","854,000,000","896,000,000","818,000,000","786,000,000","753,000,000","825,000,000","797,000,000","798,000,000","632,000,000","618,000,000","666,000,000","633,000,000","627,000,000","682,000,000","653,000,000","459,000,000","833,000,000","721,000,000","809,000,000","-1,256,000,000","1,545,000,000","1,513,000,000","1,962,000,000","2,144,000,000","1,921,000,000","2,209,000,000","2,127,000,000","3,800,900,000","2,045,900,000","2,675,400,000","2,083,800,000","2,919,300,000","2,087,600,000","2,147,000,000",,,,,,,,,,,,,,,
ReconciledDepreciation,"890,000,000","240,000,000","211,000,000","224,000,000","215,000,000","235,000,000","212,000,000","219,000,000","212,000,000","204,000,000","210,000,000","210,000,000","205,000,000","221,000,000","215,000,000","218,000,000","109,000,000","115,000,000","106,000,000","109,000,000","111,000,000","112,000,000","110,000,000","115,000,000","117,000,000","122,000,000","117,000,000","119,000,000","124,000,000","120,000,000","124,000,000","120,000,000","132,000,000","141,000,000","135,000,000","138,000,000","142,000,000","162,000,000","154,000,000","150,000,000","154,000,000","157,000,000","147,000,000","145,000,000","143,000,000","145,000,000","141,000,000","140,000,000","143,000,000","144,000,000","139,000,000","140,000,000","139,000,000","121,000,000","113,000,000","111,000,000","102,000,000","111,000,000","105,000,000","106,000,000","101,000,000","110,000,000","97,000,000","94,000,000","83,000,000","87,000,000","85,000,000","83,000,000","87,000,000","78,000,000","85,000,000","86,000,000","77,000,000","84,000,000","80,000,000","56,000,000","57,000,000","44,000,000","58,000,000","59,000,000","52,000,000","76,000,000","68,000,000","67,000,000","60,000,000","55,000,000","60,000,000","55,000,000","56,000,000","53,000,000","75,000,000","39,000,000","33,000,000","35,000,000","30,000,000","30,000,000","31,000,000","27,000,000","21,000,000","22,000,000","21,000,000","18,000,000","20,000,000","16,000,000","13,000,000","12,000,000","9,000,000","9,000,000","8,000,000","9,000,000","10,000,000","11,000,000","9,000,000","19,000,000","9,000,000","15,000,000","13,000,000","-17,000,000","21,000,000","5,000,000","47,000,000","69,000,000","72,000,000","82,000,000","80,000,000","106,500,000","93,000,000","90,500,000","88,000,000","97,200,000","93,100,000","85,300,000",,,,,,,,,,,,,,,
NetIncomeFromContinuingOperationNetMinorityInterest,"3,257,000,000","952,000,000","860,000,000","737,000,000","708,000,000","1,002,000,000","834,000,000","625,000,000","706,000,000","1,020,000,000","913,000,000","806,000,000","745,000,000","909,000,000","864,000,000","786,000,000","799,000,000","636,000,000","764,000,000","749,000,000","763,000,000","807,000,000","767,000,000","758,000,000","730,000,000","764,000,000","733,000,000","752,000,000","716,000,000","737,000,000","694,000,000","646,000,000","595,000,000","624,000,000","651,000,000","640,000,000","571,000,000","-2,130,000,000","600,000,000","634,000,000","564,000,000","603,000,000","665,000,000","666,000,000","618,000,000","729,000,000","649,000,000","651,000,000","599,000,000","618,000,000","575,000,000","621,000,000","593,000,000","630,000,000","634,000,000","641,000,000","573,000,000","578,000,000","544,000,000","518,000,000","440,000,000","463,000,000","440,000,000","420,000,000","382,000,000","406,000,000","374,000,000","344,000,000","344,000,000","315,000,000","323,000,000","296,000,000","269,000,000","279,000,000","255,000,000","242,000,000","221,000,000","291,000,000","268,000,000","263,000,000","229,000,000","246,000,000","230,000,000","227,000,000","240,000,000","219,000,000","294,000,000","204,000,000","184,000,000","198,000,000","184,000,000","105,000,000","265,000,000","96,000,000","94,000,000","92,000,000","82,000,000","83,000,000","82,000,000","80,000,000","71,000,000","70,000,000","68,000,000","67,000,000","65,000,000","64,000,000","62,000,000","61,000,000","60,000,000","58,000,000","54,000,000","56,000,000","55,000,000","100,000,000","72,000,000","57,000,000","41,000,000","64,000,000","62,000,000","65,000,000","72,000,000","66,000,000","64,000,000","211,000,000","57,000,000","-529,700,000","68,500,000","-240,000,000","62,200,000","82,800,000","76,500,000","58,400,000",,,,,,,,,,,,,,,
TotalUnusualItemsExcludingGoodwill,,,,,,,,,,,,,,,,,,,,,,,,,,,,,,,,,,,,,,"-1,986,000,000","-3,000,000","-5,000,000","0","-1,000,000","-8,000,000","41,000,000","1,000,000","0","0","2,000,000","0","1,000,000","-6,000,000","0","3,000,000","14,000,000",,,"3,000,000","0","2,000,000","1,000,000","1,000,000","0","1,000,000","2,000,000",,"24,000,000","-2,000,000",,"-1,000,000","-2,000,000","-3,000,000","-12,000,000",,"0","-3,000,000","2,000,000","4,000,000","39,000,000","8,000,000","3,000,000","-3,000,000",,"-5,000,000","-3,000,000","8,000,000","-2,000,000","-3,000,000","-1,000,000","-1,000,000","-4,000,000","-44,000,000","-3,000,000","9,000,000","-2,000,000","5,000,000","4,000,000",,"9,000,000","10,000,000","8,000,000","6,000,000","14,000,000","14,000,000","13,000,000","15,000,000","14,000,000","16,000,000","17,000,000","13,000,000","7,000,000","6,000,000","4,000,000","5,000,000","-21,000,000","52,000,000","30,000,000","7,000,000","-1,512,000,000","802,000,000","6,000,000",,"-23,000,000","-3,000,000","-9,000,000","1,000,000","-65,800,000","-14,900,000","-15,800,000","-17,500,000",,"-10,500,000","-13,100,000",,,,,,,,,,,,,,,
TotalUnusualItems,,,,,,,,,,,,,,,,,,,,,,,,,,,,,,,,,,,,,,"-1,986,000,000","-3,000,000","-5,000,000","0","-1,000,000","-8,000,000","41,000,000","1,000,000","0","0","2,000,000","0","1,000,000","-6,000,000","0","3,000,000","14,000,000",,,"3,000,000","0","2,000,000","1,000,000","1,000,000","0","1,000,000","2,000,000",,"24,000,000","-2,000,000",,"-1,000,000","-2,000,000","-3,000,000","-12,000,000",,"0","-3,000,000","2,000,000","4,000,000","39,000,000","8,000,000","3,000,000","-3,000,000",,"-5,000,000","-3,000,000","8,000,000","-2,000,000","-3,000,000","-1,000,000","-1,000,000","-4,000,000","-44,000,000","-3,000,000","9,000,000","-2,000,000","5,000,000","4,000,000",,"9,000,000","10,000,000","8,000,000","6,000,000","14,000,000","14,000,000","13,000,000","15,000,000","14,000,000","16,000,000","17,000,000","13,000,000","7,000,000","6,000,000","4,000,000","5,000,000","-21,000,000","52,000,000","30,000,000","7,000,000","-1,512,000,000","802,000,000","6,000,000",,"-23,000,000","-3,000,000","-9,000,000","1,000,000","-65,800,000","-14,900,000","-15,800,000","-17,500,000",,"-10,500,000","-13,100,000",,,,,,,,,,,,,,,
NormalizedEBITDA,"5,194,000,000","1,567,000,000","1,291,000,000","1,183,000,000","1,183,000,000","1,596,000,000","1,296,000,000","1,060,000,000","1,167,000,000","1,558,000,000","1,426,000,000","1,300,000,000","1,219,000,000","1,449,000,000","1,350,000,000","1,306,000,000","1,117,000,000","1,166,000,000","1,158,000,000","1,165,000,000","1,146,000,000","1,250,000,000","1,179,000,000","1,185,000,000","1,170,000,000","1,180,000,000","1,151,000,000","1,200,000,000","1,151,000,000","1,203,000,000","1,123,000,000","1,069,000,000","1,003,000,000","1,087,000,000","1,092,000,000","1,098,000,000","989,000,000","121,000,000","1,060,000,000","1,120,000,000","1,014,000,000","1,109,000,000","1,148,000,000","1,101,000,000","1,074,000,000","1,224,000,000","1,108,000,000","1,128,000,000","1,064,000,000","1,096,000,000","1,015,000,000","1,090,000,000","1,044,000,000","1,129,000,000","1,046,000,000","1,032,000,000","960,000,000","1,047,000,000","904,000,000","865,000,000","781,000,000","972,000,000","773,000,000","741,000,000","673,000,000","850,000,000","675,000,000","632,000,000","536,000,000","1,453,000,000","296,000,000","592,000,000","519,000,000","511,000,000","440,000,000","432,000,000","371,000,000","464,000,000","458,000,000","466,000,000","420,000,000","487,000,000","449,000,000","423,000,000","386,000,000","408,000,000","400,000,000","391,000,000","363,000,000","385,000,000","474,000,000","205,000,000","167,000,000","184,000,000","161,000,000","161,000,000","155,000,000","135,000,000","124,000,000","128,000,000","117,000,000","96,000,000","95,000,000","92,000,000","81,000,000","81,000,000","70,000,000","68,000,000","74,000,000","84,000,000","81,000,000","89,000,000","84,000,000","178,000,000","18,300,000","42,000,000","62,000,000","2,959,000,000","-1,490,000,000","90,000,000","156,000,000","212,000,000","179,000,000","216,000,000","173,000,000","-566,600,000","241,600,000","-228,000,000","234,000,000","219,300,000","253,500,000","216,200,000","2,360,900,000","-6,487,900,000","2,267,700,000","2,340,600,000","2,401,700,000","-6,306,800,000","2,279,600,000","2,411,600,000","2,250,100,000","-6,050,800,000","2,300,000,000","2,332,100,000","2,065,800,000","-5,232,600,000","2,024,100,000"
TaxRateForCalcs,"0.159","0.159","0.153","0.163","0.162","0.154","0.147","0.155","0.167","0.16","0.175","0.18","0.186","0.197","0.155","0.19","0.168","0.369","0.256","0.274","0.245","0.262","0.268","0.277","0.299","0.25","0.276","0.291","0.29","0.295","0.291","0.302","0.301","0.307","0.307","0.321","0.307","0.35","0.305","0.317","0.313","0.338","0.301","0.306","0.31","0.301","0.301","0.311","0.315","0.32","0.306","0.315","0.318","0.321","0.312","0.295","0.322","0.328","0.312","0.3","0.329","0.315","0.317","0.331","0.333","0.336","0.327","0.338","0.167","0.4","0.4","0.332","0.333","0.256","0.215","0.33","0.289","0.319","0.338","0.346","0.346","0.358","0.358","0.357","0.273","0.358","0.073","0.358","0.357","0.355","0.397","0.344","0.4","0.338","0.333","0.338","0.339","0.341","0.333","0.344","0.343","0.34","0.34","0.343","0.337","0.34","0.333","0.344","0.348","0.348","0.349","0.349","0.353","0.346","0.345","0.345","0.349","0.4","0.319","0.33","0.327","0.305","0.264","0.4","0.313","0.354","0.349","0.342","0.321","0.373","0.351","0.319",,,,,,,,,,,,,,,
TaxEffectOfUnusualItems,"0","0","0","0","0","0","0","0","0","0","0","0","0","0","0","0","0","0","0","0","0","0","0","0","0","0","0","0","0","0","0","0","0","0","0","0","0","-695,100,000","-914,252.607","-1,584,051.724","0","-338,090.011","-2,411,764.706","12,526,590.198","310,267.857","0","0","622,222.222","0","320,132.013","-1,833,333.333","0","952,819.333","4,495,689.655","0","0","965,680.473","0","624,525.917","300,000","329,268.293","0","316,770.186","662,420.382","0","8,052,373.159","-654,676.259","0","-167,070.218","-800,000","-1,200,000","-3,981,941.309","0","0","-646,153.846","659,279.778","1,157,556.27","12,421,545.667","2,706,172.84","1,037,313.433","-1,037,142.857","0","-1,787,709.497","-1,070,821.53","2,181,818.182","-715,542.522","-217,665.615","-358,490.566","-356,643.357","-1,420,195.44","-17,455,737.705","-1,031,250","3,600,000","-675,862.069","1,666,666.667","1,352,517.986","0","3,071,428.571","3,333,333.333","2,754,098.361","2,055,555.556","4,754,716.981","4,757,281.553","4,460,784.314","5,051,020.408","4,762,886.598","5,333,333.333","5,849,462.366","4,521,739.13","2,438,202.247","2,096,385.542","1,395,348.837","1,764,705.882","-7,274,509.804","17,963,636.364","10,344,827.586","2,444,444.444","-604,800,000","255,582,417.582","1,979,381.443","0","-7,021,052.632","-793,103.448","-3,600,000","313,253.012","-23,299,987.806","-5,198,003.802","-5,402,412.942","-5,616,812.227","0","-3,687,022.901","-4,173,045.508",,,,,,,,,,,,,,,