name,ttm,12/31/2021,09/30/2021,06/30/2021,03/31/2021,12/31/2020,09/30/2020,06/30/2020,03/31/2020,12/31/2019,09/30/2019,06/30/2019,03/31/2019,12/31/2018,09/30/2018,06/30/2018,03/31/2018,12/31/2017,09/30/2017,06/30/2017,03/31/2017,12/31/2016,09/30/2016,06/30/2016,03/31/2016,12/31/2015,09/30/2015,06/30/2015,03/31/2015,12/31/2014,09/30/2014,06/30/2014,03/31/2014,12/31/2013,09/30/2013,06/30/2013,03/31/2013,12/31/2012,09/30/2012,06/30/2012,03/31/2012,12/31/2011,09/30/2011,06/30/2011,03/31/2011,12/31/2010,09/30/2010,06/30/2010,03/31/2010,12/31/2009,09/30/2009,06/30/2009,03/31/2009,12/31/2008,09/30/2008,06/30/2008,03/31/2008,12/31/2007,09/30/2007,06/30/2007,03/31/2007,12/31/2006,09/30/2006,06/30/2006,03/31/2006,12/31/2005,09/30/2005,06/30/2005,03/31/2005,12/31/2004,09/30/2004,06/30/2004,03/31/2004,12/31/2003,09/30/2003,06/30/2003,03/31/2003,12/31/2002,09/30/2002,06/30/2002,03/31/2002,12/31/2001,09/30/2001,06/30/2001,03/31/2001,12/31/2000,09/30/2000,06/30/2000,03/31/2000,12/31/1999,09/30/1999,06/30/1999,03/31/1999,12/31/1998,09/30/1998,06/30/1998,03/31/1998,12/31/1997,09/30/1997,06/30/1997,03/31/1997,12/31/1996,09/30/1996,06/30/1996,03/31/1996,12/31/1995,09/30/1995,06/30/1995,03/31/1995,12/31/1994,09/30/1994,06/30/1994,03/31/1994,12/31/1993,09/30/1993,06/30/1993,03/31/1993,12/31/1992,09/30/1992,06/30/1992,03/31/1992,12/31/1991,09/30/1991,06/30/1991,03/31/1991,12/31/1990,09/30/1990,06/30/1990,03/31/1990,12/31/1989,09/30/1989,06/30/1989,03/31/1989,12/31/1988,09/30/1988,06/30/1988,03/31/1988,12/31/1987,09/30/1987,06/30/1987,03/31/1987,12/31/1986,09/30/1986,06/30/1986,03/31/1986,12/31/1985,09/30/1985
TotalRevenue,"74,196,000,000","20,370,000,000","18,429,000,000","18,280,000,000","17,119,000,000","21,929,000,000","19,417,000,000","17,750,000,000","20,523,000,000","26,238,000,000","23,360,000,000","28,830,000,000","27,286,000,000","33,279,000,000","29,574,000,000","30,104,000,000","28,660,000,000","32,389,000,000","31,327,000,000","29,261,000,000","27,492,000,000","32,468,000,000","29,038,000,000","30,344,000,000","27,836,000,000","23,519,000,000","31,511,000,000","31,974,000,000","29,214,000,000","42,018,000,000","35,916,000,000","35,895,000,000","33,982,000,000","39,161,000,000","35,362,000,000","35,019,000,000","33,395,000,000","36,764,000,000","36,349,000,000","36,501,000,000","35,182,000,000","32,910,000,000","35,367,000,000","35,625,000,000","38,448,000,000","40,274,000,000","35,888,000,000","37,444,000,000","36,605,000,000","41,438,000,000","37,799,000,000","39,082,000,000","38,411,000,000","46,213,000,000","47,234,000,000","46,891,000,000","42,273,000,000","48,576,000,000","42,534,000,000","42,316,000,000","40,195,000,000","44,814,000,000","40,856,000,000","39,900,000,000","37,821,000,000","26,493,000,000","41,927,000,000","41,556,000,000","39,726,000,000","43,706,000,000","38,272,000,000","37,035,000,000","33,350,000,000","36,964,000,000","33,394,000,000","33,373,000,000","30,319,000,000","35,378,000,000","32,585,000,000","33,214,000,000","30,521,000,000","33,975,000,000","29,468,000,000","31,977,000,000","30,493,000,000","34,981,000,000","32,014,000,000","32,862,000,000","29,925,000,000","32,453,000,000","27,112,000,000","27,205,000,000","24,062,000,000","28,455,000,000","23,978,000,000","24,928,000,000","22,459,000,000","24,876,000,000","21,806,000,000","21,860,000,000","19,998,000,000","22,848,000,000","19,861,000,000","18,901,000,000","16,931,000,000","19,547,000,000","17,151,000,000","17,630,000,000","14,948,000,000","13,314,000,000","15,963,000,000","16,018,000,000","14,021,000,000","17,892,000,000","14,669,000,000","14,566,000,000","12,700,000,000","12,582,000,000","15,137,000,000","15,188,000,000","13,367,000,000","17,349,000,000","14,290,000,000","14,601,000,000","13,139,000,000","16,967,000,000","14,050,000,000","14,214,000,000","12,431,000,000","15,950,000,000","12,828,000,000","13,431,000,000","11,900,000,000","12,267,000,000","9,306,000,000","9,245,000,000","7,975,000,000","12,036,000,000","9,404,000,000","9,560,000,000","8,315,000,000","12,267,000,000","9,278,000,000","7,790,000,000","5,880,000,000","8,725,000,000","6,520,000,000"
	OperatingRevenue,"74,196,000,000","20,370,000,000","18,429,000,000","18,280,000,000","17,119,000,000","21,929,000,000","19,417,000,000","17,750,000,000","20,523,000,000","26,238,000,000","23,360,000,000","28,830,000,000","27,286,000,000","33,279,000,000","29,574,000,000","30,104,000,000","28,660,000,000","32,389,000,000","31,327,000,000","29,261,000,000","27,492,000,000","32,468,000,000","29,038,000,000","30,344,000,000","27,836,000,000","23,519,000,000","31,511,000,000","31,974,000,000","29,214,000,000","42,018,000,000","35,916,000,000","35,895,000,000","33,982,000,000","39,161,000,000","35,362,000,000","35,019,000,000","33,395,000,000","38,501,000,000","35,562,000,000","36,108,000,000","34,625,000,000","37,715,000,000","34,811,000,000","35,002,000,000","34,822,000,000","39,938,000,000","35,701,000,000","37,166,000,000","36,255,000,000","42,338,000,000","37,361,000,000","39,048,000,000","37,983,000,000","46,320,000,000","46,690,000,000","46,317,000,000","41,698,000,000","47,876,000,000","42,150,000,000","40,893,000,000","39,707,000,000","43,955,000,000","40,286,000,000","39,243,000,000","37,370,000,000","26,070,000,000","41,580,000,000","40,960,000,000","39,409,000,000","43,292,000,000","38,083,000,000","36,711,000,000","33,213,000,000","36,771,000,000","33,188,000,000","33,225,000,000","30,264,000,000","34,963,000,000","32,128,000,000","33,128,000,000","30,466,000,000","33,970,000,000","29,454,000,000","31,821,000,000","30,434,000,000","34,864,000,000","31,901,000,000","32,727,000,000","29,925,000,000","32,453,000,000","27,112,000,000","27,205,000,000","24,062,000,000","28,455,000,000","23,978,000,000","24,928,000,000","22,459,000,000","24,876,000,000","21,806,000,000","21,860,000,000","19,998,000,000","22,848,000,000","19,861,000,000","18,901,000,000","16,931,000,000","19,547,000,000","17,151,000,000","17,630,000,000","14,948,000,000","13,314,000,000","15,963,000,000","16,018,000,000","14,021,000,000","17,892,000,000","14,669,000,000","14,566,000,000","12,700,000,000","12,582,000,000","15,137,000,000","15,188,000,000","13,367,000,000","17,349,000,000","14,290,000,000","14,601,000,000","13,139,000,000","16,967,000,000","14,050,000,000","14,214,000,000","12,431,000,000","15,950,000,000","12,828,000,000","13,431,000,000","11,900,000,000","12,267,000,000","9,306,000,000","9,245,000,000","7,975,000,000","12,036,000,000","9,404,000,000","9,560,000,000","8,315,000,000","12,267,000,000","9,278,000,000","7,790,000,000","5,880,000,000","8,725,000,000","6,520,000,000"
CostOfRevenue,"53,896,000,000","14,338,000,000","13,402,000,000","13,618,000,000","12,538,000,000","14,367,000,000","15,275,000,000","15,083,000,000","15,696,000,000","19,080,000,000","17,328,000,000","21,817,000,000","20,353,000,000","25,876,000,000","22,846,000,000","22,424,000,000","21,526,000,000","25,688,000,000","24,094,000,000","21,793,000,000","20,359,000,000","23,773,000,000","20,966,000,000","22,383,000,000","20,361,000,000","25,255,000,000","19,249,000,000","20,023,000,000","18,166,000,000","23,043,000,000","19,740,000,000","20,006,000,000","18,522,000,000","21,880,000,000","19,457,000,000","18,488,000,000","17,316,000,000","18,733,000,000","18,509,000,000","19,199,000,000","17,869,000,000","17,463,000,000","16,615,000,000","17,500,000,000","16,699,000,000","20,379,000,000","16,626,000,000","17,196,000,000","17,512,000,000","20,503,000,000","18,548,000,000","18,804,000,000","18,066,000,000","22,913,000,000","22,137,000,000","20,729,000,000","17,993,000,000","21,516,000,000","18,258,000,000","17,507,000,000","16,851,000,000","19,838,000,000","18,468,000,000","18,143,000,000","17,661,000,000","18,675,000,000","16,001,000,000","16,596,000,000","15,542,000,000","18,089,000,000","15,927,000,000","15,125,000,000","12,618,000,000","15,211,000,000","12,289,000,000","12,425,000,000","11,281,000,000","14,404,000,000","12,240,000,000","13,865,000,000","12,347,000,000","12,854,000,000","11,741,000,000","12,709,000,000","11,793,000,000","13,697,000,000","13,059,000,000","13,207,000,000","11,860,000,000","12,203,000,000","9,522,000,000","9,488,000,000","8,054,000,000","9,447,000,000","8,907,000,000","9,678,000,000","8,388,000,000","14,476,000,000","7,248,000,000","7,715,000,000","6,567,000,000","8,558,000,000","7,415,000,000","7,072,000,000","6,041,000,000","8,036,000,000","6,423,000,000","7,090,000,000","5,827,000,000","7,908,000,000","6,122,000,000","6,489,000,000","5,236,000,000","11,891,000,000","9,117,700,000","7,075,000,000","5,178,000,000","4,821,000,000","7,264,000,000","7,378,000,000","6,099,000,000","9,757,000,000","7,019,000,000","7,089,000,000","5,875,000,000","8,961,000,000","6,895,000,000","6,993,000,000","6,027,000,000","8,370,000,000","6,544,000,000","7,195,000,000",,,,,,,,,,,,,,,
GrossProfit,"20,300,000,000","6,032,000,000","5,027,000,000","4,662,000,000","4,581,000,000","7,562,000,000","4,142,000,000","2,667,000,000","4,827,000,000","7,158,000,000","6,032,000,000","7,013,000,000","6,933,000,000","7,403,000,000","6,728,000,000","7,680,000,000","7,134,000,000","6,701,000,000","7,233,000,000","7,468,000,000","7,133,000,000","8,695,000,000","8,072,000,000","7,961,000,000","7,475,000,000","-1,736,000,000","12,262,000,000","11,951,000,000","11,048,000,000","18,975,000,000","16,176,000,000","15,889,000,000","15,460,000,000","17,281,000,000","15,905,000,000","16,531,000,000","16,079,000,000","18,031,000,000","17,840,000,000","17,302,000,000","17,313,000,000","15,447,000,000","18,752,000,000","18,125,000,000","21,749,000,000","19,895,000,000","19,262,000,000","20,248,000,000","19,093,000,000","20,935,000,000","19,251,000,000","20,278,000,000","20,345,000,000","23,300,000,000","25,097,000,000","26,162,000,000","24,280,000,000","27,060,000,000","24,276,000,000","24,809,000,000","23,344,000,000","24,976,000,000","22,388,000,000","21,757,000,000","20,160,000,000","7,818,000,000","25,926,000,000","24,960,000,000","24,184,000,000","25,617,000,000","22,345,000,000","21,910,000,000","20,732,000,000","21,753,000,000","21,105,000,000","20,948,000,000","19,038,000,000","20,974,000,000","20,345,000,000","19,349,000,000","18,174,000,000","21,121,000,000","17,727,000,000","19,268,000,000","18,700,000,000","21,284,000,000","18,955,000,000","19,655,000,000","18,065,000,000","20,250,000,000","17,590,000,000","17,717,000,000","16,008,000,000","19,008,000,000","15,071,000,000","15,250,000,000","14,071,000,000","10,400,000,000","14,558,000,000","14,145,000,000","13,431,000,000","14,290,000,000","12,446,000,000","11,829,000,000","10,890,000,000","11,511,000,000","10,728,000,000","10,540,000,000","9,121,000,000","5,406,000,000","9,841,000,000","9,529,000,000","8,785,000,000","6,001,000,000","5,551,300,000","7,491,000,000","7,522,000,000","7,761,000,000","7,873,000,000","7,810,000,000","7,268,000,000","7,592,000,000","7,271,000,000","7,512,000,000","7,264,000,000","8,006,000,000","7,155,000,000","7,221,000,000","6,404,000,000","7,580,000,000","6,284,000,000","6,236,000,000",,,,,,,,,,,,,,,
OperatingExpense,"16,487,000,000","4,511,000,000","4,017,000,000","3,953,000,000","4,007,000,000","6,388,000,000","3,851,000,000","3,643,000,000","3,701,000,000","4,411,000,000","4,756,000,000","4,822,000,000","4,757,000,000","2,464,000,000","4,855,000,000","4,488,000,000","4,204,000,000","5,617,000,000","2,709,000,000","3,989,000,000","4,338,000,000","3,924,000,000","4,116,000,000","1,733,000,000","4,599,000,000","12,060,000,000","569,000,000","3,000,000","4,717,000,000","1,112,000,000","699,000,000","630,000,000","774,000,000","3,562,000,000","458,000,000","925,000,000","1,488,000,000","-26,879,000,000","10,835,000,000","9,906,000,000","10,029,000,000","-27,498,000,000","11,318,000,000","9,841,000,000","10,435,000,000","12,829,000,000","11,583,000,000","11,790,000,000","12,105,000,000","13,847,000,000","12,954,000,000","12,529,000,000","12,419,000,000","14,570,000,000","12,970,000,000","12,915,000,000","12,398,000,000","12,671,000,000","12,304,000,000","12,394,000,000","12,009,000,000","11,744,000,000","11,020,000,000","11,095,000,000","10,608,000,000","-873,000,000","15,720,000,000","14,746,000,000","14,993,000,000","15,769,000,000","14,044,000,000","14,233,000,000","13,593,000,000","13,232,000,000","13,173,000,000","13,183,000,000","12,123,000,000","15,259,000,000","12,224,000,000","11,209,000,000","10,717,000,000","13,049,000,000","10,624,000,000","10,964,000,000","11,068,000,000","13,089,000,000","11,456,000,000","11,645,000,000","3,380,000,000","13,235,000,000","11,313,000,000","11,310,000,000","10,550,000,000","12,667,000,000","9,401,000,000","9,431,000,000","9,055,000,000","7,316,000,000","9,692,000,000","8,978,000,000","9,045,000,000","9,216,000,000","7,916,000,000","7,178,000,000","6,804,000,000","7,082,000,000","6,574,000,000","6,253,000,000","5,516,000,000","4,821,000,000","5,465,000,000","5,170,000,000","5,118,000,000","2,397,000,000","1,752,300,000","4,950,000,000","4,486,000,000","4,829,000,000","4,841,000,000","4,446,000,000","4,209,000,000","4,126,000,000","4,180,000,000","4,241,000,000","4,037,000,000","4,499,000,000","3,947,000,000","3,922,000,000","3,549,000,000","4,344,000,000","3,401,000,000","3,178,000,000",,,,,,,,,,,,,,,
	SellingGeneralAndAdministration,"13,990,000,000","3,806,000,000","3,390,000,000","3,349,000,000","3,446,000,000","3,823,000,000","3,851,000,000","3,643,000,000","3,701,000,000","4,411,000,000","4,756,000,000","4,822,000,000","4,757,000,000","2,464,000,000","4,855,000,000","4,488,000,000","4,204,000,000","4,631,000,000","4,855,000,000","4,287,000,000","4,506,000,000","4,544,000,000","4,343,000,000","4,883,000,000","4,608,000,000","4,772,000,000",,,,,,,,,,,,,"9,713,000,000","9,163,000,000","9,166,000,000","711,000,000","10,298,000,000","9,030,000,000","9,272,000,000","11,606,000,000","9,887,000,000","9,781,000,000","9,842,000,000","10,940,000,000","10,086,000,000","9,712,000,000","10,083,000,000","11,505,000,000","11,329,000,000","11,425,000,000","11,039,000,000","11,341,000,000","11,081,000,000","11,093,000,000","10,835,000,000","10,588,000,000","10,055,000,000","10,199,000,000","9,786,000,000","-1,759,000,000","14,625,000,000","13,788,000,000","14,091,000,000","14,625,000,000","13,259,000,000","13,229,000,000","12,638,000,000","12,279,000,000","12,112,000,000","12,205,000,000","11,361,000,000","14,259,000,000","11,584,000,000","10,424,000,000","10,055,000,000","12,114,000,000","10,057,000,000","10,468,000,000","10,585,000,000","12,449,000,000","10,993,000,000","11,224,000,000","2,930,000,000","11,401,000,000","9,638,000,000","9,641,000,000","9,037,000,000","10,042,000,000","8,249,000,000","8,425,000,000","7,978,000,000","6,214,000,000","8,643,000,000","7,999,000,000","8,093,000,000","8,227,000,000","6,944,000,000","6,246,000,000","5,912,000,000","6,104,000,000","5,715,000,000","5,358,000,000","4,654,000,000","3,938,000,000","4,662,000,000","4,383,000,000","4,384,000,000","1,366,000,000","1,009,000,000","4,229,000,000","3,778,000,000","4,158,000,000","4,054,000,000","3,799,000,000","3,496,000,000","3,352,000,000","3,475,000,000","3,573,000,000","3,352,000,000","3,856,000,000","3,273,000,000","3,351,000,000","2,929,000,000","3,792,000,000","2,833,000,000","3,178,000,000",,,,,,,,,,,,,,,
		GeneralAndAdministrativeExpense,"13,990,000,000","3,806,000,000","3,390,000,000","3,349,000,000","3,446,000,000","3,823,000,000","3,851,000,000","3,643,000,000","3,701,000,000","4,411,000,000","4,756,000,000","4,822,000,000","4,757,000,000",,,,,,,,,,,,,,,,,,,,,,,,,,"9,713,000,000","9,163,000,000","9,166,000,000","711,000,000","10,298,000,000","9,030,000,000","9,272,000,000","11,606,000,000","9,887,000,000","9,781,000,000","9,842,000,000","10,940,000,000","10,086,000,000","9,712,000,000","10,083,000,000","11,505,000,000","11,329,000,000","11,425,000,000","11,039,000,000","11,341,000,000","11,081,000,000","11,093,000,000","10,835,000,000","10,588,000,000","10,055,000,000","10,199,000,000","9,786,000,000","-1,759,000,000","14,625,000,000","13,788,000,000","14,091,000,000","14,625,000,000","13,259,000,000","13,229,000,000","12,638,000,000","12,279,000,000","12,112,000,000","12,205,000,000","11,361,000,000","14,259,000,000","11,584,000,000","10,424,000,000","10,055,000,000","12,114,000,000","10,057,000,000","10,468,000,000","10,585,000,000","12,449,000,000","10,993,000,000","11,224,000,000","2,930,000,000",,,,,,,,,,,,,,,,,,,,,,,,,,,,,,,,,,,,,,,,,,,,,,,,,,,,,,,,,,
			InsuranceAndClaims,"2,283,000,000","603,000,000","643,000,000","483,000,000","555,000,000","573,000,000","624,000,000","564,000,000","636,000,000","582,000,000","1,463,000,000","638,000,000","611,000,000",,,,,,,,,,,,,,,,,,,,,,,,,,"756,000,000","662,000,000","737,000,000","711,000,000","719,000,000","746,000,000","736,000,000","802,000,000","741,000,000","722,000,000","747,000,000","760,000,000","732,000,000","779,000,000","746,000,000","801,000,000","787,000,000","821,000,000","804,000,000","868,000,000","849,000,000","892,000,000","860,000,000","850,000,000","822,000,000","793,000,000","749,000,000","-6,888,000,000","4,646,000,000","3,696,000,000","4,020,000,000","4,437,000,000","3,858,000,000","3,744,000,000","3,588,000,000","3,960,000,000","4,168,000,000","4,256,000,000","3,985,000,000","6,143,000,000","4,227,000,000","3,689,000,000","3,549,000,000","4,209,000,000","3,618,000,000","3,712,000,000","3,523,000,000","3,886,000,000","3,731,000,000","3,852,000,000","2,930,000,000",,,,,,,,,,,,,,,,,,,,,,,,,,,,,,,,,,,,,,,,,,,,,,,,,,,,,,,,,,
			OtherGandA,"11,707,000,000","3,203,000,000","2,747,000,000","2,866,000,000","2,891,000,000","3,250,000,000","3,227,000,000","3,079,000,000","3,065,000,000","3,829,000,000","3,293,000,000","4,184,000,000","4,146,000,000",,,,,,,,,,,,,,,,,,,,,,,,,,"8,957,000,000","8,501,000,000","8,429,000,000",,"9,579,000,000","8,284,000,000","8,536,000,000","10,804,000,000","9,146,000,000","9,059,000,000","9,095,000,000","10,180,000,000","9,354,000,000","8,933,000,000","9,337,000,000","10,704,000,000","10,542,000,000","10,604,000,000","10,235,000,000","10,473,000,000","10,232,000,000","10,201,000,000","9,975,000,000","9,738,000,000","9,233,000,000","9,406,000,000","9,037,000,000","5,129,000,000","9,979,000,000","10,092,000,000","10,071,000,000","10,188,000,000","9,401,000,000","9,485,000,000","9,050,000,000","8,319,000,000","7,944,000,000","7,949,000,000","7,376,000,000","8,116,000,000","7,357,000,000","6,735,000,000","6,506,000,000","7,905,000,000","6,439,000,000","6,756,000,000","7,062,000,000","8,563,000,000","7,262,000,000","7,372,000,000",,,,,,,,,,,,,,,,,,,,,,,,,,,,,,,,,,,,,,,,,,,,,,,,,,,,,,,,,,,
	ResearchAndDevelopment,"2,497,000,000","705,000,000","627,000,000","604,000,000","561,000,000","635,000,000",,,,,,,,,,,,,,,,,,,,,,,,,,,,,,,,,,,,,,,,,,,,,,,,,,,,,,,,,,,,,,,,,,,,,,,,,,,,,,,,,,,,,,,,,,,,,,,,,,,,,,,,,,,,,,,,,,,,,,,,,,,,,,,,,,,,,,,,,,,,,
	DepreciationAmortizationDepletionIncomeStatement,,,,,,,,,,,,,,,,,,,,,,,,,,,,,,,,,,,,,,,,,,,,,,,,,,,,,,,,,,,,,,,,,,,,,,,,,,,,,,,,,,,,,,,,,,"1,834,000,000","1,675,000,000","1,669,000,000","1,513,000,000","2,625,000,000","1,152,000,000","1,006,000,000","1,077,000,000","1,102,000,000","1,049,000,000","979,000,000","952,000,000","989,000,000","972,000,000","932,000,000","892,000,000","978,000,000","859,000,000","895,000,000","862,000,000","883,000,000","803,000,000","787,000,000","734,000,000","1,031,000,000","743,300,000","721,000,000","708,000,000","671,000,000","787,000,000","647,000,000","713,000,000","774,000,000","705,000,000","668,000,000","685,000,000","643,000,000","674,000,000","571,000,000","620,000,000","552,000,000","568,000,000",,,,,,,,,,,,,,,,
		DepreciationAndAmortizationInIncomeStatement,,,,,,,,,,,,,,,,,,,,,,,,,,,,,,,,,,,,,,,,,,,,,,,,,,,,,,,,,,,,,,,,,,,,,,,,,,,,,,,,,,,,,,,,,,"1,834,000,000","1,675,000,000","1,669,000,000","1,513,000,000","2,625,000,000","1,152,000,000","1,006,000,000","1,077,000,000","1,102,000,000","1,049,000,000","979,000,000","952,000,000","989,000,000","972,000,000","932,000,000","892,000,000","978,000,000","859,000,000","895,000,000","862,000,000","883,000,000","803,000,000","787,000,000","734,000,000","1,031,000,000","743,300,000","721,000,000","708,000,000","671,000,000","787,000,000","647,000,000","713,000,000","774,000,000","705,000,000","668,000,000","685,000,000","643,000,000","674,000,000","571,000,000","620,000,000","552,000,000","568,000,000",,,,,,,,,,,,,,,,
	ProvisionForDoubtfulAccounts,,,,,,,,,,,,,,,,,,,,,,,,,,,"738,000,000","783,000,000","4,859,000,000","1,098,000,000","957,000,000","968,000,000","970,000,000","1,480,000,000","821,000,000","1,029,000,000","1,488,000,000","1,163,000,000","1,122,000,000","743,000,000","863,000,000","1,095,000,000","1,020,000,000","811,000,000","1,163,000,000","1,223,000,000","1,696,000,000","2,009,000,000","2,263,000,000","2,907,000,000","2,868,000,000","2,817,000,000","2,336,000,000","3,065,000,000","1,641,000,000","1,490,000,000","1,359,000,000","1,330,000,000","1,223,000,000","1,301,000,000","1,174,000,000","1,156,000,000","965,000,000","896,000,000","822,000,000","886,000,000","1,095,000,000","958,000,000","902,000,000","1,144,000,000","785,000,000","1,004,000,000","955,000,000","953,000,000","1,061,000,000","978,000,000","762,000,000","1,000,000,000","640,000,000","785,000,000","662,000,000","935,000,000","567,000,000","496,000,000","483,000,000","640,000,000","463,000,000","421,000,000","521,000,000",,,,,,,,,,,,,,,,,,,,,,,,,,,,,,,,,,,,,,,,,,,,,,,,,,,,,,,,,,
	OtherOperatingExpenses,,,,,,,,,,,,,,,,,,"986,000,000","-2,146,000,000","-298,000,000","-168,000,000","-620,000,000","-227,000,000","-3,150,000,000","-9,000,000","-1,135,000,000","-169,000,000","-780,000,000","-142,000,000","14,000,000","-258,000,000","-338,000,000","-196,000,000","-932,000,000","-363,000,000","-104,000,000",,"-826,000,000",,,,,,,,,,,"2,263,000,000",,"4,322,000,000",,,,,,,,,,,,,,,,,,,,,,,,,,,,,,,,,,,,,,"-71,000,000",,,,,,,,,,,,,,,,,,,,,,,,,,,,,,,,,,,,,,,,,,,,,,,,,,,,,,,,,,
OperatingIncome,"3,813,000,000","1,521,000,000","1,010,000,000","709,000,000","574,000,000","1,174,000,000","291,000,000","-976,000,000","1,126,000,000","2,747,000,000","1,276,000,000","2,191,000,000","2,176,000,000","4,939,000,000","1,873,000,000","3,192,000,000","2,930,000,000","1,084,000,000","4,524,000,000","3,479,000,000","2,795,000,000","4,771,000,000","3,956,000,000","6,228,000,000","2,876,000,000","-13,796,000,000","11,693,000,000","11,948,000,000","6,331,000,000","17,863,000,000","15,477,000,000","15,259,000,000","14,686,000,000","13,719,000,000","15,447,000,000","15,606,000,000","14,591,000,000","44,910,000,000","7,005,000,000","7,396,000,000","7,284,000,000","42,945,000,000","7,434,000,000","8,284,000,000","11,314,000,000","7,066,000,000","7,679,000,000","8,458,000,000","6,988,000,000","7,088,000,000","6,297,000,000","7,749,000,000","7,926,000,000","8,730,000,000","12,127,000,000","13,247,000,000","11,882,000,000","14,389,000,000","11,972,000,000","12,415,000,000","11,335,000,000","13,232,000,000","11,368,000,000","10,662,000,000","9,552,000,000","8,691,000,000","10,206,000,000","10,214,000,000","9,191,000,000","9,848,000,000","8,301,000,000","7,677,000,000","7,139,000,000","8,521,000,000","7,932,000,000","7,765,000,000","6,915,000,000","5,715,000,000","8,121,000,000","8,140,000,000","7,457,000,000","8,072,000,000","7,103,000,000","8,304,000,000","7,632,000,000","8,195,000,000","7,499,000,000","8,010,000,000","14,685,000,000","7,015,000,000","6,277,000,000","6,407,000,000","5,458,000,000","6,341,000,000","5,670,000,000","5,819,000,000","5,016,000,000","3,084,000,000","4,866,000,000","5,167,000,000","4,386,000,000","5,074,000,000","4,530,000,000","4,651,000,000","4,086,000,000","4,429,000,000","4,154,000,000","4,287,000,000","3,605,000,000","585,000,000","4,376,000,000","4,359,000,000","3,667,000,000","3,604,000,000","3,799,000,000","2,541,000,000","3,036,000,000","2,932,000,000","3,032,000,000","3,364,000,000","3,059,000,000","3,466,000,000","3,091,000,000","3,271,000,000","3,227,000,000","3,507,000,000","3,208,000,000","3,299,000,000","2,855,000,000","3,236,000,000","2,883,000,000","3,058,000,000","11,900,000,000","-28,223,000,000","9,306,000,000","9,245,000,000","7,975,000,000","-23,600,000,000","9,404,000,000","9,560,000,000","8,315,000,000","-19,883,000,000","9,278,000,000","7,790,000,000","5,880,000,000","-16,625,000,000","6,520,000,000"
NetNonOperatingInterestIncomeExpense,"394,000,000","321,000,000","20,000,000","114,000,000","-61,000,000","1,976,000,000","-1,327,000,000","958,000,000","-794,000,000","265,000,000","-1,279,000,000","-991,000,000","-1,133,000,000","-583,000,000","-1,227,000,000","-1,295,000,000","-1,285,000,000","-1,324,000,000","-1,232,000,000","-1,174,000,000","-1,139,000,000","-1,001,000,000","-961,000,000","-1,326,000,000","-1,736,000,000","513,000,000","-1,462,000,000","-1,286,000,000","-1,930,000,000","-2,366,000,000","-2,357,000,000","-2,345,000,000","-2,414,000,000","-2,416,000,000","-2,462,000,000","-2,617,000,000","-2,621,000,000","-2,960,000,000","-2,979,000,000","-3,211,000,000","-3,358,000,000","-3,236,000,000","-3,735,000,000","-3,773,000,000","-3,879,000,000","-3,612,000,000","-4,039,000,000","-4,171,000,000","-4,161,000,000","-4,467,000,000","-4,322,000,000","-4,653,000,000","-5,327,000,000","-6,106,000,000","-6,955,000,000","-6,626,000,000","-6,530,000,000","-6,487,000,000","-6,077,000,000","-5,718,000,000","-5,699,000,000","-5,249,000,000","-5,143,000,000","-4,533,000,000","-4,361,000,000","-3,687,000,000","-3,826,000,000","-3,897,000,000","-3,777,000,000","-3,404,000,000","-2,943,000,000","-2,750,000,000","-2,646,000,000","-2,622,000,000","-2,531,000,000","-2,683,000,000","-2,596,000,000","-2,626,000,000","-2,773,000,000","-2,443,000,000","-2,374,000,000","-2,639,000,000","-2,640,000,000","-2,707,000,000","-3,076,000,000","-3,065,000,000","-2,859,000,000","-3,014,000,000","-2,782,000,000",,,,,,,,,,,,,,,,,,,,,,,,,,,,,,,,,,,,,,,,,,,,,,,,,,,,,,,,,,
	InterestIncomeNonOperating,"2,270,000,000","747,000,000","482,000,000","602,000,000","439,000,000",,,"1,955,000,000",,,,,,,,,,,,,,,,,,,,,,,,,,,,,,,,,,,,,,,,,,,,,,,,,,,,,,,,,,,,,,,,,,,,,,,,,,,,,,,,,,,,,,,,,,,,,,,,,,,,,,,,,,,,,,,,,,,,,,,,,,,,,,,,,,,,,,,,,,,
	InterestExpenseNonOperating,"1,876,000,000","426,000,000","462,000,000","488,000,000","500,000,000","-1,976,000,000","1,327,000,000","997,000,000","794,000,000","955,000,000","1,279,000,000","991,000,000","1,133,000,000","1,252,000,000","1,227,000,000","1,295,000,000","1,285,000,000","1,324,000,000","1,232,000,000","1,174,000,000","1,139,000,000","1,001,000,000","961,000,000","1,326,000,000","1,736,000,000","-513,000,000","1,462,000,000","1,286,000,000","1,930,000,000","2,366,000,000","2,357,000,000","2,345,000,000","2,414,000,000","2,416,000,000","2,462,000,000","2,617,000,000","2,621,000,000","2,960,000,000","2,979,000,000","3,211,000,000","3,358,000,000","3,236,000,000","3,735,000,000","3,773,000,000","3,879,000,000","3,612,000,000","4,039,000,000","4,171,000,000","4,161,000,000","4,467,000,000","4,322,000,000","4,653,000,000","5,327,000,000","6,106,000,000","6,955,000,000","6,626,000,000","6,530,000,000","6,487,000,000","6,077,000,000","5,718,000,000","5,699,000,000","5,249,000,000","5,143,000,000","4,533,000,000","4,361,000,000","3,687,000,000","3,826,000,000","3,897,000,000","3,777,000,000","3,404,000,000","2,943,000,000","2,750,000,000","2,646,000,000","2,622,000,000","2,531,000,000","2,683,000,000","2,596,000,000","2,626,000,000","2,773,000,000","2,443,000,000","2,374,000,000","2,639,000,000","2,640,000,000","2,707,000,000","3,076,000,000","3,065,000,000","2,859,000,000","3,014,000,000","2,782,000,000",,,,,,,,,,,,,,,,,,,,,,,,,,,,,,,,,,,,,,,,,,,,,,,,,,,,,,,,,,
OtherIncomeExpense,"-7,889,000,000","-5,308,000,000","-446,000,000","-1,858,000,000","-276,000,000","-431,000,000","-624,000,000","-2,320,000,000","6,141,000,000","-1,441,000,000","-1,246,000,000","-1,476,000,000","231,000,000","-3,496,000,000","-23,383,000,000","-566,000,000","-1,234,000,000","-12,361,000,000","-1,825,000,000","-790,000,000","-824,000,000","-877,000,000","-922,000,000","-1,079,000,000","-901,000,000","15,864,000,000","-6,974,000,000","-7,079,000,000","-9,349,000,000","-9,418,000,000","-9,205,000,000","-9,135,000,000","-8,816,000,000","-6,615,000,000","-9,377,000,000","-9,260,000,000","-7,844,000,000","-702,000,000",,,,,,,,,,,,,,,,"-139,000,000","-156,000,000","-184,000,000","-162,000,000","-282,000,000","-190,000,000","-217,000,000","-219,000,000","-220,000,000","-215,000,000","-235,000,000","-238,000,000","144,000,000","-359,000,000","-456,000,000","-315,000,000","-389,000,000","-269,000,000","-187,000,000","-271,000,000","-374,000,000","-281,000,000","-72,000,000","-70,000,000","-76,000,000","-84,000,000","-90,000,000","-76,000,000","-86,000,000","-59,000,000","-101,000,000","-102,000,000","-122,000,000","-110,000,000","-97,000,000","-7,894,000,000","402,000,000","88,000,000","205,000,000","103,000,000","182,000,000","158,000,000","142,000,000","167,000,000","1,819,000,000","185,000,000","137,000,000","159,000,000","146,000,000","160,000,000","165,000,000","167,000,000","205,000,000","190,000,000","179,000,000","178,000,000","264,000,000","190,000,000","178,000,000","161,000,000","195,000,000","189,000,000","195,000,000","156,000,000","126,000,000","313,000,000","202,000,000","158,000,000","202,000,000","288,000,000","173,000,000","194,000,000","286,000,000","160,000,000","138,000,000","168,000,000","211,000,000","156,000,000","100,000,000",,,,,,,,,,,,,,,
	GainOnSaleOfSecurity,"-2,283,000,000","-603,000,000",,,,,,,,,,,,"-781,000,000","-710,000,000","-669,000,000","-630,000,000","-10,260,000,000","-617,000,000","-657,000,000","-634,000,000","-696,000,000","-684,000,000","-776,000,000","-642,000,000","-653,000,000","-676,000,000","-660,000,000","-616,000,000","-608,000,000","-662,000,000","-658,000,000","-620,000,000","-654,000,000","-672,000,000","-687,000,000","-663,000,000","-702,000,000",,,,,,,,,,,,,,,,,,,,,,,,,,,,,,,,,,,,,,,,,,,,,,,,,,,,,,,,,,,,,,,,,,,,,,,,,,,,,,,,,,,,,,,,,,,,,,,,,,,,,,,,,,,,,
	EarningsFromEquityInterest,"-96,000,000","-192,000,000","42,000,000","38,000,000","16,000,000","36,000,000","-78,000,000","31,000,000","0","206,000,000","0",,"0","-111,000,000","0","0","0","0",,,,,,,,,,,,,,,,,,,,,,,,,,,,,,,,,,,,,,,,,,,,,,,,,,,,,,,,,,,,,,,,,,,,,,,"-98,000,000",,,,,,,,,,,,,,,,,,,,,,,,,,,,,,,,,,,,,,,,,,,,,,,,,,,,,,,,,,
	SpecialIncomeCharges,"-6,564,000,000","-4,993,000,000","-153,000,000","-1,421,000,000","3,000,000","23,000,000","21,000,000","-1,665,000,000",,"1,000,000","-740,000,000","-744,000,000",,"-969,000,000","-21,973,000,000",,,,,,,,,,,,,,,,,,,,,,,,,,,,,,,,,,,,,,,"-139,000,000","-156,000,000","-184,000,000","-162,000,000","-282,000,000","-190,000,000","-217,000,000","-219,000,000","-220,000,000","-215,000,000","-235,000,000","-238,000,000","144,000,000","-359,000,000","-456,000,000","-315,000,000","-389,000,000","-269,000,000","-187,000,000","-271,000,000","-374,000,000","-281,000,000","-72,000,000","-70,000,000","-76,000,000","-84,000,000","-90,000,000","-76,000,000","-86,000,000","-59,000,000","-101,000,000","-102,000,000","-122,000,000","-110,000,000","-97,000,000",,"402,000,000","88,000,000","205,000,000","103,000,000","182,000,000","158,000,000","142,000,000","167,000,000","1,819,000,000","185,000,000","137,000,000","159,000,000","146,000,000","160,000,000","165,000,000","167,000,000","205,000,000","190,000,000","179,000,000","178,000,000","264,000,000","190,000,000","178,000,000","161,000,000","195,000,000","189,000,000","195,000,000","156,000,000","126,000,000","313,000,000","202,000,000","158,000,000","202,000,000","288,000,000","173,000,000","194,000,000","286,000,000","160,000,000","138,000,000","168,000,000","211,000,000","156,000,000","100,000,000",,,,,,,,,,,,,,,
		ImpairmentOfCapitalAssets,"0","0",,"0",,"0","0","1,717,000,000",,"2,000,000","740,000,000","744,000,000",,"163,000,000","21,973,000,000",,,,,,,,,,,,,,,,,,,,,,,,,,,,,,,,,,,,,,,,,,,,,,,,,,,,,,,,,,,,,,,,,,,,,,,,,,,,,,,,,,,,,,,,,,,,,,,,,,,,,,,,,,,,,,,,,,,,,,,,,,,,,,,,,,,,
		OtherSpecialCharges,"6,524,000,000","5,108,000,000",,"1,416,000,000",,,,,,,,,,,,,,,,,,,,,,,,,,,,,,,,,,,,,,,,,,,,,,,,,,,,,,,,,,,"215,000,000","235,000,000","238,000,000","-144,000,000","359,000,000","456,000,000","315,000,000","389,000,000","269,000,000","187,000,000","271,000,000","374,000,000","281,000,000","72,000,000","70,000,000","76,000,000","84,000,000","90,000,000","76,000,000","86,000,000","59,000,000","101,000,000","102,000,000","122,000,000","110,000,000","97,000,000",,,,,,,,,,,,,,,,,,,,,,,,,,,,,,,,,,,,,,,,,,,,,,,,,,,,,,,,,,,
		GainOnSaleOfBusiness,"-40,000,000","115,000,000","-153,000,000","-5,000,000","3,000,000","23,000,000","21,000,000","52,000,000",,,,,,,,,,,,,,,,,,,,,,,,,,,,,,,,,,,,,,,,,,,,,,,,,,,,,,,,,,,,,,,,,,,,,,,,,,,,,,,,,,,,,,,,,,,,,,,,,,,,,,,,,,,,,,,,,,,,,,,,,,,,,,,,,,,,,,,,,,,
	OtherNonOperatingIncomeExpenses,"-1,229,000,000","-123,000,000","-335,000,000","-475,000,000","-295,000,000","-490,000,000","-567,000,000","-686,000,000","6,141,000,000","-1,648,000,000","-506,000,000","-732,000,000","231,000,000","-1,635,000,000","-700,000,000","103,000,000","-604,000,000","-2,101,000,000","-1,208,000,000","-133,000,000","-190,000,000","-181,000,000","-238,000,000","-303,000,000","-259,000,000","16,517,000,000","-6,298,000,000","-6,419,000,000","-8,733,000,000","-8,810,000,000","-8,543,000,000","-8,477,000,000","-8,196,000,000","-5,961,000,000","-8,705,000,000","-8,573,000,000","-7,181,000,000",,,,,,,,,,,,,,,,,,,,,,,,,,,,,,,,,,,,,,,,,,,,,,,,,,,,"-7,796,000,000",,,,,,,,,,,,,,,,,,,,,,,,,,,,,,,,,,,,,,,,,,,,,,,,,,,,,,,,,,
PretaxIncome,"-3,683,000,000","-3,467,000,000","584,000,000","-1,037,000,000","238,000,000","2,721,000,000","-1,660,000,000","-2,339,000,000","6,475,000,000","1,571,000,000","-1,249,000,000","-274,000,000","1,275,000,000","858,000,000","-22,736,000,000","1,331,000,000","413,000,000","-12,603,000,000","1,466,000,000","1,515,000,000","832,000,000","2,893,000,000","2,074,000,000","3,824,000,000","238,000,000","2,582,000,000","3,257,000,000","3,583,000,000","-4,948,000,000","6,079,000,000","3,915,000,000","3,779,000,000","3,456,000,000","4,688,000,000","3,608,000,000","3,729,000,000","4,126,000,000","5,269,000,000","4,026,000,000","4,185,000,000","3,926,000,000","4,476,000,000","3,699,000,000","4,511,000,000","7,435,000,000","3,454,000,000","3,640,000,000","4,287,000,000","2,827,000,000","2,621,000,000","1,975,000,000","3,096,000,000","2,599,000,000","2,485,000,000","5,016,000,000","6,437,000,000","5,190,000,000","7,620,000,000","5,705,000,000","6,480,000,000","5,417,000,000","7,763,000,000","6,010,000,000","5,894,000,000","4,953,000,000","5,148,000,000","6,021,000,000","5,861,000,000","5,099,000,000","6,055,000,000","5,089,000,000","4,740,000,000","4,222,000,000","5,525,000,000","5,120,000,000","5,010,000,000","4,249,000,000","3,013,000,000","5,264,000,000","5,607,000,000","5,007,000,000","5,347,000,000","4,404,000,000","5,496,000,000","4,454,000,000","5,008,000,000","4,530,000,000","4,899,000,000","4,009,000,000","4,415,000,000","3,818,000,000","4,100,000,000","3,244,000,000","3,629,000,000","3,399,000,000","3,534,000,000","2,915,000,000","2,525,000,000","2,864,000,000","3,231,000,000","2,559,000,000","2,955,000,000","2,698,000,000","2,835,000,000","2,318,000,000","2,672,000,000","2,393,000,000","2,590,000,000","2,082,000,000","2,976,000,000","1,938,000,000","2,229,000,000","1,518,000,000","2,084,000,000","1,910,000,000","978,000,000","1,603,000,000","1,262,000,000","1,630,000,000","1,823,000,000","1,558,000,000","1,774,000,000","1,525,000,000","1,649,000,000","1,488,000,000","1,692,000,000","1,472,000,000","1,601,000,000","1,382,000,000","1,679,000,000","1,381,000,000","1,383,000,000",,,,,,,,,,,,,,,
TaxProvision,"-286,000,000","37,000,000","2,000,000","-466,000,000","142,000,000","163,000,000","-501,000,000","-199,000,000","63,000,000","727,000,000","41,000,000","-148,000,000","222,000,000","-94,000,000","162,000,000","542,000,000","-27,000,000","-2,740,000,000","-334,000,000","15,000,000","16,000,000","-766,000,000","18,000,000","479,000,000","-139,000,000","-981,000,000","365,000,000","968,000,000","6,458,000,000","600,000,000","463,000,000","193,000,000","516,000,000","-483,000,000","345,000,000","308,000,000","506,000,000","818,000,000","555,000,000","494,000,000","637,000,000","466,000,000","435,000,000","890,000,000","3,927,000,000","-584,000,000","318,000,000","885,000,000","431,000,000","-524,000,000","-484,000,000","219,000,000","-318,000,000","-1,382,000,000","539,000,000","1,043,000,000","829,000,000","808,000,000","619,000,000","1,081,000,000","907,000,000","1,052,000,000","951,000,000","1,040,000,000","911,000,000","162,000,000","1,344,000,000","1,214,000,000","1,134,000,000","677,000,000","1,038,000,000","816,000,000","982,000,000","965,000,000","1,099,000,000","1,216,000,000","1,035,000,000","-89,000,000","1,177,000,000","1,181,000,000","1,489,000,000","1,414,000,000","1,123,000,000","1,599,000,000","1,437,000,000","1,423,000,000","1,350,000,000","1,521,000,000","1,417,000,000","1,326,000,000","1,165,000,000","1,280,000,000","1,089,000,000","958,000,000","1,115,000,000","1,084,000,000","1,024,000,000","175,000,000","850,000,000","1,069,000,000","882,000,000","888,000,000","910,000,000","927,000,000","801,000,000","807,000,000","783,000,000","864,000,000","710,000,000","1,019,000,000","570,000,000","707,000,000","450,000,000","607,000,000","704,000,000","322,000,000","518,000,000","341,000,000","520,000,000","607,000,000","500,000,000","511,000,000","483,000,000","518,000,000","489,000,000","453,000,000","446,000,000","513,000,000","432,000,000","506,000,000","436,000,000","411,000,000",,,,,,,,,,,,,,,
NetIncomeCommonStockholders,"-6,757,000,000","-3,900,000,000","1,205,000,000","-1,188,000,000","-2,874,000,000","2,443,000,000","-1,190,000,000","-2,179,000,000","6,156,000,000","538,000,000","-9,465,000,000","-61,000,000","3,549,000,000","581,000,000","-22,812,000,000","615,000,000","-1,184,000,000","-9,833,000,000","1,794,000,000","1,179,000,000","613,000,000","3,483,000,000","1,991,000,000","2,735,000,000","-102,000,000","6,301,000,000","2,502,000,000","-1,357,000,000","-13,576,000,000","5,145,000,000","3,532,000,000","3,541,000,000","2,995,000,000","3,202,000,000","3,187,000,000","3,129,000,000","3,522,000,000","3,992,000,000","3,491,000,000","3,105,000,000","3,034,000,000","3,708,000,000","2,343,000,000","3,689,000,000","3,358,000,000","4,460,000,000","1,980,000,000","3,034,000,000","1,870,000,000","2,938,000,000","2,419,000,000","2,596,000,000","2,736,000,000","3,647,000,000","4,312,000,000","5,072,000,000","4,304,000,000","6,687,000,000","5,539,000,000","5,420,000,000","4,508,000,000","6,708,000,000","4,964,000,000","4,852,000,000","4,305,000,000","3,064,000,000","4,677,000,000","4,647,000,000","3,965,000,000","5,378,000,000","4,051,000,000","3,924,000,000","3,240,000,000","4,560,000,000","3,649,000,000","3,794,000,000","2,999,000,000","3,102,000,000","4,087,000,000","4,426,000,000","2,503,000,000","3,933,000,000","3,281,000,000","3,897,000,000","2,573,000,000","3,585,000,000","3,180,000,000","3,378,000,000","2,592,000,000","3,089,000,000","2,653,000,000","2,820,000,000","2,155,000,000","2,671,000,000","2,284,000,000","2,450,000,000","1,891,000,000","2,350,000,000","2,014,000,000","2,162,000,000","1,677,000,000","2,067,000,000","1,788,000,000","1,908,000,000","1,517,000,000","1,865,000,000","1,610,000,000","1,726,000,000","1,372,000,000","768,000,000","1,368,000,000","1,522,000,000","1,068,000,000","1,477,000,000","1,206,000,000","1,334,000,000","1,160,000,000","1,341,000,000","1,110,000,000","1,216,000,000","1,058,000,000","-536,000,000","1,042,000,000","1,131,000,000","999,000,000","1,239,000,000","1,026,000,000","1,088,000,000","950,000,000","1,173,000,000","945,000,000","972,000,000",,,,,,,,,,,,,,,
	NetIncome,"-6,520,000,000","-3,843,000,000","1,257,000,000","-1,131,000,000","-2,802,000,000","2,636,000,000","-1,144,000,000","-1,987,000,000","6,199,000,000","728,000,000","-9,423,000,000","127,000,000","3,588,000,000","761,000,000","-22,769,000,000","800,000,000","-1,147,000,000","-9,642,000,000","1,836,000,000","1,367,000,000","653,000,000","3,667,000,000","2,027,000,000","2,890,000,000","191,000,000","6,301,000,000","2,506,000,000","-1,360,000,000","-13,573,000,000","5,152,000,000","3,537,000,000","3,545,000,000","2,999,000,000","3,206,000,000","3,191,000,000","3,133,000,000","3,527,000,000","4,011,000,000","3,491,000,000","3,105,000,000","3,034,000,000","3,730,000,000","3,224,000,000","3,764,000,000","3,433,000,000","4,535,000,000","2,055,000,000","3,109,000,000","1,945,000,000","3,013,000,000","2,494,000,000","2,671,000,000","2,811,000,000","3,722,000,000","4,312,000,000","5,072,000,000","4,304,000,000","6,687,000,000","5,539,000,000","5,420,000,000","4,508,000,000","6,708,000,000","4,964,000,000","4,852,000,000","4,305,000,000","3,064,000,000","4,677,000,000","4,647,000,000","3,965,000,000","5,378,000,000","4,051,000,000","3,924,000,000","3,240,000,000","4,560,000,000","3,649,000,000","3,794,000,000","2,999,000,000","3,102,000,000","4,087,000,000","4,426,000,000","2,503,000,000","3,933,000,000","3,281,000,000","3,897,000,000","2,573,000,000","3,585,000,000","3,180,000,000","3,378,000,000","2,592,000,000","3,089,000,000","2,653,000,000","2,820,000,000","2,155,000,000","2,671,000,000","2,284,000,000","2,450,000,000","1,891,000,000","2,350,000,000","2,014,000,000","2,162,000,000","1,677,000,000","2,067,000,000","1,788,000,000","1,908,000,000","1,517,000,000","1,865,000,000","1,610,000,000","1,726,000,000","1,372,000,000","768,000,000","1,368,000,000","1,522,000,000","1,068,000,000","1,477,000,000","1,206,000,000","1,334,000,000","1,160,000,000","1,341,000,000","1,110,000,000","1,216,000,000","1,058,000,000","-536,000,000","1,042,000,000","1,131,000,000","999,000,000","1,239,000,000","1,026,000,000","1,088,000,000","950,000,000","1,173,000,000","945,000,000","972,000,000",,,,,,,,,,,,,,,
		NetIncomeIncludingNoncontrollingInterests,"-6,591,000,000","-3,843,000,000","1,184,000,000","-1,135,000,000","-2,798,000,000","2,639,000,000","-1,195,000,000","-2,132,000,000","6,233,000,000","722,000,000","-9,383,000,000","104,000,000","3,645,000,000","861,000,000","-22,859,000,000","669,000,000","-1,113,000,000","-9,680,000,000","1,694,000,000","1,354,000,000","577,000,000","3,659,000,000","1,951,000,000","2,804,000,000","69,000,000","6,403,000,000","2,545,000,000","-1,135,000,000","-13,608,000,000","5,339,000,000","3,509,000,000","3,545,000,000","2,952,000,000","3,364,000,000","3,181,000,000","3,299,000,000","3,511,000,000","4,146,000,000","3,508,000,000","3,138,000,000","3,072,000,000","3,813,000,000","3,265,000,000","3,838,000,000","3,527,000,000","4,742,000,000","2,217,000,000","3,214,000,000","2,006,000,000","3,127,000,000","2,499,000,000","2,683,000,000","2,896,000,000","3,722,000,000","4,312,000,000","5,072,000,000","4,304,000,000","6,687,000,000","5,539,000,000","5,420,000,000","4,508,000,000","6,708,000,000","4,964,000,000","4,852,000,000","4,305,000,000","3,064,000,000","4,677,000,000","4,647,000,000","3,965,000,000","5,378,000,000","4,051,000,000","3,924,000,000","3,240,000,000","4,560,000,000","3,649,000,000","3,794,000,000","2,999,000,000","3,102,000,000","4,087,000,000","4,426,000,000","2,503,000,000","3,933,000,000","3,281,000,000","3,897,000,000","2,573,000,000","3,585,000,000","3,180,000,000","3,378,000,000","2,592,000,000","3,200,000,000","2,745,000,000","2,928,000,000","2,209,000,000","2,751,000,000","2,352,000,000","2,511,000,000","1,947,000,000","2,416,000,000","2,081,000,000","2,214,000,000","1,732,000,000","2,148,000,000","1,855,000,000","1,969,000,000","1,577,000,000","1,944,000,000","1,650,000,000","1,772,000,000","1,411,000,000","818,000,000","1,401,000,000","1,578,000,000","1,099,000,000","1,517,000,000","1,268,000,000","1,363,000,000","1,180,000,000","1,355,000,000","1,119,000,000","1,234,000,000","1,070,000,000","-510,000,000","1,042,000,000","1,150,000,000","1,026,000,000","1,271,000,000","1,042,000,000","1,108,000,000","964,000,000","1,201,000,000","965,000,000","995,000,000","849,000,000","1,011,000,000","815,000,000","835,000,000","725,000,000","353,000,000","703,000,000","720,000,000","343,000,000","730,000,000","604,000,000","612,000,000","537,000,000","660,000,000","575,000,000"
			NetIncomeContinuousOperations,"-3,396,000,000","-3,503,000,000","582,000,000","-571,000,000","97,000,000","2,559,000,000","-1,160,000,000","-2,139,000,000","6,412,000,000","844,000,000","-1,290,000,000","-126,000,000","1,053,000,000","953,000,000","-22,899,000,000","789,000,000","440,000,000","-9,863,000,000","1,800,000,000","1,499,000,000","816,000,000","3,659,000,000","2,056,000,000","3,345,000,000","378,000,000","3,562,000,000","2,892,000,000","2,615,000,000","-11,406,000,000","5,479,000,000","3,452,000,000","3,586,000,000","2,940,000,000","5,171,000,000","3,263,000,000","3,421,000,000","3,620,000,000","4,451,000,000","3,471,000,000","3,691,000,000","3,289,000,000","4,010,000,000","3,264,000,000","3,621,000,000","3,508,000,000","4,038,000,000","3,322,000,000","3,402,000,000","2,396,000,000","3,145,000,000","2,459,000,000","2,877,000,000","2,917,000,000","3,867,000,000","4,477,000,000","5,394,000,000","4,361,000,000","6,812,000,000","5,086,000,000","5,399,000,000","4,510,000,000","6,711,000,000","5,059,000,000","4,854,000,000","4,042,000,000","4,986,000,000","4,677,000,000","4,647,000,000","3,965,000,000","5,378,000,000","4,051,000,000","3,924,000,000","3,240,000,000","4,560,000,000","4,021,000,000","3,794,000,000","3,214,000,000","3,102,000,000","4,087,000,000","4,426,000,000","3,518,000,000","3,933,000,000","3,281,000,000","3,897,000,000","3,017,000,000","3,585,000,000","3,180,000,000","3,378,000,000","2,592,000,000","3,089,000,000","2,653,000,000","2,820,000,000","2,155,000,000","2,671,000,000","2,284,000,000","2,450,000,000","1,891,000,000","2,350,000,000","2,014,000,000","2,162,000,000","1,677,000,000","2,067,000,000","1,788,000,000","1,908,000,000","1,517,000,000","1,865,000,000","1,610,000,000","1,726,000,000","1,372,000,000","1,957,000,000","1,368,000,000","1,522,000,000","1,068,000,000","1,477,000,000","1,206,000,000","656,000,000","1,085,000,000","921,000,000","1,110,000,000","1,216,000,000","1,058,000,000","1,263,000,000","1,042,000,000","1,131,000,000","999,000,000","1,239,000,000","1,026,000,000","1,088,000,000","950,000,000","1,173,000,000","945,000,000","972,000,000","849,000,000","1,011,000,000","815,000,000","835,000,000","725,000,000","353,000,000","703,000,000","720,000,000","343,000,000","730,000,000","604,000,000","612,000,000","537,000,000","660,000,000","575,000,000"
			NetIncomeDiscontinuousOperations,"-3,195,000,000","-339,000,000","602,000,000","-564,000,000","-2,894,000,000","81,000,000","-35,000,000","7,000,000","-178,000,000","-123,000,000","-8,093,000,000","231,000,000","2,592,000,000","-92,000,000","39,000,000","-121,000,000","-1,553,000,000","181,000,000","-106,000,000","-146,000,000","-239,000,000","0","-105,000,000","-541,000,000","-308,000,000","2,841,000,000","-347,000,000","-3,750,000,000","-2,202,000,000","-140,000,000","57,000,000","-41,000,000","12,000,000","-1,807,000,000","-82,000,000","-122,000,000","-109,000,000","-305,000,000","37,000,000","-553,000,000","-217,000,000","-197,000,000","1,000,000","217,000,000","19,000,000","704,000,000","-1,105,000,000","-188,000,000","-390,000,000","-18,000,000","40,000,000","-194,000,000","-21,000,000","-145,000,000","-165,000,000","-322,000,000","-57,000,000","-125,000,000","453,000,000","21,000,000","-2,000,000","-3,000,000","-95,000,000","-2,000,000","263,000,000",,,,,,,,,,,,,,,,,,,,,,,,,,,,,,,,,,,,,,,,,,,,,,,,,"0",,"678,000,000","75,000,000",,,,,,,,,,,,,,,,,,,,,,,,,,,,,,
			NetIncomeExtraordinary,,,,,,,,,,,,,,,,,,,,,,,,,,,,,,,,,,,,,,,,,,,,,,,,,,,,,,,,,,,,,,,,,,,,,,"0","0","0","0","0","-372,000,000","0","-215,000,000","0","0","0","-1,015,000,000","0","0","0","-444,000,000",,,,,,,,,,,,,,,,,,,,,,,,,,,,,"0",,,,,,,,,,,,,,,,,,,,,,,,,,,,,,,,,
		MinorityInterests,"71,000,000","-1,000,000","73,000,000","3,000,000","-5,000,000","-3,000,000","51,000,000","145,000,000","-34,000,000","7,000,000","-40,000,000","23,000,000","-57,000,000","-99,000,000","90,000,000","132,000,000","-34,000,000","39,000,000","142,000,000","14,000,000","76,000,000","8,000,000","76,000,000","86,000,000","121,000,000","-103,000,000","-39,000,000","-225,000,000","35,000,000","-187,000,000","28,000,000","0","47,000,000","-158,000,000","10,000,000","-166,000,000","16,000,000","-135,000,000","-17,000,000","-33,000,000","-38,000,000","-83,000,000","-41,000,000","-74,000,000","-94,000,000","-207,000,000","-162,000,000","-105,000,000","-61,000,000","-114,000,000","-5,000,000","-12,000,000","-85,000,000",,,,,,,,,,,,,,,,,,,,,,,,,,,,,,,,,,,,,"-111,000,000","-92,000,000","-108,000,000","-54,000,000","-80,000,000","-68,000,000","-61,000,000","-56,000,000","-66,000,000","-67,000,000","-52,000,000","-55,000,000","-81,000,000","-67,000,000","-61,000,000","-60,000,000","-79,000,000","-40,000,000","-46,000,000","-39,000,000","-50,000,000","-33,000,000","-56,000,000","-31,000,000","-40,000,000","-62,000,000","-29,000,000","-20,000,000","-14,000,000","-9,000,000","-18,000,000","-12,000,000","-26,000,000",,"-19,000,000","-27,000,000","-32,000,000","-16,000,000","-20,000,000","-14,000,000","-28,000,000","-20,000,000","-23,000,000",,,,,,,,,,,,,,,
	PreferredStockDividends,"237,000,000","57,000,000","52,000,000","57,000,000","72,000,000","194,000,000","46,000,000","192,000,000","43,000,000","190,000,000","42,000,000","188,000,000","40,000,000","187,000,000","39,000,000","185,000,000","37,000,000","184,000,000","36,000,000","182,000,000","34,000,000","182,000,000","33,000,000","152,000,000","289,000,000","18,000,000",,,,,,,,,,,,,,,,"0","881,000,000","75,000,000","75,000,000","75,000,000","75,000,000","75,000,000","75,000,000","75,000,000","75,000,000","75,000,000","75,000,000",,,,,,,,,,,,,,,,,,,,,,,,,,,,,,,,,,,,,,,,,,,,,,,,,,,,,,,,,,,,,,,,,,,,,,,,,,,,,,,,,,,,,,,,,,,,,,
	OtherunderPreferredStockDividend,,,,,,,,,,,,,,,"4,000,000","0",,"7,000,000","6,000,000","6,000,000","6,000,000","2,000,000","3,000,000","3,000,000","4,000,000","-18,000,000","4,000,000","-3,000,000","3,000,000","7,000,000","5,000,000","4,000,000","4,000,000","4,000,000","4,000,000","4,000,000","5,000,000",,,,,,,,,,,,,,,,,,,,,,,,,,,,,,,,,,,,,,,,,,,,,,,,,,,,,,,,,,,,,,,,,,,,,,,,,,,,,,,,,,,,,,,,,,,,,,,,,,,,,,,,,,,,,,
AverageDilutionEarnings,,,,,,,,,,,,,,,,"-1,000,000",,"-1,000,000","0","0","0","-6,000,000","0","-3,000,000","0","0","1,000,000","0","0","0","0","0","0","-12,000,000","-10,000,000","0","0",,,,,,,,,,,,,,,,,,,,,,,,,,,,,,,,,,,,,"0","0","1,000,000","3,000,000","3,000,000","3,000,000","3,000,000","3,000,000","3,000,000","3,000,000","3,000,000","3,000,000","3,000,000","3,000,000","2,000,000",,,,,,,,,,,,,,,,,,,,,,,,,,,,,,,,,,,,,,,,,,,,,,,,,,,,,,,,,,,
DilutedNIAvailtoComStockholders,"-6,757,000,000","-3,900,000,000","1,205,000,000","-1,188,000,000","-2,874,000,000","2,443,000,000","-1,190,000,000","-2,179,000,000","6,156,000,000","538,000,000","-9,465,000,000","-61,000,000","3,549,000,000","574,000,000","-22,812,000,000","614,000,000","-1,184,000,000","-9,834,000,000","1,794,000,000","1,179,000,000","613,000,000","3,477,000,000","1,991,000,000","2,732,000,000","-102,000,000","6,301,000,000","2,503,000,000","-1,357,000,000","-13,576,000,000","5,145,000,000","3,532,000,000","3,541,000,000","2,995,000,000","3,190,000,000","3,177,000,000","3,129,000,000","3,522,000,000","3,993,000,000","3,491,000,000","3,105,000,000","3,034,000,000","3,708,000,000","2,343,000,000","3,689,000,000","3,358,000,000","4,460,000,000","1,980,000,000","3,034,000,000","1,870,000,000","2,938,000,000","2,419,000,000","2,596,000,000","2,736,000,000","3,647,000,000","4,312,000,000","5,072,000,000","4,304,000,000","6,687,000,000","5,539,000,000","5,420,000,000","4,508,000,000","6,708,000,000","4,964,000,000","4,852,000,000","4,305,000,000","3,064,000,000","4,677,000,000","4,647,000,000","3,965,000,000","5,378,000,000","4,051,000,000","3,924,000,000","3,240,000,000","4,560,000,000","3,649,000,000","3,795,000,000","3,002,000,000","3,105,000,000","4,090,000,000","4,429,000,000","2,506,000,000","3,936,000,000","3,284,000,000","3,900,000,000","2,576,000,000","3,588,000,000","3,183,000,000","3,380,000,000","2,592,000,000","3,089,000,000","2,653,000,000","2,820,000,000","2,155,000,000","2,671,000,000","2,284,000,000","2,450,000,000","1,891,000,000","2,350,000,000","2,014,000,000","2,162,000,000","1,677,000,000","2,067,000,000","1,788,000,000","1,908,000,000","1,517,000,000","1,865,000,000","1,610,000,000","1,726,000,000","1,372,000,000","768,000,000","1,368,000,000","1,522,000,000","1,068,000,000","1,477,000,000","1,206,000,000","1,334,000,000","1,160,000,000","1,341,000,000","1,110,000,000","1,216,000,000","1,058,000,000","-536,000,000","1,042,000,000","1,131,000,000","999,000,000","1,239,000,000","1,026,000,000","1,088,000,000","950,000,000","1,173,000,000","945,000,000","972,000,000",,,,,,,,,,,,,,,
BasicEPS,,"-3.55","1.09","-1.12","-2.64","2.24","-1.12","-2.08","5.6","0.48","-8.64","-0.08","3.28","0.56","-20.96","0.56","-1.12","-9.04","1.68","1.12","0.56","3.2","1.76","2.4","-0.08","5.12","2","-1.04","-10.8","4.08","2.8","2.8","2.4","3.36","2.48","2.4","2.72","3.04","5.28","2.32","2.32","2.8","1.76","2.8","2.56","3.36","1.44","2.24","1.36",,"1.84","1.92","2.08",,"3.44","4.08","3.44",,"4.32","4.24","3.52",,"3.84","3.76","3.28",,"3.52","3.52","2.96",,"3.04","3.04","2.56",,"2.88","3.04","2.4",,"3.28","3.6","2",,"2.64","3.12","2.08",,"2.56","2.72","2.08",,"2.16","6.88","1.76",,"1.84","2","1.52",,"1.68","1.76","1.36",,"1.44","1.52","1.2",,"1.28","1.36","1.12",,"1.04","1.2","0.8",,"0.96","1.12","0.96",,"0.88","0.96","0.8",,"0.8","0.88","0.8",,"0.8","0.8","0.72",,"0.72","0.72","0.64",,"0.64","0.64","0.56",,"0.56","0.56","0.24",,"0.48","0.48","0.4",,"0.4"
DilutedEPS,,"-3.55","1.08","-1.12","-2.64","2.16","-1.12","-2.08","5.6","0.48","-8.64","-0.08","3.2","0.56","-20.96","0.56","-1.12","-9.04","1.68","1.04","0.56","3.12","1.76","2.4","-0.08","5.12","2","-1.04","-10.8","4.08","2.8","2.8","2.4","3.28","2.48","2.4","2.72","3.04","5.28","2.32","2.32","2.8","1.76","2.8","2.48","3.36","1.44","2.24","1.36",,"1.84","1.92","2.08",,"3.44","4.08","3.44",,"4.32","4.24","3.52",,"3.84","3.76","3.28",,"3.52","3.52","2.96",,"3.04","3.04","2.56",,"2.88","3.04","2.4",,"3.28","3.6","2",,"2.64","3.12","2.08",,"2.56","2.72","2.08",,"2.16","6.8","1.76",,"1.84","2","1.52",,"1.6","1.76","1.36",,"1.44","1.52","1.2",,"1.28","1.36","1.12",,"1.04","1.2","0.8",,"0.96","1.12","0.96",,"0.88","0.96","0.8",,"0.8","0.88","0.8",,"0.8","0.8","0.72",,"0.72","0.72","0.64",,"0.64","0.64","0.56",,"0.56","0.56","0.24",,"0.48","0.48","0.4",,"0.4"
BasicAverageShares,,"1,099,000,000","1,098,000,000","1,097,500,000","1,096,500,000","1,095,250,000","1,094,500,000","1,093,750,000","1,092,750,000","1,092,000,000","1,090,125,000","1,090,500,000","1,088,875,000","1,087,500,000","1,086,750,000","1,086,000,000","1,085,375,000","1,086,946,903","1,083,125,000","1,083,875,000","1,089,250,000","1,099,375,000","1,113,000,000","1,134,875,000","1,161,000,000","1,218,125,000","1,262,875,000","1,260,875,000","1,258,375,000","1,256,250,000","1,254,875,000","1,253,875,000","1,255,625,000","1,261,250,000","1,268,875,000","1,282,875,000","1,296,750,000","1,305,875,000","1,315,375,000","1,321,750,000","1,322,625,000","1,320,750,000","1,322,500,000","1,325,500,000","1,326,375,000","1,329,500,000","1,334,250,000","1,335,625,000","1,333,875,000",,"1,329,750,000","1,326,125,000","1,320,500,000",,"1,244,125,000","1,244,750,000","1,247,250,000",,"1,272,125,000","1,283,500,000","1,285,500,000",,"1,289,625,000","1,295,250,000","1,305,250,000",,"1,323,125,000","1,325,500,000","1,324,625,000",,"1,320,750,000","1,298,375,000","1,267,375,000",,"1,253,875,000","1,251,000,000","1,247,875,000",,"1,243,875,000","1,242,750,000","1,241,375,000",,"1,241,625,000","1,242,000,000","1,241,750,000",,"1,238,250,000","1,236,500,000","1,233,750,000",,"1,231,231,250","1,230,105,125","1,228,228,250",,"1,241,304,348","1,225,000,000","1,244,078,947",,"1,198,809,524","1,228,409,091","1,233,088,235",,"1,241,666,667","1,255,263,158","1,264,166,667",,"1,257,812,500","1,269,117,647","1,225,000,000",,"1,315,384,615","1,268,333,333","1,335,000,000",,"1,256,250,000","1,191,071,429","1,208,333,333",,"1,261,363,636","1,266,666,667","1,322,500,000",,"1,302,500,000","1,285,227,273","1,248,750,000",,"1,282,500,000","1,360,000,000","1,319,444,444",,"1,312,500,000","1,350,000,000","1,355,785,285",,"1,355,785,285","1,355,785,285","1,374,396,396",,"1,372,496,997","1,369,147,147","1,372,597,597",,"1,371,213,213","1,369,297,297","1,369,297,297",,"1,368,192,192"
DilutedAverageShares,,"1,099,000,000","1,105,000,000","1,097,500,000","1,100,875,000","1,097,375,000","1,094,500,000","1,093,750,000","1,093,625,000","1,092,750,000","1,090,125,000","1,090,500,000","1,090,750,000","1,087,625,000","1,086,750,000","1,087,375,000","1,087,000,000","1,086,946,903","1,091,500,000","1,095,000,000","1,101,375,000","1,112,625,000","1,127,000,000","1,145,500,000","1,171,500,000","1,227,625,000","1,271,625,000","1,269,750,000","1,258,375,000","1,265,875,000","1,264,875,000","1,263,750,000","1,265,375,000","1,270,250,000","1,277,875,000","1,291,000,000","1,304,125,000","1,312,500,000","1,321,000,000","1,326,375,000","1,326,375,000","1,323,875,000","1,325,875,000","1,329,875,000","1,330,125,000","1,331,750,000","1,336,375,000","1,337,750,000","1,335,875,000",,"1,329,750,000","1,326,125,000","1,320,500,000",,"1,246,250,000","1,247,750,000","1,250,750,000",,"1,276,875,000","1,287,875,000","1,285,500,000",,"1,293,500,000","1,300,000,000","1,305,250,000",,"1,327,875,000","1,331,250,000","1,330,125,000",,"1,326,250,000","1,303,875,000","1,273,250,000",,"1,260,625,000","1,258,250,000","1,255,500,000",,"1,252,125,000","1,253,625,000","1,254,125,000",,"1,255,625,000","1,258,125,000","1,258,375,000",,"1,258,500,000","1,257,000,000","1,253,875,000",,"1,251,126,125","1,250,375,375","1,248,873,875",,"1,241,304,348","1,225,000,000","1,244,078,947",,"1,258,750,000","1,228,409,091","1,233,088,235",,"1,241,666,667","1,255,263,158","1,264,166,667",,"1,257,812,500","1,269,117,647","1,225,000,000",,"1,315,384,615","1,268,333,333","1,335,000,000",,"1,256,250,000","1,191,071,429","1,208,333,333",,"1,261,363,636","1,266,666,667","1,322,500,000",,"1,302,500,000","1,285,227,273","1,248,750,000",,"1,282,500,000","1,360,000,000","1,319,444,444",,"1,312,500,000","1,350,000,000","1,355,785,285",,"1,355,785,285","1,355,785,285","1,374,396,396",,"1,372,496,997","1,369,147,147","1,372,597,597",,"1,371,213,213","1,369,297,297","1,369,297,297",,"1,368,192,192"
TotalExpenses,"70,383,000,000","18,849,000,000","17,419,000,000","17,571,000,000","16,545,000,000","20,755,000,000","19,126,000,000","18,726,000,000","19,397,000,000","23,491,000,000","22,084,000,000","26,639,000,000","25,110,000,000","28,340,000,000","27,701,000,000","26,912,000,000","25,730,000,000","31,305,000,000","26,803,000,000","25,782,000,000","24,697,000,000","27,697,000,000","25,082,000,000","24,116,000,000","24,960,000,000","37,315,000,000","19,818,000,000","20,026,000,000","22,883,000,000","24,155,000,000","20,439,000,000","20,636,000,000","19,296,000,000","25,442,000,000","19,915,000,000","19,413,000,000","18,804,000,000","-8,146,000,000","29,344,000,000","29,105,000,000","27,898,000,000","-10,035,000,000","27,933,000,000","27,341,000,000","27,134,000,000","33,208,000,000","28,209,000,000","28,986,000,000","29,617,000,000","34,350,000,000","31,502,000,000","31,333,000,000","30,485,000,000","37,483,000,000","35,107,000,000","33,644,000,000","30,391,000,000","34,187,000,000","30,562,000,000","29,901,000,000","28,860,000,000","31,582,000,000","29,488,000,000","29,238,000,000","28,269,000,000","17,802,000,000","31,721,000,000","31,342,000,000","30,535,000,000","33,858,000,000","29,971,000,000","29,358,000,000","26,211,000,000","28,443,000,000","25,462,000,000","25,608,000,000","23,404,000,000","29,663,000,000","24,464,000,000","25,074,000,000","23,064,000,000","25,903,000,000","22,365,000,000","23,673,000,000","22,861,000,000","26,786,000,000","24,515,000,000","24,852,000,000","15,240,000,000","25,438,000,000","20,835,000,000","20,798,000,000","18,604,000,000","22,114,000,000","18,308,000,000","19,109,000,000","17,443,000,000","21,792,000,000","16,940,000,000","16,693,000,000","15,612,000,000","17,774,000,000","15,331,000,000","14,250,000,000","12,845,000,000","15,118,000,000","12,997,000,000","13,343,000,000","11,343,000,000","12,729,000,000","11,587,000,000","11,659,000,000","10,354,000,000","14,288,000,000","10,870,000,000","12,025,000,000","9,664,000,000","9,650,000,000","12,105,000,000","11,824,000,000","10,308,000,000","13,883,000,000","11,199,000,000","11,330,000,000","9,912,000,000","13,460,000,000","10,842,000,000","10,915,000,000","9,576,000,000","12,714,000,000","9,945,000,000","10,373,000,000",,,,,,,,,,,,,,,
NetIncomeFromContinuingAndDiscontinuedOperation,"-6,520,000,000","-3,843,000,000","1,257,000,000","-1,131,000,000","-2,802,000,000","2,636,000,000","-1,144,000,000","-1,987,000,000","6,199,000,000","728,000,000","-9,423,000,000","127,000,000","3,588,000,000","761,000,000","-22,769,000,000","800,000,000","-1,147,000,000","-9,642,000,000","1,836,000,000","1,367,000,000","653,000,000","3,667,000,000","2,027,000,000","2,890,000,000","191,000,000","6,301,000,000","2,506,000,000","-1,360,000,000","-13,573,000,000","5,152,000,000","3,537,000,000","3,545,000,000","2,999,000,000","3,206,000,000","3,191,000,000","3,133,000,000","3,527,000,000","4,011,000,000","3,491,000,000","3,105,000,000","3,034,000,000","3,730,000,000","3,224,000,000","3,764,000,000","3,433,000,000","4,535,000,000","2,055,000,000","3,109,000,000","1,945,000,000","3,013,000,000","2,494,000,000","2,671,000,000","2,811,000,000","3,722,000,000","4,312,000,000","5,072,000,000","4,304,000,000","6,687,000,000","5,539,000,000","5,420,000,000","4,508,000,000","6,708,000,000","4,964,000,000","4,852,000,000","4,305,000,000","3,064,000,000","4,677,000,000","4,647,000,000","3,965,000,000","5,378,000,000","4,051,000,000","3,924,000,000","3,240,000,000","4,560,000,000","4,021,000,000","3,794,000,000","3,214,000,000","3,102,000,000","4,087,000,000","4,426,000,000","3,518,000,000","3,933,000,000","3,281,000,000","3,897,000,000","3,017,000,000","3,585,000,000","3,180,000,000","3,378,000,000","2,592,000,000","3,089,000,000","2,653,000,000","2,820,000,000","2,155,000,000","2,671,000,000","2,284,000,000","2,450,000,000","1,891,000,000","2,350,000,000","2,014,000,000","2,162,000,000","1,677,000,000","2,067,000,000","1,788,000,000","1,908,000,000","1,517,000,000","1,865,000,000","1,610,000,000","1,726,000,000","1,372,000,000","768,000,000","1,368,000,000","1,522,000,000","1,068,000,000","1,477,000,000","1,206,000,000","1,334,000,000","1,160,000,000","1,341,000,000","1,110,000,000","1,216,000,000","1,058,000,000","1,263,000,000","1,042,000,000","1,131,000,000","999,000,000","1,239,000,000","1,026,000,000","1,088,000,000","950,000,000","1,173,000,000","945,000,000","972,000,000",,,,,,,,,,,,,,,
NormalizedIncome,"2,727,008,000","140,890,000","807,541,000","470,330,000","89,810,000","2,533,377,802.279","-1,123,658,000","-470,525,000","6,377,000,000","850,270,000","-614,420,000","439,120,000","996,000,000","2,130,500,000","-6,249,410,000","1,409,370,000","995,050,000","-1,793,611,759.105","2,417,090,000","2,163,430,000","1,513,320,000","4,084,600,000","2,809,844,000","4,110,000,000","884,200,000","3,851,800,000","3,453,243,168.56","2,871,691,320.123","-11,001,400,000","5,839,990,129.956","4,063,709,833.972","4,210,442,000","3,514,620,000","5,438,100,000","3,880,488,000","3,884,979,000","4,217,451,000","4,316,000,000","3,454,000,000","3,658,000,000","3,251,000,000","3,927,000,000","3,223,000,000","3,547,000,000","3,414,000,000","3,831,000,000","3,160,000,000","3,297,000,000","2,335,000,000","3,031,000,000","2,454,000,000","2,865,000,000","2,832,000,000","3,957,350,000","4,616,236,842.105","5,548,186,111.543","4,497,123,699.422","7,064,097,637.795","5,255,384,750.219","5,579,799,845.679","4,692,331,548.828","6,901,186,783.46","5,239,979,201.331","5,047,534,102.477","4,236,224,914.193","4,846,531,468.531","4,955,864,474.34","5,008,547,858.727","4,209,945,087.272","5,723,506,523.534","4,265,132,246.021","4,078,807,594.937","3,447,967,787.778","4,868,676,923.077","4,241,683,789.063","3,848,524,550.898","3,266,948,929.16","3,147,600,000","4,152,218,085.106","4,497,043,338.684","3,571,398,841.622","3,996,257,527.586","3,324,955,267.938","3,968,615,174.672","3,086,091,603.053","3,672,334,265.176","3,257,218,543.046","3,444,884,262.094","2,592,000,000","2,807,736,579.841","2,591,851,754.845","2,679,000,000","2,086,576,757.09","2,537,045,191.513","2,177,829,949.985","2,351,556,310.13","1,782,664,837.05","657,069,306.931","1,883,905,726.257","2,070,327,452.801","1,572,801,875.733","1,964,874,111.675","1,681,965,900.667","1,796,952,380.952","1,407,707,937.877","1,721,914,296.407","1,482,168,825.742","1,606,712,741.313","1,254,701,248.799","1,783,395,161.29","1,233,882,352.941","1,400,458,501.57","954,727,272.727","1,338,797,024.952","1,086,662,827.225","525,202,453.988","979,410,480.349","829,045,958.796","896,852,760.736","1,081,259,462.425","950,706,033.376","1,119,186,020.293","845,215,737.705","1,012,344,451.183","868,754,032.258","1,029,570,921.986","914,478,260.87","994,218,613.367","834,515,195.369","1,025,589,041.096","838,251,267.198","901,718,004.338",,,,,,,,,,,,,,,
InterestIncome,"2,270,000,000","747,000,000","482,000,000","602,000,000","439,000,000",,,"1,955,000,000",,,,,,,,,,,,,,,,,,,,,,,,,,,,,,,,,,,,,,,,,,,,,,,,,,,,,,,,,,,,,,,,,,,,,,,,,,,,,,,,,,,,,,,,,,,,,,,,,,,,,,,,,,,,,,,,,,,,,,,,,,,,,,,,,,,,,,,,,,,
InterestExpense,"1,876,000,000","426,000,000","462,000,000","488,000,000","500,000,000","-1,976,000,000","1,327,000,000","997,000,000","794,000,000","955,000,000","1,279,000,000","991,000,000","1,133,000,000","1,252,000,000","1,227,000,000","1,295,000,000","1,285,000,000","1,324,000,000","1,232,000,000","1,174,000,000","1,139,000,000","1,001,000,000","961,000,000","1,326,000,000","1,736,000,000","-513,000,000","1,462,000,000","1,286,000,000","1,930,000,000","2,366,000,000","2,357,000,000","2,345,000,000","2,414,000,000","2,416,000,000","2,462,000,000","2,617,000,000","2,621,000,000","2,960,000,000","2,979,000,000","3,211,000,000","3,358,000,000","3,236,000,000","3,735,000,000","3,773,000,000","3,879,000,000","3,612,000,000","4,039,000,000","4,171,000,000","4,161,000,000","4,467,000,000","4,322,000,000","4,653,000,000","5,327,000,000","6,106,000,000","6,955,000,000","6,626,000,000","6,530,000,000","6,487,000,000","6,077,000,000","5,718,000,000","5,699,000,000","5,249,000,000","5,143,000,000","4,533,000,000","4,361,000,000","3,687,000,000","3,826,000,000","3,897,000,000","3,777,000,000","3,404,000,000","2,943,000,000","2,750,000,000","2,646,000,000","2,622,000,000","2,531,000,000","2,683,000,000","2,596,000,000","2,626,000,000","2,773,000,000","2,443,000,000","2,374,000,000","2,639,000,000","2,640,000,000","2,707,000,000","3,076,000,000","3,065,000,000","2,859,000,000","3,014,000,000","2,782,000,000",,,,,,,,,,,,,,,,,,,,,,,,,,,,,,,,,,,,,,,,,,,,,,,,,,,,,,,,,,
NetInterestIncome,"394,000,000","321,000,000","20,000,000","114,000,000","-61,000,000","1,976,000,000","-1,327,000,000","958,000,000","-794,000,000","265,000,000","-1,279,000,000","-991,000,000","-1,133,000,000","-583,000,000","-1,227,000,000","-1,295,000,000","-1,285,000,000","-1,324,000,000","-1,232,000,000","-1,174,000,000","-1,139,000,000","-1,001,000,000","-961,000,000","-1,326,000,000","-1,736,000,000","513,000,000","-1,462,000,000","-1,286,000,000","-1,930,000,000","-2,366,000,000","-2,357,000,000","-2,345,000,000","-2,414,000,000","-2,416,000,000","-2,462,000,000","-2,617,000,000","-2,621,000,000","-2,960,000,000","-2,979,000,000","-3,211,000,000","-3,358,000,000","-3,236,000,000","-3,735,000,000","-3,773,000,000","-3,879,000,000","-3,612,000,000","-4,039,000,000","-4,171,000,000","-4,161,000,000","-4,467,000,000","-4,322,000,000","-4,653,000,000","-5,327,000,000","-6,106,000,000","-6,955,000,000","-6,626,000,000","-6,530,000,000","-6,487,000,000","-6,077,000,000","-5,718,000,000","-5,699,000,000","-5,249,000,000","-5,143,000,000","-4,533,000,000","-4,361,000,000","-3,687,000,000","-3,826,000,000","-3,897,000,000","-3,777,000,000","-3,404,000,000","-2,943,000,000","-2,750,000,000","-2,646,000,000","-2,622,000,000","-2,531,000,000","-2,683,000,000","-2,596,000,000","-2,626,000,000","-2,773,000,000","-2,443,000,000","-2,374,000,000","-2,639,000,000","-2,640,000,000","-2,707,000,000","-3,076,000,000","-3,065,000,000","-2,859,000,000","-3,014,000,000","-2,782,000,000",,,,,,,,,,,,,,,,,,,,,,,,,,,,,,,,,,,,,,,,,,,,,,,,,,,,,,,,,,
EBIT,"-1,807,000,000","-3,041,000,000","1,046,000,000","-549,000,000","738,000,000","745,000,000","-333,000,000","-1,342,000,000","7,269,000,000","2,526,000,000","30,000,000","717,000,000","2,408,000,000","2,110,000,000","-21,509,000,000","2,626,000,000","1,698,000,000","-11,279,000,000","2,698,000,000","2,689,000,000","1,971,000,000","3,894,000,000","3,035,000,000","5,150,000,000","1,974,000,000","2,069,000,000","4,719,000,000","4,869,000,000","-3,018,000,000","8,445,000,000","6,272,000,000","6,124,000,000","5,870,000,000","7,104,000,000","6,070,000,000","6,346,000,000","6,747,000,000","8,229,000,000","7,005,000,000","7,396,000,000","7,284,000,000","7,712,000,000","7,434,000,000","8,284,000,000","11,314,000,000","7,066,000,000","7,679,000,000","8,458,000,000","6,988,000,000","7,088,000,000","6,297,000,000","7,749,000,000","7,926,000,000","8,591,000,000","11,971,000,000","13,063,000,000","11,720,000,000","14,107,000,000","11,782,000,000","12,198,000,000","11,116,000,000","13,012,000,000","11,153,000,000","10,427,000,000","9,314,000,000","8,835,000,000","9,847,000,000","9,758,000,000","8,876,000,000","9,459,000,000","8,032,000,000","7,490,000,000","6,868,000,000","8,147,000,000","7,651,000,000","7,693,000,000","6,845,000,000","5,639,000,000","8,037,000,000","8,050,000,000","7,381,000,000","7,986,000,000","7,044,000,000","8,203,000,000","7,530,000,000","8,073,000,000","7,389,000,000","7,913,000,000","6,791,000,000","7,015,000,000","6,277,000,000","6,407,000,000","5,458,000,000","6,341,000,000","5,670,000,000","5,819,000,000","5,016,000,000","3,084,000,000","4,866,000,000","5,167,000,000","4,386,000,000","5,074,000,000","4,530,000,000","4,651,000,000","4,086,000,000","4,429,000,000","4,154,000,000","4,287,000,000","3,605,000,000","585,000,000","4,376,000,000","4,359,000,000","3,667,000,000","3,604,000,000","3,799,000,000","2,541,000,000","3,036,000,000","2,932,000,000","3,032,000,000","3,364,000,000","3,059,000,000","3,466,000,000","3,091,000,000","3,271,000,000","3,227,000,000","3,507,000,000","3,208,000,000","3,299,000,000","2,855,000,000","3,236,000,000","2,883,000,000","3,058,000,000","11,900,000,000","-28,223,000,000","9,306,000,000","9,245,000,000","7,975,000,000","-23,600,000,000","9,404,000,000","9,560,000,000","8,315,000,000","-19,883,000,000","9,278,000,000","7,790,000,000","5,880,000,000","-16,625,000,000","6,520,000,000"
EBITDA,"1,202,000,000"
ReconciledCostOfRevenue,"53,896,000,000","14,338,000,000","13,402,000,000","13,618,000,000","12,538,000,000","14,367,000,000","15,275,000,000","15,083,000,000","15,696,000,000","19,080,000,000","17,328,000,000","21,817,000,000","20,353,000,000","25,876,000,000","22,846,000,000","22,424,000,000","21,526,000,000","25,688,000,000","24,094,000,000","21,793,000,000","20,359,000,000","23,773,000,000","20,966,000,000","22,383,000,000","20,361,000,000","25,255,000,000","19,249,000,000","20,023,000,000","18,166,000,000","23,043,000,000","19,740,000,000","20,006,000,000","18,522,000,000","21,880,000,000","19,457,000,000","18,488,000,000","17,316,000,000","18,733,000,000","18,509,000,000","19,199,000,000","17,869,000,000","17,463,000,000","16,615,000,000","17,500,000,000","16,699,000,000","20,379,000,000","16,626,000,000","17,196,000,000","17,512,000,000","20,503,000,000","18,548,000,000","18,804,000,000","18,066,000,000","22,913,000,000","22,137,000,000","20,729,000,000","17,993,000,000","21,516,000,000","18,258,000,000","17,507,000,000","16,851,000,000","19,838,000,000","18,468,000,000","18,143,000,000","17,661,000,000","18,675,000,000","16,001,000,000","16,596,000,000","15,542,000,000","18,089,000,000","15,927,000,000","15,125,000,000","12,618,000,000","15,211,000,000","12,289,000,000","12,425,000,000","11,281,000,000","14,404,000,000","12,240,000,000","13,865,000,000","12,347,000,000","12,854,000,000","11,741,000,000","12,709,000,000","11,793,000,000","13,697,000,000","13,059,000,000","13,207,000,000","11,860,000,000","12,203,000,000","9,522,000,000","9,488,000,000","8,054,000,000","9,447,000,000","8,907,000,000","9,678,000,000","8,388,000,000","14,476,000,000","7,248,000,000","7,715,000,000","6,567,000,000","8,558,000,000","7,415,000,000","7,072,000,000","6,041,000,000","8,036,000,000","6,423,000,000","7,090,000,000","5,827,000,000","7,908,000,000","6,122,000,000","6,489,000,000","5,236,000,000","11,891,000,000","9,073,000,000","7,062,000,000","5,178,000,000","4,821,000,000","7,264,000,000","7,378,000,000","6,099,000,000","9,757,000,000","7,019,000,000","7,089,000,000","5,875,000,000","8,961,000,000","6,895,000,000","6,993,000,000","6,027,000,000","8,370,000,000","6,544,000,000","7,195,000,000",,,,,,,,,,,,,,,
ReconciledDepreciation,"3,009,000,000","759,000,000","726,000,000","771,000,000","753,000,000","1,287,000,000","1,802,000,000","1,598,000,000","1,331,000,000","1,406,000,000","791,000,000","1,686,000,000","1,712,000,000","1,876,000,000","2,482,000,000","1,953,000,000","1,913,000,000","1,424,000,000","1,397,000,000","1,125,000,000","1,193,000,000","1,356,000,000","3,641,000,000","1,295,000,000","1,210,000,000","1,244,000,000","3,554,000,000","-141,000,000","2,466,000,000","2,288,000,000","2,494,000,000","2,226,000,000","2,275,000,000","2,607,000,000","2,578,000,000","2,267,000,000","2,310,000,000","2,532,000,000","2,321,000,000","2,230,000,000","2,263,000,000","2,241,000,000","2,350,000,000","2,302,000,000","2,292,000,000","2,536,000,000","2,621,000,000","2,381,000,000","2,475,000,000","2,743,000,000","2,658,000,000","2,504,000,000","2,731,000,000","3,276,000,000","2,860,000,000","2,674,000,000","2,682,000,000","2,846,000,000","2,568,000,000","2,279,000,000","2,585,000,000","2,486,000,000","2,294,000,000","2,246,000,000","2,132,000,000","2,031,000,000","2,225,000,000","1,994,000,000","2,288,000,000","2,227,000,000","2,104,000,000","2,057,000,000","1,997,000,000","1,832,000,000","1,741,000,000","1,855,000,000","1,528,000,000","1,709,000,000","1,559,000,000","1,427,000,000","1,303,000,000","1,818,000,000","1,883,000,000","1,740,000,000","1,648,000,000","1,977,000,000","1,866,000,000","1,918,000,000","1,975,000,000","1,834,000,000","1,675,000,000","1,669,000,000","1,513,000,000","2,625,000,000","1,152,000,000","1,006,000,000","1,077,000,000","1,102,000,000","1,049,000,000","979,000,000","952,000,000","989,000,000","972,000,000","932,000,000","892,000,000","978,000,000","859,000,000","895,000,000","862,000,000","883,000,000","803,000,000","787,000,000","734,000,000","1,031,000,000","788,000,000","734,000,000","708,000,000","671,000,000","787,000,000","647,000,000","713,000,000","774,000,000","705,000,000","668,000,000","685,000,000","643,000,000","674,000,000","571,000,000","620,000,000","552,000,000","568,000,000",,,,,,,,,,,,,,,,
NetIncomeFromContinuingOperationNetMinorityInterest,"-3,325,000,000","-3,504,000,000","655,000,000","-567,000,000","92,000,000","2,555,000,000","-1,109,000,000","-1,994,000,000","6,377,000,000","851,000,000","-1,330,000,000","-104,000,000","996,000,000","853,000,000","-22,808,000,000","921,000,000","406,000,000","-9,823,000,000","1,942,000,000","1,513,000,000","892,000,000","3,667,000,000","2,132,000,000","3,431,000,000","499,000,000","3,460,000,000","2,853,000,000","2,390,000,000","-11,371,000,000","5,292,000,000","3,480,000,000","3,586,000,000","2,987,000,000","5,013,000,000","3,273,000,000","3,255,000,000","3,636,000,000","4,316,000,000","3,454,000,000","3,658,000,000","3,251,000,000","3,927,000,000","3,223,000,000","3,547,000,000","3,414,000,000","3,831,000,000","3,160,000,000","3,297,000,000","2,335,000,000","3,031,000,000","2,454,000,000","2,865,000,000","2,832,000,000","3,867,000,000","4,477,000,000","5,394,000,000","4,361,000,000","6,812,000,000","5,086,000,000","5,399,000,000","4,510,000,000","6,711,000,000","5,059,000,000","4,854,000,000","4,042,000,000","4,986,000,000","4,677,000,000","4,647,000,000","3,965,000,000","5,378,000,000","4,051,000,000","3,924,000,000","3,240,000,000","4,560,000,000","4,021,000,000","3,794,000,000","3,214,000,000","3,102,000,000","4,087,000,000","4,426,000,000","3,518,000,000","3,933,000,000","3,281,000,000","3,897,000,000","3,017,000,000","3,585,000,000","3,180,000,000","3,378,000,000","2,592,000,000","3,089,000,000","2,653,000,000","2,820,000,000","2,155,000,000","2,671,000,000","2,284,000,000","2,450,000,000","1,891,000,000","2,350,000,000","2,014,000,000","2,162,000,000","1,677,000,000","2,067,000,000","1,788,000,000","1,908,000,000","1,517,000,000","1,865,000,000","1,610,000,000","1,726,000,000","1,372,000,000","1,957,000,000","1,368,000,000","1,522,000,000","1,068,000,000","1,477,000,000","1,206,000,000","656,000,000","1,085,000,000","921,000,000","1,110,000,000","1,216,000,000","1,058,000,000","1,263,000,000","1,042,000,000","1,131,000,000","999,000,000","1,239,000,000","1,026,000,000","1,088,000,000","950,000,000","1,173,000,000","945,000,000","972,000,000",,,,,,,,,,,,,,,
TotalUnusualItemsExcludingGoodwill,"-6,564,000,000","-4,993,000,000","-153,000,000","-1,421,000,000","3,000,000","23,000,000","21,000,000","-1,665,000,000",,"1,000,000","-740,000,000","-744,000,000",,"-1,750,000,000","-22,683,000,000","-669,000,000","-630,000,000","-10,260,000,000","-617,000,000","-657,000,000","-634,000,000","-696,000,000","-684,000,000","-776,000,000","-642,000,000","-653,000,000","-676,000,000","-660,000,000","-616,000,000","-608,000,000","-662,000,000","-658,000,000","-620,000,000","-654,000,000","-672,000,000","-687,000,000","-663,000,000","-702,000,000",,,,,,,,,,,,,,,,"-139,000,000","-156,000,000","-184,000,000","-162,000,000","-282,000,000","-190,000,000","-217,000,000","-219,000,000","-220,000,000","-215,000,000","-235,000,000","-238,000,000","144,000,000","-359,000,000","-456,000,000","-315,000,000","-389,000,000","-269,000,000","-187,000,000","-271,000,000","-374,000,000","-281,000,000","-72,000,000","-70,000,000","-76,000,000","-84,000,000","-90,000,000","-76,000,000","-86,000,000","-59,000,000","-101,000,000","-102,000,000","-122,000,000","-110,000,000","-97,000,000",,"402,000,000","88,000,000","205,000,000","103,000,000","182,000,000","158,000,000","142,000,000","167,000,000","1,819,000,000","185,000,000","137,000,000","159,000,000","146,000,000","160,000,000","165,000,000","167,000,000","205,000,000","190,000,000","179,000,000","178,000,000","264,000,000","190,000,000","178,000,000","161,000,000","195,000,000","189,000,000","195,000,000","156,000,000","126,000,000","313,000,000","202,000,000","158,000,000","202,000,000","288,000,000","173,000,000","194,000,000","286,000,000","160,000,000","138,000,000","168,000,000","211,000,000","156,000,000","100,000,000",,,,,,,,,,,,,,,
TotalUnusualItems,"-6,564,000,000","-4,993,000,000","-153,000,000","-1,421,000,000","3,000,000","23,000,000","21,000,000","-1,665,000,000",,"1,000,000","-740,000,000","-744,000,000",,"-1,750,000,000","-22,683,000,000","-669,000,000","-630,000,000","-10,260,000,000","-617,000,000","-657,000,000","-634,000,000","-696,000,000","-684,000,000","-776,000,000","-642,000,000","-653,000,000","-676,000,000","-660,000,000","-616,000,000","-608,000,000","-662,000,000","-658,000,000","-620,000,000","-654,000,000","-672,000,000","-687,000,000","-663,000,000","-702,000,000",,,,,,,,,,,,,,,,"-139,000,000","-156,000,000","-184,000,000","-162,000,000","-282,000,000","-190,000,000","-217,000,000","-219,000,000","-220,000,000","-215,000,000","-235,000,000","-238,000,000","144,000,000","-359,000,000","-456,000,000","-315,000,000","-389,000,000","-269,000,000","-187,000,000","-271,000,000","-374,000,000","-281,000,000","-72,000,000","-70,000,000","-76,000,000","-84,000,000","-90,000,000","-76,000,000","-86,000,000","-59,000,000","-101,000,000","-102,000,000","-122,000,000","-110,000,000","-97,000,000",,"402,000,000","88,000,000","205,000,000","103,000,000","182,000,000","158,000,000","142,000,000","167,000,000","1,819,000,000","185,000,000","137,000,000","159,000,000","146,000,000","160,000,000","165,000,000","167,000,000","205,000,000","190,000,000","179,000,000","178,000,000","264,000,000","190,000,000","178,000,000","161,000,000","195,000,000","189,000,000","195,000,000","156,000,000","126,000,000","313,000,000","202,000,000","158,000,000","202,000,000","288,000,000","173,000,000","194,000,000","286,000,000","160,000,000","138,000,000","168,000,000","211,000,000","156,000,000","100,000,000",,,,,,,,,,,,,,,
NormalizedEBITDA,"7,766,000,000","2,711,000,000","1,925,000,000","1,643,000,000","1,488,000,000","2,009,000,000","1,448,000,000","1,921,000,000","8,600,000,000","3,931,000,000","1,561,000,000","3,147,000,000","4,120,000,000","5,736,000,000","3,656,000,000","5,248,000,000","4,241,000,000","405,000,000","4,712,000,000","4,471,000,000","3,798,000,000","5,946,000,000","7,360,000,000","7,221,000,000","3,826,000,000","3,966,000,000","8,949,000,000","5,529,000,000","64,000,000","11,341,000,000","9,428,000,000","9,008,000,000","8,765,000,000","10,365,000,000","9,320,000,000","9,300,000,000","9,720,000,000","10,761,000,000","9,326,000,000","9,626,000,000","9,547,000,000","9,953,000,000","9,784,000,000","10,586,000,000","13,606,000,000","9,602,000,000","10,300,000,000","10,839,000,000","9,463,000,000","9,831,000,000","8,955,000,000","10,253,000,000","10,657,000,000","12,006,000,000","14,987,000,000","15,921,000,000","14,564,000,000","17,235,000,000","14,540,000,000","14,694,000,000","13,920,000,000","15,718,000,000","13,662,000,000","12,908,000,000","11,684,000,000","10,722,000,000","12,431,000,000","12,208,000,000","11,479,000,000","12,075,000,000","10,405,000,000","9,734,000,000","9,136,000,000","10,353,000,000","9,673,000,000","9,620,000,000","8,443,000,000","7,424,000,000","9,680,000,000","9,567,000,000","8,760,000,000","9,890,000,000","8,986,000,000","10,044,000,000","9,280,000,000","10,172,000,000","9,365,000,000","9,928,000,000","8,766,000,000","8,447,000,000","7,864,000,000","7,871,000,000","6,868,000,000","8,784,000,000","6,664,000,000","6,683,000,000","5,926,000,000","2,367,000,000","5,730,000,000","6,009,000,000","5,179,000,000","5,917,000,000","5,342,000,000","5,418,000,000","4,811,000,000","5,202,000,000","4,823,000,000","5,003,000,000","4,289,000,000","1,204,000,000","4,989,000,000","4,968,000,000","4,240,000,000","4,440,000,000","4,398,000,000","3,080,000,000","3,588,000,000","3,477,000,000","3,506,000,000","3,809,000,000","3,614,000,000","4,038,000,000","3,508,000,000","3,766,000,000","3,718,000,000","3,864,000,000","3,722,000,000","3,732,000,000","3,307,000,000","3,577,000,000","3,295,000,000","2,958,000,000","11,900,000,000","-28,223,000,000","9,306,000,000","9,245,000,000","7,975,000,000","-23,600,000,000","9,404,000,000","9,560,000,000","8,315,000,000","-19,883,000,000","9,278,000,000","7,790,000,000","5,880,000,000","-16,625,000,000","6,520,000,000"
TaxRateForCalcs,"0.078","0.27","0.003","0.27","0.27","0.06","0.302","0.085","0.01","0.27","0.033","0.27","0.174","0.27","0.27","0.27","0.065","0.217","0.23","0.01","0.02","0.4","0.009","0.125","0.4","0.4","0.112","0.27","0.4","0.099","0.118","0.051","0.149","0.35","0.096","0.083","0.123","0.155","0.138","0.118","0.162","0.104","0.118","0.197","0.35","0.35","0.087","0.206","0.152","0.35","0.35","0.071","0.35","0.35","0.107","0.162","0.16","0.106","0.109","0.167","0.167","0.136","0.158","0.176","0.184","0.031","0.223","0.207","0.222","0.112","0.204","0.172","0.233","0.175","0.215","0.243","0.244","0.4","0.224","0.211","0.297","0.264","0.255","0.291","0.323","0.284","0.298","0.31","0.353","0.3","0.305","0.312","0.336","0.264","0.328","0.307","0.351","0.069","0.297","0.331","0.345","0.301","0.337","0.327","0.346","0.302","0.327","0.334","0.341","0.342","0.294","0.317","0.296","0.291","0.369","0.329","0.323","0.27","0.319","0.333","0.321","0.288","0.317","0.314","0.329","0.268","0.303","0.32","0.313","0.301","0.316","0.297",,,,,,,,,,,,,,,
TaxEffectOfUnusualItems,"-511,992,000","-1,348,110,000","-459,000","-383,670,000","810,000","1,377,802.279","6,342,000","-141,525,000","0","270,000","-24,420,000","-200,880,000","0","-472,500,000","-6,124,410,000","-180,630,000","-40,950,000","-2,230,611,759.105","-141,910,000","-6,570,000","-12,680,000","-278,400,000","-6,156,000","-97,000,000","-256,800,000","-261,200,000","-75,756,831.44","-178,308,679.877","-246,400,000","-60,009,870.044","-78,290,166.028","-33,558,000","-92,380,000","-228,900,000","-64,512,000","-57,021,000","-81,549,000","0","0","0","0","0","0","0","0","0","0","0","0","0","0","0","0","-48,650,000","-16,763,157.895","-29,813,888.457","-25,876,300.578","-29,902,362.205","-20,615,249.781","-36,200,154.321","-36,668,451.172","-29,813,216.54","-34,020,798.669","-41,465,897.523","-43,775,085.807","4,531,468.531","-80,135,525.66","-94,452,141.273","-70,054,912.728","-43,493,476.466","-54,867,753.979","-32,192,405.063","-63,032,212.222","-65,323,076.923","-60,316,210.938","-17,475,449.102","-17,051,070.84","-30,400,000","-18,781,914.894","-18,956,661.316","-22,601,158.378","-22,742,472.414","-15,044,732.062","-29,384,825.328","-32,908,396.947","-34,665,734.824","-32,781,456.954","-30,115,737.906","0","120,736,579.841","26,851,754.845","64,000,000","34,576,757.09","48,045,191.513","51,829,949.985","43,556,310.13","58,664,837.05","126,069,306.931","54,905,726.257","45,327,452.801","54,801,875.733","43,874,111.675","53,965,900.667","53,952,380.952","57,707,937.877","61,914,296.407","62,168,825.742","59,712,741.313","60,701,248.799","90,395,161.29","55,882,352.941","56,458,501.57","47,727,272.727","56,797,024.952","69,662,827.225","64,202,453.988","50,410,480.349","34,045,958.796","99,852,760.736","67,259,462.425","50,706,033.376","58,186,020.293","91,215,737.705","54,344,451.183","63,754,032.258","76,570,921.986","48,478,260.87","44,218,613.367","52,515,195.369","63,589,041.096","49,251,267.198","29,718,004.338",,,,,,,,,,,,,,,