name,ttm,12/31/2021,09/30/2021,06/30/2021,03/31/2021,12/31/2020,09/30/2020,06/30/2020,03/31/2020,12/31/2019,09/30/2019,06/30/2019,03/31/2019,12/31/2018,09/30/2018,06/30/2018,03/31/2018,12/31/2017,09/30/2017,06/30/2017,03/31/2017,12/31/2016,09/30/2016,06/30/2016,03/31/2016,12/31/2015,09/30/2015,06/30/2015,03/31/2015,12/31/2014,09/30/2014,06/30/2014,03/31/2014,12/31/2013,09/30/2013,06/30/2013,03/31/2013,12/31/2012,09/30/2012,06/30/2012,03/31/2012,12/31/2011,09/30/2011,06/30/2011,03/31/2011,12/31/2010,09/30/2010,06/30/2010,03/31/2010,12/31/2009,09/30/2009,06/30/2009,03/31/2009,12/31/2008,09/30/2008,06/30/2008,03/31/2008,12/31/2007,09/30/2007,06/30/2007,03/31/2007,12/31/2006,09/30/2006,06/30/2006,03/31/2006,12/31/2005,09/30/2005,06/30/2005,03/31/2005,12/31/2004,09/30/2004,06/30/2004,03/31/2004,12/31/2003,09/30/2003,06/30/2003,03/31/2003,12/31/2002,09/30/2002,06/30/2002,03/31/2002,12/31/2001,09/30/2001,06/30/2001,03/31/2001,12/31/2000,09/30/2000,06/30/2000,03/31/2000,12/31/1999,09/30/1999,06/30/1999,03/31/1999,12/31/1998,09/30/1998,06/30/1998,03/31/1998,12/31/1997,09/30/1997,06/30/1997,03/31/1997,12/31/1996,09/30/1996,06/30/1996,03/31/1996,09/30/1995,06/30/1995,03/31/1995,12/31/1994,09/30/1994,06/30/1994,03/31/1994,12/31/1993,09/30/1993,06/30/1993,03/31/1993,12/31/1992,09/30/1992,06/30/1992,03/31/1992,12/31/1991,09/30/1991,06/30/1991,03/31/1991,12/31/1990,09/30/1990,06/30/1990
TotalRevenue,"27,305,000,000","7,244,000,000","7,421,000,000","6,217,000,000","6,423,000,000","7,421,000,000","6,577,000,000","5,143,000,000","5,548,000,000","5,879,000,000","5,604,000,000","5,685,000,000","5,281,000,000","5,795,000,000","5,596,000,000","5,648,000,000","5,088,000,000","5,949,000,000","6,512,000,000","7,141,000,000","6,505,000,000","7,320,000,000","7,500,000,000","7,776,000,000","7,794,000,000","8,506,000,000","8,295,000,000","8,244,000,000","7,594,000,000","7,314,269,000","6,041,832,000","6,534,943,000","4,998,956,000","3,119,826,000","2,782,833,000","2,767,394,000","2,531,635,000","2,588,285,000","2,426,597,000","2,405,186,000","2,282,449,000","2,200,378,000","2,121,660,000","2,137,253,000","1,926,094,000","1,998,687,000","1,937,656,000","1,927,224,000","2,085,853,000","2,032,379,000","1,801,389,000","1,647,155,000","1,530,460,000","1,428,205,000","1,371,268,000","1,278,125,000","1,258,152,000","1,094,723,000","1,058,803,000","1,048,089,000","1,028,430,000","899,226,000","748,733,000","685,302,000","692,878,000","609,266,000","493,451,000","495,269,000","430,414,000","369,585,000","326,187,000","319,722,000","309,127,000","263,517,000","200,372,000","238,870,000","165,105,000","145,027,000","133,984,000","109,363,000","78,416,000","74,331,000","50,915,000","50,687,000","57,836,000","55,265,000","45,089,000","49,979,000","45,222,000","48,800,000","38,400,000","8,700,000","4,900,000","9,000,000","3,000,000","7,000,000","13,600,000","9,900,000","4,900,000","19,700,000","5,500,000","5,800,000","24,700,000","2,200,000","800,000","1,100,000","900,000","900,000","1,300,000","1,600,000","1,100,000","1,100,000","1,100,000","1,000,000","1,000,000","1,000,000","1,000,000","1,000,000","1,100,000","1,900,000","500,000","200,000","200,000","1,200,000","100,000","100,000","100,000"
	OperatingRevenue,"27,305,000,000","7,244,000,000","7,421,000,000","6,217,000,000","6,423,000,000","7,421,000,000","6,577,000,000","5,143,000,000","5,548,000,000","5,879,000,000","5,604,000,000","5,685,000,000","5,281,000,000","5,795,000,000","5,596,000,000","5,648,000,000","5,088,000,000","5,949,000,000","6,512,000,000","7,141,000,000","6,505,000,000","7,320,000,000","7,500,000,000","7,776,000,000","7,794,000,000","8,506,000,000","8,295,000,000","8,244,000,000","7,594,000,000","7,314,269,000","6,041,832,000","6,534,943,000","4,998,956,000","3,119,826,000","2,782,833,000","2,767,394,000","2,531,635,000","2,588,285,000","2,426,597,000","2,405,186,000","2,282,449,000","2,200,378,000","2,121,660,000","2,137,253,000","1,926,094,000","1,998,687,000","1,937,656,000","1,927,224,000","2,085,853,000","2,032,379,000","1,801,389,000","1,647,155,000","1,530,460,000","1,428,205,000","1,371,268,000","1,278,125,000","1,258,152,000","1,094,723,000","1,058,803,000","1,048,089,000","1,028,430,000","899,226,000","748,733,000","685,302,000","692,878,000","609,266,000","493,451,000","495,269,000","430,414,000","437,977,000","310,727,000","319,722,000","309,127,000","282,811,000","195,497,000","238,870,000","165,105,000","145,027,000","133,984,000","109,363,000","78,416,000","74,331,000","50,915,000","50,687,000","57,836,000","55,265,000","45,089,000","49,979,000","45,222,000","48,800,000","38,400,000","8,700,000","4,900,000","9,000,000","3,000,000","7,000,000","13,600,000","9,900,000","4,900,000","19,700,000","5,500,000","5,800,000","24,700,000","2,200,000","800,000","1,100,000","900,000","900,000","1,300,000","1,600,000","1,100,000","1,100,000","1,100,000","1,000,000","1,000,000","1,000,000","1,000,000","1,000,000","1,100,000","1,900,000","500,000","200,000","200,000","1,200,000","100,000","100,000","100,000"
CostOfRevenue,"6,601,000,000","2,627,000,000","1,223,000,000","1,390,000,000","1,361,000,000","1,398,000,000","1,141,000,000","1,064,000,000","969,000,000","1,683,000,000","1,035,000,000","1,000,000,000","957,000,000","1,570,000,000","1,086,000,000","1,196,000,000","1,001,000,000","1,256,000,000","1,032,000,000","1,126,000,000","957,000,000","1,075,000,000","1,129,000,000","864,000,000","1,193,000,000","1,062,000,000","1,064,000,000","998,000,000","882,000,000","1,062,780,000","987,306,000","924,709,000","813,205,000","857,523,000","681,868,000","684,663,000","634,448,000","675,818,000","597,269,000","617,345,000","580,931,000","584,447,000","531,989,000","533,863,000","474,111,000","496,337,000","477,584,000","455,525,000","440,430,000","473,399,000","409,700,000","383,045,000","329,414,000","321,531,000","300,183,000","265,684,000","239,848,000","215,542,000","198,460,000","183,131,000","171,638,000","155,289,000","109,791,000","77,883,000","90,357,000","74,144,000","65,498,000","63,269,000","57,415,000","48,704,000","40,842,000","42,092,000","34,949,000","33,277,000","25,936,000","32,106,000","21,372,000","19,552,000","20,412,000","17,718,000","12,042,000","13,178,000","9,208,000","10,797,000","10,581,000","4,177,000","6,673,000","5,600,000","5,054,000","4,700,000","-500,000","-800,000","-700,000","-600,000","-600,000","-600,000","-500,000","-500,000","-600,000","-400,000","-300,000","-400,000","-400,000","-1,700,000","-1,100,000","-1,100,000","-1,100,000","-1,100,000","-2,800,000","6,200,000","-900,000","-800,000","-900,000","-600,000","-500,000","-400,000","-700,000","-400,000","-400,000",,,,,,,,
GrossProfit,"20,704,000,000","4,617,000,000","6,198,000,000","4,827,000,000","5,062,000,000","6,023,000,000","5,436,000,000","4,079,000,000","4,579,000,000","4,196,000,000","4,569,000,000","4,685,000,000","4,324,000,000","4,225,000,000","4,510,000,000","4,452,000,000","4,087,000,000","4,693,000,000","5,480,000,000","6,015,000,000","5,548,000,000","6,245,000,000","6,371,000,000","6,912,000,000","6,601,000,000","7,444,000,000","7,231,000,000","7,246,000,000","6,712,000,000","6,251,489,000","5,054,526,000","5,610,234,000","4,185,751,000","2,262,303,000","2,100,965,000","2,082,731,000","1,897,187,000","1,912,467,000","1,829,328,000","1,787,841,000","1,701,518,000","1,615,931,000","1,589,671,000","1,603,390,000","1,451,983,000","1,502,350,000","1,460,072,000","1,471,699,000","1,645,423,000","1,558,980,000","1,391,689,000","1,264,110,000","1,201,046,000","1,106,674,000","1,071,085,000","1,012,441,000","1,018,304,000","879,181,000","860,343,000","864,958,000","856,792,000","743,937,000","638,942,000","607,419,000","602,521,000","535,122,000","427,953,000","432,000,000","372,999,000","320,881,000","285,345,000","277,630,000","274,178,000","230,240,000","174,436,000","206,764,000","143,733,000","125,475,000","113,572,000","91,645,000","66,374,000","61,153,000","41,707,000","39,890,000","47,255,000","51,088,000","38,416,000","44,379,000","40,168,000","44,100,000","38,900,000","9,500,000","5,600,000","9,600,000","3,600,000","7,600,000","14,100,000","10,400,000","5,500,000","20,100,000","5,800,000","6,200,000","25,100,000","3,900,000","1,900,000","2,200,000","2,000,000","2,000,000","4,100,000","-4,600,000","2,000,000","1,900,000","2,000,000","1,600,000","1,500,000","1,400,000","1,700,000","1,400,000","1,500,000",,,,,,,,
OperatingExpense,"10,609,000,000","3,677,000,000","2,337,000,000","2,485,000,000","2,110,000,000","3,308,000,000","2,264,000,000","2,538,000,000","2,177,000,000","3,103,000,000","6,042,000,000","2,255,000,000","2,087,000,000","3,081,000,000","1,887,000,000","2,172,000,000","1,934,000,000","2,402,000,000","1,668,000,000","1,761,000,000","1,781,000,000","2,200,000,000","1,972,000,000","2,374,000,000","1,950,000,000","1,823,000,000","1,646,000,000","1,630,000,000","1,341,000,000","1,921,117,000","1,575,303,000","1,197,479,000","1,143,101,000","1,065,262,000","953,104,000","928,893,000","871,928,000","805,484,000","785,414,000","728,749,000","901,332,000","748,455,000","585,993,000","586,672,000","550,014,000","672,969,000","480,999,000","479,072,000","484,282,000","493,542,000","497,283,000","503,049,000","392,730,000","395,528,000","377,251,000","396,075,000","350,258,000","364,696,000","313,313,000","322,110,000","296,648,000","258,713,000","225,834,000","242,104,000","230,869,000","173,093,000","178,068,000","155,243,000","150,569,000","155,583,000","121,575,000","119,432,000","129,755,000","142,263,000","95,263,000","98,992,000","88,731,000","92,636,000","77,655,000","72,451,000","73,317,000","86,077,000","402,575,000","73,785,000","73,057,000","69,739,000","59,357,000","50,164,000","47,109,000","53,900,000","55,100,000","27,000,000","25,000,000","29,900,000","25,300,000","27,400,000","26,300,000","27,800,000","20,600,000","21,500,000","17,700,000","18,500,000","19,600,000","19,800,000","15,200,000","12,100,000","11,000,000","12,000,000","13,300,000","3,300,000","10,100,000","11,000,000","9,600,000","8,400,000","7,300,000","8,300,000","6,500,000","5,100,000","4,300,000",,,,,,,,
	SellingGeneralAndAdministration,"5,246,000,000","1,650,000,000","1,190,000,000","1,351,000,000","1,055,000,000","1,730,000,000","1,106,000,000","1,239,000,000","1,076,000,000","1,204,000,000","1,052,000,000","1,095,000,000","1,030,000,000","1,131,000,000","948,000,000","980,000,000","997,000,000","1,252,000,000","879,000,000","897,000,000","850,000,000","992,000,000","831,000,000","890,000,000","685,000,000","1,066,000,000","903,000,000","812,000,000","645,000,000","876,485,000","944,837,000","613,555,000","548,123,000","513,284,000","406,860,000","404,991,000","374,296,000","365,825,000","319,583,000","332,505,000","443,121,000","346,219,000","295,927,000","304,269,000","295,568,000","280,209,000","250,559,000","248,006,000","265,618,000","253,897,000","227,427,000","261,411,000","203,951,000","193,665,000","189,189,000","219,533,000","194,957,000","180,048,000","172,956,000","186,179,000","166,558,000","147,093,000","132,529,000","151,568,000","142,469,000","104,330,000","99,238,000","95,546,000","80,135,000","85,423,000","72,371,000","73,789,000","76,077,000","78,777,000","63,592,000","60,197,000","47,591,000","57,621,000","42,317,000","41,600,000","39,763,000","41,476,000","32,047,000","29,707,000","21,911,000","23,290,000","21,515,000","19,829,000","17,590,000","19,600,000","19,100,000","7,900,000","8,400,000","7,900,000","7,900,000","8,400,000","6,700,000","7,000,000","6,200,000","6,100,000","6,100,000","6,800,000","7,600,000","7,400,000","4,800,000","2,800,000","2,400,000","2,800,000","2,400,000","2,400,000","2,100,000","-15,800,000","8,700,000","7,800,000","6,800,000","7,900,000","5,800,000","4,700,000","3,900,000",,,,,,,,
	ResearchAndDevelopment,"5,363,000,000","2,027,000,000","1,147,000,000","1,134,000,000","1,055,000,000","1,578,000,000","1,158,000,000","1,299,000,000","1,101,000,000","1,899,000,000","4,990,000,000","1,160,000,000","1,057,000,000","1,950,000,000","939,000,000","1,192,000,000","937,000,000","1,150,000,000","789,000,000","864,000,000","931,000,000","1,208,000,000","1,141,000,000","1,484,000,000","1,265,000,000","757,000,000","743,000,000","818,000,000","696,000,000","1,044,632,000","630,466,000","583,924,000","594,978,000","551,978,000","546,244,000","523,902,000","497,632,000","439,659,000","465,831,000","396,244,000","458,211,000","402,236,000","290,066,000","282,403,000","254,446,000","392,760,000","230,440,000","231,066,000","218,664,000","239,645,000","269,856,000","241,638,000","188,779,000","201,863,000","188,062,000","176,542,000","155,301,000","184,648,000","140,357,000","135,931,000","130,090,000","111,620,000","93,305,000","90,536,000","88,400,000","68,763,000","78,830,000","59,697,000","70,434,000","70,160,000","49,204,000","45,643,000","53,678,000","53,267,000","31,671,000","38,795,000","41,140,000","35,015,000","35,338,000","30,851,000","33,554,000","44,601,000","45,728,000","44,078,000","51,146,000","43,128,000","35,132,000","27,251,000","26,626,000","31,200,000","28,200,000","18,200,000","15,800,000","21,300,000","16,700,000","18,300,000","18,900,000","20,100,000","13,600,000","14,700,000","10,800,000","10,900,000","11,200,000","10,600,000","9,300,000","8,200,000","7,500,000","8,100,000","8,100,000",,"7,100,000",,,,,,,,,,,,,,,,
	DepreciationAmortizationDepletionIncomeStatement,,,,,,,,,,,,,,,,,,,,,,,,,,,,,,,,,,,,,,,,,,,,,,,,,,,,,,,,,,,,,,,,,,,,,,,,,,,,,,,,,,,,,,"3,321,000","2,710,000","3,084,000","2,893,000","3,100,000","7,800,000","900,000","800,000","700,000","700,000","700,000","700,000","700,000","800,000","700,000","800,000","800,000","800,000","1,800,000","1,100,000","1,100,000","1,100,000","1,100,000","2,800,000","900,000","900,000","800,000","900,000","600,000","500,000","400,000","700,000","400,000","400,000",,,,,,,,
		DepreciationAndAmortizationInIncomeStatement,,,,,,,,,,,,,,,,,,,,,,,,,,,,,,,,,,,,,,,,,,,,,,,,,,,,,,,,,,,,,,,,,,,,,,,,,,,,,,,,,,,,,,"3,321,000","2,710,000","3,084,000","2,893,000","3,100,000","7,800,000","900,000","800,000","700,000","700,000","700,000","700,000","700,000","800,000","700,000","800,000","800,000","800,000","1,800,000","1,100,000","1,100,000","1,100,000","1,100,000","2,800,000","900,000","900,000","800,000","900,000","600,000","500,000","400,000","700,000","400,000","400,000",,,,,,,,
	OtherOperatingExpenses,,,,,,,,,,,,,,,,,,,,,,,,,,,,,,,,,,,,,,,,,,,,,,,,,,,,,,,,,,,,,,,,,,,,,,,,,,,,,,,,,,,"324,800,000",,,,,,,,,,,,,,,,,,,,,,,,,,,,,,,,,,,,,,,,,,,,
OperatingIncome,"10,095,000,000","940,000,000","3,861,000,000","2,342,000,000","2,952,000,000","2,715,000,000","3,172,000,000","1,541,000,000","2,402,000,000","1,093,000,000","-1,473,000,000","2,430,000,000","2,237,000,000","1,144,000,000","2,623,000,000","2,280,000,000","2,153,000,000","2,291,000,000","3,812,000,000","4,254,000,000","3,767,000,000","4,045,000,000","4,399,000,000","4,538,000,000","4,651,000,000","5,621,000,000","5,585,000,000","5,616,000,000","5,371,000,000","4,330,372,000","3,479,223,000","4,412,755,000","3,042,650,000","1,197,041,000","1,147,861,000","1,153,838,000","1,025,259,000","1,106,983,000","1,043,914,000","1,059,092,000","800,186,000","867,476,000","1,003,678,000","1,016,718,000","901,969,000","829,381,000","979,073,000","992,627,000","1,161,141,000","1,065,438,000","894,406,000","761,061,000","808,316,000","711,146,000","693,834,000","616,366,000","668,046,000","514,485,000","547,030,000","542,848,000","560,144,000","485,224,000","413,108,000","365,315,000","371,652,000","362,029,000","249,885,000","276,757,000","222,430,000","165,298,000","163,770,000","158,198,000","144,423,000","87,977,000","79,173,000","107,772,000","55,002,000","32,839,000","35,917,000","19,194,000","-6,943,000","-24,924,000","-360,868,000","-33,895,000","-25,802,000","-18,651,000","-20,941,000","-5,785,000","-6,941,000","-9,800,000","-16,200,000","-17,500,000","-19,400,000","-20,300,000","-21,700,000","-19,800,000","-12,200,000","-17,400,000","-15,100,000","-1,400,000","-11,900,000","-12,300,000","5,500,000","-15,900,000","-13,300,000","-9,900,000","-9,000,000","-10,000,000","-9,200,000","-7,900,000","-8,100,000","-9,100,000","-7,600,000","-6,800,000","-5,800,000","-6,900,000","-4,800,000","-3,700,000","-2,800,000","-7,200,000","500,000","200,000","200,000","-4,900,000","100,000","100,000","100,000"
NetNonOperatingInterestIncomeExpense,"-1,001,000,000","-238,000,000","-250,000,000","-256,000,000","-257,000,000","-267,000,000","-236,000,000","-240,000,000","-241,000,000","-243,000,000","-250,000,000","-248,000,000","-254,000,000","-257,000,000","-264,000,000","-266,000,000","-290,000,000","-297,000,000","-291,000,000","-269,000,000","-261,000,000","-265,000,000","-242,000,000","-227,000,000","-230,000,000","-230,000,000","-165,000,000","-140,000,000","-153,000,000","-130,361,000","-103,366,000","-102,004,000","-76,269,000","-73,150,000","-73,949,000","-78,008,000","-81,787,000","-85,906,000","-89,322,000","-88,418,000","-97,270,000","-48,633,000","-28,691,000","-34,129,000","-27,384,000","-29,858,000","-18,027,000","521,000","-1,310,000","-5,991,000","-3,200,000","-5,561,000","-12,513,000",,,,,,,,,,,,,,,,,,,,,,,,,,,,,,,,,,,,,,,,,,,,,,,,,,,,,,,,,,,,,,,,,,,,,,,,,,
	InterestIncomeNonOperating,,,,,,,,,,,,,,,,,,,,,,,,,,,,,,,,,,,,,,,,,,"26,365,000","14,406,000","11,978,000","13,832,000","10,764,000","15,593,000","18,285,000","15,645,000","11,299,000","14,017,000","12,923,000","4,158,000",,,,,,,,,,,,,,,,,,,,,,,,,,,,,,,,,,,,,,,,,,,,,,,,,,,,,,,,,,,,,,,,,,,,,,,,,,
	InterestExpenseNonOperating,"1,001,000,000","238,000,000","250,000,000","256,000,000","257,000,000","267,000,000","236,000,000","240,000,000","241,000,000","243,000,000","250,000,000","248,000,000","254,000,000","257,000,000","264,000,000","266,000,000","290,000,000","297,000,000","291,000,000","269,000,000","261,000,000","265,000,000","242,000,000","227,000,000","230,000,000","230,000,000","165,000,000","140,000,000","153,000,000","130,361,000","103,366,000","102,004,000","76,269,000","73,150,000","73,949,000","78,008,000","81,787,000","85,906,000","89,322,000","88,418,000","97,270,000","74,998,000","43,097,000","46,107,000","41,216,000","40,622,000","33,620,000","17,764,000","16,955,000","17,290,000","17,217,000","18,484,000","16,671,000",,,,,,,,,,,,,,,,,,,,,,,,,,,,,,,,,,,,,,,,,,,,,,,,,,,,,,,,,,,,,,,,,,,,,,,,,,
OtherIncomeExpense,"-816,000,000","57,000,000","-173,000,000","-269,000,000","-431,000,000","-634,000,000","-2,111,000,000","-4,274,000,000","-158,000,000","1,051,000,000","222,000,000","228,000,000","367,000,000","129,000,000","305,000,000","72,000,000","170,000,000","132,000,000","150,000,000","130,000,000","111,000,000","140,000,000","119,000,000","88,000,000","81,000,000","46,000,000","52,000,000","35,000,000","21,000,000","29,594,000","-5,037,000","-3,645,000","-17,912,000","-11,108,000","5,777,000","-231,000","-3,324,000","1,386,000","-3,505,000","-1,075,000","-34,085,000",,,,,,,,,,,,,"0",,"-10,851,000",,,,,,"-2,038,483,000","-355,568,000",,,,,,,"-75,830,000","15,460,000",,"20,576,000","-29,513,000","4,875,000",,"-488,599,000","0","-16,048,000",,,"157,771,000","8,254,000","-1,240,000","-390,000","-973,000","-246,000","-718,000","-921,000","-1,300,000","-16,300,000","2,600,000","3,600,000","4,300,000","4,100,000","5,000,000","5,000,000","5,400,000","4,700,000","4,200,000","4,000,000","4,800,000","3,900,000","3,700,000","2,600,000","1,500,000","1,000,000","2,000,000","1,000,000","900,000","1,000,000","1,200,000","900,000","1,000,000","1,100,000","1,400,000","900,000","1,000,000","1,000,000",,,,,,,,
	EarningsFromEquityInterest,,,,,,,,,,,,,,,,,,,,,,,,,,,,,,,,,,,,,,,,,,,,,,,,,,,,,,,,,,,,,,,,,,,,,,,,,,,,,,,,,,,,"-1,240,000",,,,,,,,,,,,,,,,,,,,,,,,,,,,,,,,,,,,,,,,,,,
	SpecialIncomeCharges,"-177,000,000","0","-19,000,000","-96,000,000","-62,000,000","-64,000,000","-1,171,000,000","-4,524,000,000",,,,,,,,,,,,,,,,,,,,,,,,,,,,,,,"-3,505,000","-1,075,000","-34,085,000",,,,,,,,,"0","0","0",,"0",,"-10,851,000",,,,,,"-2,038,483,000","-355,568,000",,,,,,,"-75,830,000","15,460,000",,"20,576,000","-29,513,000","4,875,000",,"-488,599,000","0","-16,048,000",,,"159,901,000","8,254,000",,"-390,000","-973,000","-246,000","-718,000","-921,000","-1,300,000","-16,300,000","2,600,000","3,600,000","4,300,000","4,100,000","5,000,000","5,000,000","5,400,000","4,700,000","4,200,000","4,000,000","4,800,000","3,900,000","3,700,000","2,600,000","1,500,000","1,000,000","2,000,000","1,000,000","900,000","1,000,000","1,200,000","900,000","1,000,000","1,100,000","1,400,000","900,000","1,000,000","1,000,000",,,,,,,,
		OtherSpecialCharges,"177,000,000","0","19,000,000","96,000,000","62,000,000","64,000,000","1,171,000,000","4,524,000,000",,,,,,,,,,,,,,,,,,,,,,,,,,,,,,,,,,,,,,,,,,,,,,,,,,,,,,,,,,,,,,,,,,,,,,,,,,,,,,,,,,,,,,,,,,,,,,,,,,,,,,,,,,,,,,,,,,,,,,,
	OtherNonOperatingIncomeExpenses,"-639,000,000","57,000,000","-154,000,000","-173,000,000","-369,000,000","-570,000,000","-940,000,000","250,000,000","-158,000,000","1,051,000,000","222,000,000","228,000,000","367,000,000","129,000,000","305,000,000","72,000,000","170,000,000","132,000,000","150,000,000","130,000,000","111,000,000","140,000,000","119,000,000","88,000,000","81,000,000","46,000,000","52,000,000","35,000,000","21,000,000","29,594,000","-5,037,000","-3,645,000","-17,912,000","-11,108,000","5,777,000","-231,000","-3,324,000","1,386,000",,,,,,,,,,,,,,,,,,,,,,,,,,,,,,,,,,,,,,,,,,,,,,,,,,,,,,,,,,,,,,,,,,,,,,,,,,,,,,,,,,,,,,,,,
PretaxIncome,"8,278,000,000","759,000,000","3,438,000,000","1,817,000,000","2,264,000,000","1,814,000,000","825,000,000","-2,973,000,000","2,003,000,000","1,901,000,000","-1,501,000,000","2,410,000,000","2,350,000,000","1,016,000,000","2,664,000,000","2,086,000,000","2,033,000,000","2,126,000,000","3,671,000,000","4,115,000,000","3,617,000,000","3,920,000,000","4,276,000,000","4,399,000,000","4,502,000,000","5,437,000,000","5,472,000,000","5,511,000,000","5,239,000,000","4,229,605,000","3,370,820,000","4,307,106,000","2,948,469,000","1,112,783,000","1,079,689,000","1,075,599,000","940,148,000","1,022,463,000","951,087,000","969,599,000","668,831,000","818,843,000","974,987,000","982,589,000","874,585,000","799,523,000","961,046,000","993,148,000","1,159,831,000","1,059,447,000","891,206,000","755,500,000","795,803,000","729,682,000","696,680,000","618,527,000","689,516,000","543,232,000","576,021,000","570,231,000","580,854,000","-1,523,661,000","89,296,000","398,712,000","397,447,000","378,986,000","263,574,000","288,184,000","231,048,000","162,520,000","166,529,000","161,535,000","165,838,000","-142,254,000","76,951,000","105,647,000","-435,394,000","36,555,000","21,307,000","20,349,000","-4,814,000","134,745,000","-24,522,000","-32,064,000","-22,342,000","-15,442,000","-17,350,000","-3,661,000","-5,454,000","-8,800,000","-30,200,000",,,,,,,,,,,,,,,,,,,,,,,,,,,,,,,,,,,,
TaxProvision,"2,077,000,000","383,000,000","852,000,000","300,000,000","542,000,000","270,000,000","472,000,000","373,000,000","465,000,000","-788,000,000","-333,000,000","535,000,000","382,000,000","1,013,000,000","565,000,000","267,000,000","494,000,000","5,962,000,000","959,000,000","1,046,000,000","918,000,000","821,000,000","951,000,000","902,000,000","935,000,000","752,000,000","880,000,000","1,014,000,000","907,000,000","767,940,000","646,557,000","656,621,000","725,882,000","326,041,000","294,473,000","307,981,000","222,438,000","263,504,000","280,052,000","263,525,000","231,300,000","157,084,000","237,449,000","240,130,000","227,282,000","173,158,000","258,883,000","284,021,000","307,737,000","260,054,000","220,728,000","186,355,000","209,227,000","161,488,000","192,675,000","175,699,000","193,389,000","141,590,000","177,702,000","162,301,000","173,447,000","141,986,000","141,460,000","133,562,000","134,743,000","97,384,000","84,342,000","92,217,000","73,935,000","52,276,000","53,289,000","50,076,000","51,410,000","-107,320,000","3,855,000","5,275,000","2,660,000","1,076,000","550,000","638,000","-964,000","3,168,000","174,000","323,000","470,000","153,000","214,000","525,000","307,000","200,000","200,000",,,,,,,,,,,,,,,,,,,,,,,,,,,,,,,,,,,,
NetIncomeCommonStockholders,"6,225,000,000","382,000,000","2,592,000,000","1,522,000,000","1,729,000,000","1,551,000,000","360,000,000","-3,339,000,000","1,551,000,000","2,696,000,000","-1,165,000,000","1,880,000,000","1,975,000,000","3,000,000","2,097,000,000","1,817,000,000","1,538,000,000","-3,865,000,000","2,718,000,000","3,073,000,000","2,702,000,000","3,108,000,000","3,330,000,000","3,497,000,000","3,566,000,000","4,683,000,000","4,600,000,000","4,492,000,000","4,333,000,000","3,486,723,000","2,731,274,000","3,655,593,000","2,227,410,000","791,411,000","788,606,000","772,605,000","722,186,000","762,541,000","675,505,000","711,564,000","441,956,000","665,145,000","741,124,000","746,227,000","651,141,000","629,419,000","704,876,000","712,061,000","854,901,000","802,212,000","673,033,000","571,398,000","589,112,000","568,194,000","504,005,000","442,828,000","496,127,000","401,642,000","398,319,000","407,930,000","407,407,000","-1,665,647,000","-52,164,000","265,150,000","262,704,000","281,602,000","179,232,000","195,967,000","157,113,000","110,244,000","113,240,000","111,459,000","114,428,000","192,583,000","73,096,000","100,372,000","-438,054,000","35,479,000","20,757,000","19,711,000","-3,850,000","131,577,000","-25,196,000","-32,387,000","-21,723,000","-29,265,000","-17,564,000","-4,186,000","-5,761,000","-9,000,000","-30,400,000","-15,000,000","-15,800,000","-16,300,000","-17,600,000","-14,800,000","-7,400,000","-12,400,000","-10,300,000","2,700,000","-7,900,000","-8,000,000","9,300,000","-12,200,000","-10,800,000","-8,400,000","-7,900,000","-8,900,000","-8,200,000","-7,000,000","-7,200,000","-8,400,000","-6,700,000","-5,800,000","-4,800,000","-5,700,000","-3,900,000","-2,700,000","-1,800,000",,,,,"-1,000,000","-900,000","-1,000,000","-1,000,000"
	NetIncome,"6,225,000,000","382,000,000","2,592,000,000","1,522,000,000","1,729,000,000","1,551,000,000","360,000,000","-3,339,000,000","1,551,000,000","2,696,000,000","-1,165,000,000","1,880,000,000","1,975,000,000","3,000,000","2,097,000,000","1,817,000,000","1,538,000,000","-3,865,000,000","2,718,000,000","3,073,000,000","2,702,000,000","3,108,000,000","3,330,000,000","3,497,000,000","3,566,000,000","4,683,000,000","4,600,000,000","4,492,000,000","4,333,000,000","3,486,723,000","2,731,274,000","3,655,593,000","2,227,410,000","791,411,000","788,606,000","772,605,000","722,186,000","762,541,000","675,505,000","711,564,000","441,956,000","665,145,000","741,124,000","746,227,000","651,141,000","629,419,000","704,876,000","712,061,000","854,901,000","802,212,000","673,033,000","571,398,000","589,112,000","568,194,000","504,005,000","442,828,000","496,127,000","401,642,000","398,319,000","407,930,000","407,407,000","-1,665,647,000","-52,164,000","265,150,000","262,704,000","281,602,000","179,232,000","195,967,000","157,113,000","110,244,000","113,240,000","111,459,000","114,428,000","192,583,000","73,096,000","100,372,000","-438,054,000","35,479,000","20,757,000","19,711,000","-3,850,000","131,577,000","-25,196,000","-32,387,000","-21,723,000","-29,265,000","-17,564,000","-4,186,000","-5,761,000","-9,000,000","-30,400,000","-15,000,000","-15,800,000","-16,300,000","-17,600,000","-14,800,000","-7,400,000","-12,400,000","-10,300,000","2,700,000","-7,900,000","-8,000,000","9,300,000","-12,200,000","-10,800,000","-8,400,000","-7,900,000","-8,900,000","-8,200,000","-7,000,000","-7,200,000","-8,400,000","-6,700,000","-5,800,000","-4,800,000","-5,700,000","-3,900,000","-2,700,000","-1,800,000",,,,,"-1,000,000","-900,000","-1,000,000","-1,000,000"
		NetIncomeIncludingNoncontrollingInterests,"6,201,000,000","376,000,000","2,586,000,000","1,517,000,000","1,722,000,000","1,544,000,000","353,000,000","-3,346,000,000","1,538,000,000","2,689,000,000","-1,168,000,000","1,875,000,000","1,968,000,000","3,000,000","2,099,000,000","1,819,000,000","1,539,000,000","-3,836,000,000","2,712,000,000","3,069,000,000","2,699,000,000","3,099,000,000","3,325,000,000","3,497,000,000","3,567,000,000","4,685,000,000","4,592,000,000","4,497,000,000","4,332,000,000","3,461,665,000","2,724,263,000","3,650,485,000","2,222,587,000","786,742,000","785,216,000","767,618,000","717,710,000","758,959,000","671,035,000","706,074,000","437,531,000","661,759,000","737,538,000","742,459,000","647,303,000","626,365,000","702,163,000","709,127,000","852,094,000","799,393,000","670,478,000","569,145,000","586,576,000","565,825,000","501,845,000","440,668,000","494,252,000","399,566,000","395,841,000","405,529,000","405,254,000","-1,668,035,000","-53,804,000","263,906,000","261,710,000","280,005,000","178,009,000","195,053,000","156,852,000","110,244,000","113,240,000","111,459,000","114,428,000","192,583,000","73,096,000","100,372,000","-438,054,000","35,479,000","20,757,000","19,711,000","-3,850,000","131,577,000","-25,196,000","-32,387,000","-21,723,000","-29,265,000","-17,564,000","-4,186,000","-5,761,000","-9,000,000","-30,400,000","-15,000,000","-15,800,000","-16,300,000","-17,600,000","-14,800,000","-7,400,000","-12,400,000","-10,300,000","2,700,000","-7,900,000","-8,000,000","9,300,000","-12,200,000","-10,800,000","-8,400,000","-7,900,000","-8,900,000","-8,200,000","-7,000,000","-7,200,000","-8,400,000","-6,700,000","-5,800,000","-4,800,000","-5,700,000","-3,900,000","-2,700,000","-1,800,000","-1,300,000","-1,300,000","-900,000","-900,000","-1,000,000","-900,000","-1,000,000","-1,000,000"
			NetIncomeContinuousOperations,"6,201,000,000","376,000,000","2,586,000,000","1,517,000,000","1,722,000,000","1,544,000,000","353,000,000","-3,346,000,000","1,538,000,000","2,689,000,000","-1,168,000,000","1,875,000,000","1,968,000,000","3,000,000","2,099,000,000","1,819,000,000","1,539,000,000","-3,836,000,000","2,712,000,000","3,069,000,000","2,699,000,000","3,099,000,000","3,325,000,000","3,497,000,000","3,567,000,000","4,685,000,000","4,592,000,000","4,497,000,000","4,332,000,000","3,461,665,000","2,724,263,000","3,650,485,000","2,222,587,000","786,742,000","785,216,000","767,618,000","717,710,000","758,959,000","671,035,000","706,074,000","437,531,000","661,759,000","737,538,000","742,459,000","647,303,000","626,365,000","702,163,000","709,127,000","852,094,000","799,393,000","670,478,000","569,145,000","586,576,000","559,630,000","504,005,000","442,828,000","496,127,000","401,642,000","398,319,000","407,930,000","407,407,000","-1,665,647,000","-52,164,000","265,150,000","262,704,000","281,602,000","179,232,000","195,967,000","157,113,000","110,244,000","113,240,000","111,459,000","114,428,000","192,583,000","73,096,000","100,372,000","-438,054,000","35,479,000","20,757,000","19,711,000","-3,850,000","131,577,000","-25,196,000","-32,387,000","-22,812,000","-15,595,000","-17,564,000","-4,186,000","-5,761,000","-9,000,000","-30,400,000","-15,000,000","-15,800,000","-16,300,000","-17,600,000","-14,800,000","-7,400,000","-12,400,000","-10,300,000","2,700,000","-7,900,000","-8,000,000","9,300,000","-12,200,000","-10,800,000","-8,400,000","-7,900,000","-8,900,000","-8,200,000","-7,000,000","-7,200,000","-8,400,000","-6,700,000","-5,800,000","-4,800,000","-5,700,000","-3,900,000","-2,700,000","-1,800,000","-1,300,000","-1,300,000","-900,000","-900,000","-1,000,000","-900,000","-1,000,000","-1,000,000"
			NetIncomeExtraordinary,,,,,,,,,,,,,,,,,,,,,,,,,,,,,,,,,,,,,,,,,,,,,,,,,,,,,,,,,,,,,,,,,,,,,,,,,,,,,,,,,,"0",,,"1,089,000",,,,,,,,,,,,,,,,,,,,,,,,,,,,,,,,,,,,,,,,,,
		MinorityInterests,"24,000,000","6,000,000","6,000,000","5,000,000","7,000,000","7,000,000","7,000,000","7,000,000","13,000,000","7,000,000","3,000,000","5,000,000","7,000,000","0","-2,000,000","-2,000,000","-1,000,000","-29,000,000","6,000,000","4,000,000","3,000,000","9,000,000","5,000,000","0","-1,000,000","-2,000,000","8,000,000","-5,000,000","1,000,000","25,058,000","7,011,000","5,108,000","4,823,000","4,669,000","3,390,000","4,987,000","4,476,000","3,582,000","4,470,000","5,490,000","4,425,000","3,386,000","3,586,000","3,768,000","3,838,000","3,054,000","2,713,000","2,934,000","2,807,000","2,819,000","2,555,000","2,253,000","2,536,000","2,369,000","2,160,000","2,160,000","1,875,000","2,076,000","2,478,000","2,401,000","2,153,000","2,388,000","1,640,000","1,244,000","994,000","1,597,000","1,223,000","914,000","261,000",,,,,,,,,,,,,,,,,,,,,,,,,,,,,,,,,,,,,,,,,,,,,,,,,,,,,,,,,,
	OtherunderPreferredStockDividend,,,,,,,,,,,,,,,,,,,,,,,,,,,,,,,,,,,,,,,,,,,,,,,,,,,,"-2,253,000",,,,,,,,,,,,,,,,,,,,,,,,,,,,,,,,,,,,,,,,,,,,,,,,,,,,,,,,,,,,,,,,,,,,,,,,,,,
DilutedNIAvailtoComStockholders,"6,225,000,000","382,000,000","2,592,000,000","1,522,000,000","1,729,000,000","1,551,000,000","360,000,000","-3,339,000,000","1,551,000,000","2,696,000,000","-1,165,000,000","1,880,000,000","1,975,000,000","3,000,000","2,097,000,000","1,817,000,000","1,538,000,000","-3,865,000,000","2,718,000,000","3,073,000,000","2,702,000,000","3,108,000,000","3,330,000,000","3,497,000,000","3,566,000,000","4,683,000,000","4,600,000,000","4,492,000,000","4,333,000,000","3,486,723,000","2,731,274,000","3,655,593,000","2,227,410,000","791,411,000","788,606,000","772,605,000","722,186,000","762,541,000","675,505,000","711,564,000","441,956,000","665,145,000","741,124,000","746,227,000","651,141,000","629,419,000","704,876,000","712,061,000","854,901,000","802,212,000","673,033,000","571,398,000","589,112,000","568,194,000","504,005,000","442,828,000","496,127,000","401,642,000","398,319,000","407,930,000","407,407,000","-1,665,647,000","-52,164,000","265,150,000","262,704,000","281,602,000","179,232,000","195,967,000","157,113,000","110,244,000","113,240,000","111,459,000","114,428,000","192,583,000","73,096,000","100,372,000","-438,054,000","35,479,000","20,757,000","19,711,000","-3,850,000","131,577,000","-25,196,000","-32,387,000","-21,723,000","-29,265,000","-17,564,000","-4,186,000","-5,761,000","-9,000,000","-30,400,000","-15,000,000","-15,800,000","-16,300,000","-17,600,000","-14,800,000","-7,400,000","-12,400,000","-10,300,000","2,700,000","-7,900,000","-8,000,000","9,300,000","-12,200,000","-10,800,000","-8,400,000","-7,900,000","-8,900,000","-8,200,000","-7,000,000","-7,200,000","-8,400,000","-6,700,000","-5,800,000","-4,800,000","-5,700,000","-3,900,000","-2,700,000","-1,800,000",,,,,"-1,000,000","-900,000","-1,000,000","-1,000,000"
BasicEPS,,"0.3","2.06","1.21","1.38","1.24","0.29","-2.66","1.23","2.13","-0.92","1.48","1.55","0.002","1.62","1.4","1.18","-2.96","2.08","2.35","2.07","2.36","2.52","2.62","2.58","3.26","3.14","3.05","2.91","2.32","1.8","2.39","1.45","0.52","0.51","0.51","0.47","0.5","0.445","0.47","0.29",,"0.485","0.475","0.41",,"0.425","0.405","0.475",,"0.375","0.315","0.325",,"0.275","0.24","0.265",,"0.215","0.22","0.22",,"-0.028","0.145","0.143",,"0.098","0.108","0.088",,"0.065","0.065","0.068",,"0.045","0.063","-0.276",,"0.014","0.013","-0.003",,"-0.016","-0.021","-0.014",,"-0.012","-0.003","-0.004",,"-0.022","-0.015","-0.016",,"-0.018","-0.016","-0.008",,"-0.011","0.004","-0.009",,"0.011","-0.014","-0.013","-0.013","-0.013",,"-0.014","-0.012","-0.012",,"-0.011","-0.01","-0.008",,"-0.008","-0.006","-0.004",,"-0.004","-0.003","-0.003",,"-0.003","-0.004","-0.003"
DilutedEPS,,"0.3","2.05","1.21","1.37","1.23","0.29","-2.66","1.22","2.12","-0.92","1.47","1.54","0.002","1.6","1.39","1.17","-2.96","2.06","2.33","2.05","2.34","2.49","2.58","2.53","3.18","3.06","2.92","2.76","2.18","1.67","2.2","1.33","0.47","0.47","0.46","0.43","0.47","0.425","0.455","0.285",,"0.475","0.465","0.4",,"0.415","0.395","0.46",,"0.36","0.305","0.315",,"0.26","0.23","0.255",,"0.21","0.21","0.213",,"-0.028","0.14","0.138",,"0.095","0.103","0.085",,"0.063","0.061","0.063",,"0.041","0.058","-0.276",,"0.013","0.012","-0.003",,"-0.016","-0.021","-0.014",,"-0.012","-0.003","-0.004",,"-0.022","-0.015","-0.016",,"-0.018","-0.016","-0.008",,"-0.011","0.003","-0.009",,"0.009","-0.014","-0.013","-0.013","-0.013",,"-0.014","-0.012","-0.012",,"-0.011","-0.01","-0.008",,"-0.008","-0.006","-0.004",,"-0.004","-0.003","-0.003",,"-0.003","-0.004","-0.003"
BasicAverageShares,,"1,256,000,000","1,256,000,000","1,255,000,000","1,256,000,000","1,255,000,000","1,255,000,000","1,255,000,000","1,262,000,000","1,266,000,000","1,267,000,000","1,270,000,000","1,276,000,000","1,290,000,000","1,296,000,000","1,298,000,000","1,307,000,000","1,307,000,000","1,306,000,000","1,307,000,000","1,308,000,000","1,316,000,000","1,322,000,000","1,335,000,000","1,383,000,000","1,436,000,000","1,463,000,000","1,472,000,000","1,488,000,000","1,506,000,000","1,513,899,000","1,532,723,000","1,536,525,000","1,533,882,000","1,532,105,000","1,526,945,000","1,521,372,000","1,517,208,000","1,514,770,000","1,513,902,000","1,512,572,000",,"1,534,066,000","1,569,614,000","1,592,230,000",,"1,666,012,000","1,763,604,000","1,803,212,000",,"1,806,638,000","1,811,222,000","1,819,560,000",,"1,841,614,000","1,845,592,000","1,856,208,000",,"1,853,926,000","1,863,354,000","1,853,880,000",,"1,829,732,000","1,830,020,000","1,845,700,000",,"1,824,392,000","1,811,768,000","1,798,196,000",,"1,725,092,000","1,716,496,000","1,709,072,000",,"1,613,392,000","1,601,888,000","1,586,624,000",,"1,569,120,000","1,561,336,000","1,550,400,000",,"1,524,896,000","1,516,464,000","1,509,584,000",,"1,474,848,000","1,426,912,000","1,418,880,000",,"1,389,714,286","1,000,000,000","972,307,692",,"971,034,483","947,200,000","910,769,231",,"915,555,556","902,857,143","902,857,143",,"875,294,118","887,272,727","822,857,143","672,000,000","601,904,762",,"596,363,636","589,473,684","606,315,789",,"595,555,556","580,000,000","590,769,231",,"480,000,000","480,000,000","480,000,000",,"484,800,000",,,,"288,000,000","266,666,667","320,000,000"
DilutedAverageShares,,"1,262,000,000","1,262,000,000","1,260,000,000","1,262,000,000","1,259,000,000","1,261,000,000","1,255,000,000","1,270,000,000","1,273,000,000","1,267,000,000","1,277,000,000","1,283,000,000","1,299,000,000","1,307,000,000","1,308,000,000","1,320,000,000","1,307,000,000","1,319,000,000","1,317,000,000","1,320,000,000","1,327,000,000","1,339,000,000","1,355,000,000","1,412,000,000","1,472,000,000","1,503,000,000","1,540,000,000","1,569,000,000","1,597,000,000","1,636,530,000","1,664,415,000","1,679,871,000","1,694,212,000","1,691,898,000","1,694,577,000","1,665,060,000","1,636,939,000","1,584,608,000","1,561,012,000","1,554,776,000",,"1,562,624,000","1,601,600,000","1,623,714,000",,"1,694,456,000","1,797,506,000","1,856,736,000",,"1,864,848,000","1,868,956,000","1,884,958,000",,"1,921,170,000","1,931,326,000","1,933,108,000",,"1,918,086,000","1,935,856,000","1,925,432,000",,"1,829,732,000","1,904,868,000","1,927,208,000",,"1,903,860,000","1,890,380,000","1,870,476,000",,"1,861,896,000","1,847,912,000","1,841,608,000",,"1,867,456,000","1,842,720,000","1,586,624,000",,"1,649,280,000","1,651,080,000","1,550,400,000",,"1,524,896,000","1,516,464,000","1,509,584,000",,"1,474,848,000","1,426,912,000","1,418,880,000",,"1,389,714,286","1,000,000,000","972,307,692",,"971,034,483","947,200,000","910,769,231",,"915,555,556","902,857,143","902,857,143",,"992,000,000","887,272,727","822,857,143","672,000,000","601,904,762",,"596,363,636","589,473,684","606,315,789",,"595,555,556","580,000,000","590,769,231",,"480,000,000","480,000,000","480,000,000",,"484,800,000",,,,"288,000,000","266,666,667","320,000,000"
TotalOperatingIncomeAsReported,"9,918,000,000","940,000,000","3,842,000,000","2,246,000,000","2,890,000,000","2,651,000,000","2,001,000,000","-2,983,000,000","2,402,000,000","1,093,000,000","-1,473,000,000","2,430,000,000","2,237,000,000","1,144,000,000","2,623,000,000","2,280,000,000","2,153,000,000","2,291,000,000","3,812,000,000","4,254,000,000","3,767,000,000","4,045,000,000","4,399,000,000","4,538,000,000","4,651,000,000","5,621,000,000","5,585,000,000","5,616,000,000","5,371,000,000","4,330,372,000","3,479,223,000","4,412,755,000","3,042,650,000","1,197,041,000","1,147,861,000","1,153,838,000","1,025,259,000","1,106,983,000","1,043,914,000","1,059,092,000","800,186,000","867,476,000","1,003,678,000","1,016,718,000","901,969,000","829,381,000","979,073,000","992,627,000","1,161,141,000","1,065,438,000","894,406,000","761,061,000","808,316,000","711,146,000","693,834,000","605,515,000","668,046,000","514,485,000","547,030,000","542,848,000","560,144,000","-1,553,259,000","57,540,000","365,315,000","371,652,000","362,029,000","249,885,000","276,757,000","222,430,000","165,298,000","163,770,000","158,198,000","144,423,000","87,977,000","79,173,000","107,772,000","-433,597,000","32,839,000","35,917,000","19,194,000","-6,943,000","-24,924,000","-360,868,000","-33,895,000","-25,802,000","-18,651,000","-20,941,000","-5,785,000","-6,941,000","-9,800,000","-16,200,000","-17,500,000","-19,400,000","-20,300,000","-21,700,000","-19,800,000","-12,200,000","-17,400,000","-15,100,000","-1,400,000","-11,900,000","-12,300,000","5,500,000","-15,900,000","-13,300,000","-9,900,000","-9,000,000","-10,000,000","-9,200,000","-7,900,000","-8,100,000","-9,100,000","-7,600,000","-6,800,000","-5,800,000","-6,900,000","-4,800,000","-3,700,000","-2,800,000",,,,,,,,
TotalExpenses,"17,210,000,000","6,304,000,000","3,560,000,000","3,875,000,000","3,471,000,000","4,706,000,000","3,405,000,000","3,602,000,000","3,146,000,000","4,786,000,000","7,077,000,000","3,255,000,000","3,044,000,000","4,651,000,000","2,973,000,000","3,368,000,000","2,935,000,000","3,658,000,000","2,700,000,000","2,887,000,000","2,738,000,000","3,275,000,000","3,101,000,000","3,238,000,000","3,143,000,000","2,885,000,000","2,710,000,000","2,628,000,000","2,223,000,000","2,983,897,000","2,562,609,000","2,122,188,000","1,956,306,000","1,922,785,000","1,634,972,000","1,613,556,000","1,506,376,000","1,481,302,000","1,382,683,000","1,346,094,000","1,482,263,000","1,332,902,000","1,117,982,000","1,120,535,000","1,024,125,000","1,169,306,000","958,583,000","934,597,000","924,712,000","966,941,000","906,983,000","886,094,000","722,144,000","717,059,000","677,434,000","661,759,000","590,106,000","580,238,000","511,773,000","505,241,000","468,286,000","414,002,000","335,625,000","319,987,000","321,226,000","247,237,000","243,566,000","218,512,000","207,984,000","204,287,000","162,417,000","161,524,000","164,704,000","175,540,000","121,199,000","131,098,000","110,103,000","112,188,000","98,067,000","90,169,000","85,359,000","99,255,000","411,783,000","84,582,000","83,638,000","73,916,000","66,030,000","55,764,000","52,163,000","58,600,000","54,600,000","26,200,000","24,300,000","29,300,000","24,700,000","26,800,000","25,800,000","27,300,000","20,000,000","21,100,000","17,400,000","18,100,000","19,200,000","18,100,000","14,100,000","11,000,000","9,900,000","10,900,000","10,500,000","9,500,000","9,200,000","10,200,000","8,700,000","7,800,000","6,800,000","7,900,000","5,800,000","4,700,000","3,900,000",,,,,,,,
NetIncomeFromContinuingAndDiscontinuedOperation,"6,225,000,000","382,000,000","2,592,000,000","1,522,000,000","1,729,000,000","1,551,000,000","360,000,000","-3,339,000,000","1,551,000,000","2,696,000,000","-1,165,000,000","1,880,000,000","1,975,000,000","3,000,000","2,097,000,000","1,817,000,000","1,538,000,000","-3,865,000,000","2,718,000,000","3,073,000,000","2,702,000,000","3,108,000,000","3,330,000,000","3,497,000,000","3,566,000,000","4,683,000,000","4,600,000,000","4,492,000,000","4,333,000,000","3,486,723,000","2,731,274,000","3,655,593,000","2,227,410,000","791,411,000","788,606,000","772,605,000","722,186,000","762,541,000","675,505,000","711,564,000","441,956,000","665,145,000","741,124,000","746,227,000","651,141,000","629,419,000","704,876,000","712,061,000","854,901,000","802,212,000","673,033,000","571,398,000","589,112,000","568,194,000","504,005,000","442,828,000","496,127,000","401,642,000","398,319,000","407,930,000","407,407,000","-1,665,647,000","-52,164,000","265,150,000","262,704,000","281,602,000","179,232,000","195,967,000","157,113,000","110,244,000","113,240,000","111,459,000","114,428,000","192,583,000","73,096,000","100,372,000","-438,054,000","35,479,000","20,757,000","19,711,000","-3,850,000","131,577,000","-25,196,000","-32,387,000","-22,812,000","-15,595,000","-17,564,000","-4,186,000","-5,761,000","-9,000,000","-30,400,000","-15,000,000","-15,800,000","-16,300,000","-17,600,000","-14,800,000","-7,400,000","-12,400,000","-10,300,000","2,700,000","-7,900,000","-8,000,000","9,300,000","-12,200,000","-10,800,000","-8,400,000","-7,900,000","-8,900,000","-8,200,000","-7,000,000","-7,200,000","-8,400,000","-6,700,000","-5,800,000","-4,800,000","-5,700,000","-3,900,000","-2,700,000","-1,800,000",,,,,"-1,000,000","-900,000","-1,000,000","-1,000,000"
NormalizedIncome,"6,357,573,000","382,000,000","2,606,288,000","1,602,160,000","1,776,182,000","1,605,474,090.408","1,214,830,000","-36,480,000","1,551,000,000","2,696,000,000","-1,165,000,000","1,880,000,000","1,975,000,000","3,000,000","2,097,000,000","1,817,000,000","1,538,000,000","-3,865,000,000","2,718,000,000","3,073,000,000","2,702,000,000","3,108,000,000","3,330,000,000","3,497,000,000","3,566,000,000","4,683,000,000","4,600,000,000","4,492,000,000","4,333,000,000","3,486,723,000","2,731,274,000","3,655,593,000","2,227,410,000","791,411,000","788,606,000","772,605,000","722,186,000","762,541,000","677,977,936.414","712,346,828.314","464,253,477.442","665,145,000","741,124,000","746,227,000","651,141,000","629,419,000","704,876,000","712,061,000","854,901,000","802,212,000","673,033,000","571,398,000","589,112,000","568,194,000","504,005,000","450,596,661.074","496,127,000","401,642,000","398,319,000","407,930,000","407,407,000","-442,557,200","161,176,800","265,150,000","262,704,000","281,602,000","179,232,000","195,967,000","157,113,000","161,682,607.679","102,727,174.006","111,459,000","100,230,587.296","210,290,800","68,465,221.972","100,372,000","-144,894,600","35,479,000","36,390,751.162","19,711,000","-3,850,000","-24,564,555.36","-30,148,400","-32,387,000","-22,578,000","-15,011,200","-17,416,400","-3,755,200","-5,208,400","-8,220,000","-20,620,000","-16,560,000","-17,960,000","-18,880,000","-20,060,000","-17,800,000","-10,400,000","-15,640,000","-13,120,000","180,000","-10,300,000","-10,880,000","6,960,000","-14,420,000","-12,360,000","-9,300,000","-8,500,000","-10,100,000","-8,800,000","-7,540,000","-7,800,000","-9,120,000","-7,240,000","-6,400,000","-5,460,000","-6,540,000","-4,440,000","-3,300,000","-2,400,000",,,,,"-1,000,000","-900,000","-1,000,000","-1,000,000"
InterestIncome,,,,,,,,,,,,,,,,,,,,,,,,,,,,,,,,,,,,,,,,,,"26,365,000","14,406,000","11,978,000","13,832,000","10,764,000","15,593,000","18,285,000","15,645,000","11,299,000","14,017,000","12,923,000","4,158,000",,,,,,,,,,,,,,,,,,,,,,,,,,,,,,,,,,,,,,,,,,,,,,,,,,,,,,,,,,,,,,,,,,,,,,,,,,
InterestExpense,"1,001,000,000","238,000,000","250,000,000","256,000,000","257,000,000","267,000,000","236,000,000","240,000,000","241,000,000","243,000,000","250,000,000","248,000,000","254,000,000","257,000,000","264,000,000","266,000,000","290,000,000","297,000,000","291,000,000","269,000,000","261,000,000","265,000,000","242,000,000","227,000,000","230,000,000","230,000,000","165,000,000","140,000,000","153,000,000","130,361,000","103,366,000","102,004,000","76,269,000","73,150,000","73,949,000","78,008,000","81,787,000","85,906,000","89,322,000","88,418,000","97,270,000","74,998,000","43,097,000","46,107,000","41,216,000","40,622,000","33,620,000","17,764,000","16,955,000","17,290,000","17,217,000","18,484,000","16,671,000",,,,,,,,,,,,,,,,,,,,,,,,,,,,,,,,,,,,,,,,,,,,,,,,,,,,,,,,,,,,,,,,,,,,,,,,,,
NetInterestIncome,"-1,001,000,000","-238,000,000","-250,000,000","-256,000,000","-257,000,000","-267,000,000","-236,000,000","-240,000,000","-241,000,000","-243,000,000","-250,000,000","-248,000,000","-254,000,000","-257,000,000","-264,000,000","-266,000,000","-290,000,000","-297,000,000","-291,000,000","-269,000,000","-261,000,000","-265,000,000","-242,000,000","-227,000,000","-230,000,000","-230,000,000","-165,000,000","-140,000,000","-153,000,000","-130,361,000","-103,366,000","-102,004,000","-76,269,000","-73,150,000","-73,949,000","-78,008,000","-81,787,000","-85,906,000","-89,322,000","-88,418,000","-97,270,000","-48,633,000","-28,691,000","-34,129,000","-27,384,000","-29,858,000","-18,027,000","521,000","-1,310,000","-5,991,000","-3,200,000","-5,561,000","-12,513,000",,,,,,,,,,,,,,,,,,,,,,,,,,,,,,,,,,,,,,,,,,,,,,,,,,,,,,,,,,,,,,,,,,,,,,,,,,
EBIT,"9,279,000,000","997,000,000","3,688,000,000","2,073,000,000","2,521,000,000","2,081,000,000","1,061,000,000","-2,733,000,000","2,244,000,000","2,144,000,000","-1,251,000,000","2,658,000,000","2,604,000,000","1,273,000,000","2,928,000,000","2,352,000,000","2,323,000,000","2,423,000,000","3,962,000,000","4,384,000,000","3,878,000,000","4,185,000,000","4,518,000,000","4,626,000,000","4,732,000,000","5,667,000,000","5,637,000,000","5,651,000,000","5,392,000,000","4,359,966,000","3,474,186,000","4,409,110,000","3,024,738,000","1,185,933,000","1,153,638,000","1,153,607,000","1,021,935,000","1,108,369,000","1,040,409,000","1,058,017,000","766,101,000","893,841,000","1,018,084,000","1,028,696,000","915,801,000","840,145,000","994,666,000","1,010,912,000","1,176,786,000","1,076,737,000","908,423,000","773,984,000","812,474,000","768,260,000","693,834,000","616,366,000","668,046,000","514,485,000","547,030,000","542,848,000","560,144,000","485,224,000","413,108,000","365,315,000","371,652,000","362,029,000","249,885,000","276,757,000","222,430,000","165,298,000","163,770,000","158,198,000","144,423,000","87,977,000","79,173,000","107,772,000","55,002,000","32,839,000","35,917,000","19,194,000","-6,943,000","-24,924,000","-360,868,000","-33,895,000","-25,802,000","-18,651,000","-20,941,000","-5,785,000","-6,941,000","-9,800,000","-16,200,000","-17,500,000","-19,400,000","-20,300,000","-21,700,000","-19,800,000","-12,200,000","-17,400,000","-15,100,000","-1,400,000","-11,900,000","-12,300,000","5,500,000","-15,900,000","-13,300,000","-9,900,000","-9,000,000","-10,000,000","-9,200,000","-7,900,000","-8,100,000","-9,100,000","-7,600,000","-6,800,000","-5,800,000","-6,900,000","-4,800,000","-3,700,000","-2,800,000","-7,200,000","500,000","200,000","200,000","-4,900,000","100,000","100,000","100,000"
EBITDA,"11,329,000,000"
ReconciledCostOfRevenue,"6,601,000,000","2,627,000,000","1,223,000,000","1,390,000,000","1,361,000,000","1,398,000,000","1,141,000,000","1,064,000,000","969,000,000","1,683,000,000","1,035,000,000","1,000,000,000","957,000,000","1,570,000,000","1,086,000,000","1,196,000,000","1,001,000,000","1,256,000,000","1,032,000,000","1,126,000,000","957,000,000","1,075,000,000","1,129,000,000","864,000,000","1,193,000,000","1,062,000,000","1,064,000,000","998,000,000","882,000,000","1,062,780,000","987,306,000","924,709,000","813,205,000","857,523,000","681,868,000","684,663,000","634,448,000","675,818,000","597,269,000","617,345,000","580,931,000","584,447,000","531,989,000","533,863,000","474,111,000","496,337,000","477,584,000","455,525,000","440,430,000","473,399,000","409,700,000","383,045,000","329,414,000","321,531,000","300,183,000","265,684,000","239,848,000","215,542,000","198,460,000","183,131,000","171,638,000","155,289,000","109,791,000","77,883,000","90,357,000","74,144,000","65,498,000","63,269,000","57,415,000","48,704,000","40,842,000","42,092,000","34,949,000","33,277,000","25,936,000","32,106,000","21,372,000","19,552,000","20,412,000","17,718,000","12,042,000","13,178,000","9,208,000","10,797,000","10,581,000","4,177,000","6,673,000","5,600,000","5,054,000","4,700,000","-500,000","-800,000","-700,000","-600,000","-600,000","-600,000","-500,000","-500,000","-600,000","-400,000","-300,000","-400,000","-400,000","-1,700,000","-1,100,000","-1,100,000","-1,100,000","-1,100,000","-2,800,000","6,200,000","-900,000","-800,000","-900,000","-600,000","-500,000","-400,000","-700,000","-400,000","-400,000",,,,,,,,
ReconciledDepreciation,"2,050,000,000","535,000,000","523,000,000","519,000,000","473,000,000","427,000,000","355,000,000","349,000,000","349,000,000","350,000,000","347,000,000","348,000,000","359,000,000","358,000,000","358,000,000","356,000,000","357,000,000","397,000,000","297,000,000","298,000,000","294,000,000","292,000,000","299,000,000","284,000,000","283,000,000","278,000,000","278,000,000","273,000,000","269,000,000","275,381,000","266,672,000","266,907,000","241,040,000","127,959,000","69,242,000","73,177,000","74,326,000","73,631,000","70,996,000","67,412,000","66,167,000","73,425,000","73,001,000","74,892,000","80,914,000","77,517,000","69,053,000","58,801,000","60,106,000","64,110,000","57,051,000","52,635,000","39,148,000","26,831,000","34,667,000","24,230,000","16,739,000","9,465,000","15,532,000","14,611,000","11,671,000","11,767,000","11,684,000","12,590,000","11,243,000","11,873,000","11,332,000","6,435,000","6,137,000","6,429,000","6,118,000","6,011,000","5,850,000","6,157,000","5,152,000","4,951,000","4,599,000","3,889,000","3,748,000","3,433,000","3,358,000","3,845,000","3,793,000","3,608,000","3,445,000","3,321,000","2,710,000","3,084,000","2,893,000","3,100,000","7,800,000","900,000","800,000","700,000","700,000","700,000","700,000","700,000","800,000","700,000","800,000","800,000","800,000","1,800,000","1,100,000","1,100,000","1,100,000","1,100,000","1,000,000","900,000","900,000","800,000","800,000","700,000","500,000","400,000","500,000","400,000","400,000",,,,,,,,
NetIncomeFromContinuingOperationNetMinorityInterest,"6,225,000,000","382,000,000","2,592,000,000","1,522,000,000","1,729,000,000","1,551,000,000","360,000,000","-3,339,000,000","1,551,000,000","2,696,000,000","-1,165,000,000","1,880,000,000","1,975,000,000","3,000,000","2,097,000,000","1,817,000,000","1,538,000,000","-3,865,000,000","2,718,000,000","3,073,000,000","2,702,000,000","3,108,000,000","3,330,000,000","3,497,000,000","3,566,000,000","4,683,000,000","4,600,000,000","4,492,000,000","4,333,000,000","3,486,723,000","2,731,274,000","3,655,593,000","2,227,410,000","791,411,000","788,606,000","772,605,000","722,186,000","762,541,000","675,505,000","711,564,000","441,956,000","665,145,000","741,124,000","746,227,000","651,141,000","629,419,000","704,876,000","712,061,000","854,901,000","802,212,000","673,033,000","571,398,000","589,112,000","568,194,000","504,005,000","442,828,000","496,127,000","401,642,000","398,319,000","407,930,000","407,407,000","-1,665,647,000","-52,164,000","265,150,000","262,704,000","281,602,000","179,232,000","195,967,000","157,113,000","110,244,000","113,240,000","111,459,000","114,428,000","192,583,000","73,096,000","100,372,000","-438,054,000","35,479,000","20,757,000","19,711,000","-3,850,000","131,577,000","-25,196,000","-32,387,000","-22,812,000","-15,595,000","-17,564,000","-4,186,000","-5,761,000","-9,000,000","-30,400,000","-15,000,000","-15,800,000","-16,300,000","-17,600,000","-14,800,000","-7,400,000","-12,400,000","-10,300,000","2,700,000","-7,900,000","-8,000,000","9,300,000","-12,200,000","-10,800,000","-8,400,000","-7,900,000","-8,900,000","-8,200,000","-7,000,000","-7,200,000","-8,400,000","-6,700,000","-5,800,000","-4,800,000","-5,700,000","-3,900,000","-2,700,000","-1,800,000",,,,,"-1,000,000","-900,000","-1,000,000","-1,000,000"
TotalUnusualItemsExcludingGoodwill,"-177,000,000","0","-19,000,000","-96,000,000","-62,000,000","-64,000,000","-1,171,000,000","-4,524,000,000",,,,,,,,,,,,,,,,,,,,,,,,,,,,,,,"-3,505,000","-1,075,000","-34,085,000",,,,,,,,,"0","0","0",,"0",,"-10,851,000",,,,,,"-2,038,483,000","-355,568,000",,,,,,,"-75,830,000","15,460,000",,"20,576,000","-29,513,000","4,875,000",,"-488,599,000","0","-16,048,000",,,"159,901,000","8,254,000",,"-390,000","-973,000","-246,000","-718,000","-921,000","-1,300,000","-16,300,000","2,600,000","3,600,000","4,300,000","4,100,000","5,000,000","5,000,000","5,400,000","4,700,000","4,200,000","4,000,000","4,800,000","3,900,000","3,700,000","2,600,000","1,500,000","1,000,000","2,000,000","1,000,000","900,000","1,000,000","1,200,000","900,000","1,000,000","1,100,000","1,400,000","900,000","1,000,000","1,000,000",,,,,,,,
TotalUnusualItems,"-177,000,000","0","-19,000,000","-96,000,000","-62,000,000","-64,000,000","-1,171,000,000","-4,524,000,000",,,,,,,,,,,,,,,,,,,,,,,,,,,,,,,"-3,505,000","-1,075,000","-34,085,000",,,,,,,,,"0","0","0",,"0",,"-10,851,000",,,,,,"-2,038,483,000","-355,568,000",,,,,,,"-75,830,000","15,460,000",,"20,576,000","-29,513,000","4,875,000",,"-488,599,000","0","-16,048,000",,,"159,901,000","8,254,000",,"-390,000","-973,000","-246,000","-718,000","-921,000","-1,300,000","-16,300,000","2,600,000","3,600,000","4,300,000","4,100,000","5,000,000","5,000,000","5,400,000","4,700,000","4,200,000","4,000,000","4,800,000","3,900,000","3,700,000","2,600,000","1,500,000","1,000,000","2,000,000","1,000,000","900,000","1,000,000","1,200,000","900,000","1,000,000","1,100,000","1,400,000","900,000","1,000,000","1,000,000",,,,,,,,
NormalizedEBITDA,"11,506,000,000","1,532,000,000","4,230,000,000","2,688,000,000","3,056,000,000","2,572,000,000","2,587,000,000","2,140,000,000","2,593,000,000","2,494,000,000","-904,000,000","3,006,000,000","2,963,000,000","1,631,000,000","3,286,000,000","2,708,000,000","2,680,000,000","2,820,000,000","4,259,000,000","4,682,000,000","4,172,000,000","4,477,000,000","4,817,000,000","4,910,000,000","5,015,000,000","5,945,000,000","5,915,000,000","5,924,000,000","5,661,000,000","4,635,347,000","3,740,858,000","4,676,017,000","3,265,778,000","1,313,892,000","1,222,880,000","1,226,784,000","1,096,261,000","1,182,000,000","1,114,910,000","1,126,504,000","866,353,000","967,266,000","1,091,085,000","1,103,588,000","996,715,000","917,662,000","1,063,719,000","1,069,713,000","1,236,892,000","1,140,847,000","965,474,000","826,619,000","851,622,000","795,091,000","728,501,000","651,447,000","684,785,000","523,950,000","562,562,000","557,459,000","571,815,000","2,535,474,000","780,360,000","377,905,000","382,895,000","373,902,000","261,217,000","283,192,000","228,567,000","247,557,000","154,428,000","164,209,000","129,697,000","123,647,000","79,450,000","112,723,000","548,200,000","36,728,000","55,713,000","22,627,000","-3,585,000","-180,980,000","-365,329,000","-30,287,000","-21,967,000","-14,357,000","-17,985,000","-1,983,000","-3,127,000","-5,400,000","7,900,000","-19,200,000","-22,200,000","-23,900,000","-25,100,000","-24,100,000","-16,500,000","-22,100,000","-19,000,000","-4,900,000","-15,100,000","-16,300,000","2,400,000","-17,800,000","-14,800,000","-10,300,000","-8,900,000","-10,900,000","-7,400,000","-7,900,000","-8,200,000","-9,500,000","-7,600,000","-7,100,000","-6,400,000","-7,900,000","-5,000,000","-4,300,000","-3,400,000","-7,200,000","500,000","200,000","200,000","-4,900,000","100,000","100,000","100,000"
TaxRateForCalcs,"0.251","0.27","0.248","0.165","0.239","0.149","0.27","0.27","0.232","0.27","0.222","0.222","0.163","0.27","0.212","0.128","0.243","0.4","0.261","0.254","0.254","0.209","0.222","0.205","0.208","0.138","0.161","0.184","0.173","0.182","0.192","0.152","0.246","0.293","0.273","0.286","0.237","0.258","0.294","0.272","0.346","0.192","0.244","0.244","0.26","0.217","0.269","0.286","0.265","0.245","0.248","0.247","0.263","0.221","0.277","0.284","0.28","0.261","0.308","0.285","0.299","0.4","0.4","0.335","0.339","0.257","0.32","0.32","0.32","0.322","0.32","0.31","0.31","0.4","0.05","0.05","0.4","0.029","0.026","0.031","0.2","0.024","0.4","0.4","0.4","0.4","0.4","0.4","0.4","0.4","0.4","0.4","0.4","0.4","0.4","0.4","0.4","0.4","0.4","0.4","0.4","0.4","0.4","0.4","0.4","0.4","0.4","0.4","0.4","0.4","0.4","0.4","0.4","0.4","0.4","0.4","0.4","0.4","0.4",,,,,"0.4","0.4","0.4","0.4"
TaxEffectOfUnusualItems,"-44,427,000","0","-4,712,000","-15,840,000","-14,818,000","-9,525,909.592","-316,170,000","-1,221,480,000","0","0","0","0","0","0","0","0","0","0","0","0","0","0","0","0","0","0","0","0","0","0","0","0","0","0","0","0","0","0","-1,032,063.586","-292,171.686","-11,787,522.558","0","0","0","0","0","0","0","0","0","0","0","0","0","0","-3,082,338.926","0","0","0","0","0","-815,393,200","-142,227,200","0","0","0","0","0","0","-24,391,392.321","4,947,174.006","0","6,378,587.296","-11,805,200","244,221.972","0","-195,439,600","0","-414,248.838","0","0","3,759,444.64","3,301,600","0","-156,000","-389,200","-98,400","-287,200","-368,400","-520,000","-6,520,000","1,040,000","1,440,000","1,720,000","1,640,000","2,000,000","2,000,000","2,160,000","1,880,000","1,680,000","1,600,000","1,920,000","1,560,000","1,480,000","1,040,000","600,000","400,000","800,000","400,000","360,000","400,000","480,000","360,000","400,000","440,000","560,000","360,000","400,000","400,000",,,,,"0","0","0","0"