name,ttm,02/28/2022,11/30/2021,08/31/2021,05/31/2021,02/28/2021,11/30/2020,08/31/2020,05/31/2020,02/29/2020,11/30/2019,08/31/2019,05/31/2019,02/28/2019,11/30/2018,08/31/2018,05/31/2018,02/28/2018,11/30/2017,08/31/2017,05/31/2017,02/28/2017,11/30/2016,08/31/2016,05/31/2016,02/29/2016,11/30/2015,08/31/2015,05/31/2015,02/28/2015,11/30/2014,08/31/2014,05/31/2014,02/28/2014,11/30/2013,08/31/2013,05/31/2013,02/28/2013,11/30/2012,08/31/2012,05/31/2012,02/29/2012,11/30/2011,08/31/2011,05/31/2011,02/28/2011,11/30/2010,08/31/2010,05/31/2010,02/28/2010,11/30/2009,08/31/2009,05/31/2009,02/28/2009,11/30/2008,08/31/2008,05/31/2008,02/29/2008,11/30/2007,08/31/2007,05/31/2007,02/28/2007,11/30/2006,08/31/2006,05/31/2006,02/28/2006,11/30/2005,08/31/2005,05/31/2005,02/28/2005,11/30/2004,08/31/2004,05/31/2004,02/29/2004,11/30/2003,08/31/2003,05/31/2003,02/28/2003,11/30/2002,08/31/2002,05/31/2002,02/28/2002,11/30/2001,08/31/2001,05/31/2001,02/28/2001,11/30/2000,08/31/2000,05/31/2000,02/29/2000,11/30/1999,08/31/1999,05/31/1999,02/28/1999,11/30/1998,08/31/1998,05/31/1998,02/28/1998,11/30/1997,08/31/1997,05/31/1997,02/28/1997,11/30/1996,08/31/1996,05/31/1996,02/29/1996,11/30/1995,08/31/1995,05/31/1995,02/28/1995,11/30/1994,08/31/1994,05/31/1994,02/28/1994,11/30/1993,08/31/1993,05/31/1993,02/28/1993,11/30/1992,08/31/1992,05/31/1992,02/29/1992,11/30/1991,08/31/1991,05/31/1991,02/28/1991,11/30/1990,08/31/1990,05/31/1990,02/28/1990,11/30/1989,08/31/1989,05/31/1989,02/28/1989,11/30/1988,08/31/1988,05/31/1988,02/29/1988,11/30/1987,08/31/1987,05/31/1987,02/28/1987,11/30/1986,08/31/1986,05/31/1986,02/28/1986,11/30/1985,08/31/1985
TotalRevenue,"18,625,200,000","4,537,700,000","5,024,000,000","4,539,900,000","4,523,600,000","4,520,000,000","4,719,400,000","4,364,000,000","5,023,000,000","4,180,300,000","4,420,800,000","4,002,500,000","4,161,700,000","4,198,300,000","4,411,200,000","4,094,000,000","3,890,200,000","3,882,300,000","4,198,700,000","3,769,200,000","3,806,600,000","3,793,200,000","4,112,100,000","3,907,900,000","3,927,900,000","4,002,400,000","4,424,900,000","4,207,900,000","4,298,800,000","4,350,900,000","4,712,200,000","4,268,400,000","4,283,800,000","4,377,400,000","4,875,700,000","4,372,700,000","4,410,700,000","4,430,600,000","4,881,800,000","4,051,000,000","4,066,400,000","4,120,100,000","4,623,800,000","3,847,600,000","3,634,300,000","3,646,200,000","4,066,600,000","3,533,100,000","3,570,400,000","3,629,100,000","4,078,200,000","3,518,800,000","3,645,700,000","3,537,400,000","4,010,800,000","3,497,300,000","3,471,100,000","3,405,600,000","3,703,400,000","3,072,000,000","3,061,000,000","3,054,000,000","3,467,000,000","2,860,000,000","2,845,000,000","2,860,000,000","3,273,000,000","2,662,000,000","2,719,000,000","2,772,000,000","3,168,000,000","2,585,000,000","2,789,000,000","2,703,000,000","3,060,000,000","2,518,000,000","2,546,000,000","2,645,000,000","2,953,000,000","2,362,000,000","730,700,000","3,104,500,000","2,342,600,000","1,771,200,000","1,806,000,000","1,701,600,000","1,895,200,000","1,674,900,000","1,689,800,000","1,619,600,000","1,817,200,000","1,573,600,000","1,600,500,000","1,495,100,000","1,677,400,000","1,473,100,000","1,553,500,000","1,424,700,000","1,638,300,000","1,416,500,000","1,444,000,000","1,289,600,000","1,560,100,000","1,315,600,000","1,382,100,000","1,309,200,000","1,448,400,000","1,276,300,000","1,078,400,000","1,287,000,000","2,201,800,000","1,981,100,000","2,143,500,000","2,101,400,000","2,182,200,000","2,089,800,000","2,007,400,000","2,010,700,000","2,096,900,000","2,019,600,000","2,000,500,000","1,868,300,000","1,992,500,000","1,916,500,000","1,829,300,000","1,747,600,000","1,836,800,000","1,739,500,000","1,707,700,000","1,612,200,000","1,626,600,000","1,501,800,000","1,369,800,000","1,455,700,000","1,415,800,000","1,379,300,000","848,100,000","1,443,700,000","1,511,700,000","1,375,300,000","1,350,300,000","1,311,300,000","1,334,700,000","1,186,400,000","1,161,300,000","1,153,900,000","1,203,500,000","1,067,900,000"
	OperatingRevenue,"18,625,200,000","4,537,700,000","5,024,000,000","4,539,900,000","4,523,600,000","4,520,000,000","4,719,400,000","4,364,000,000","5,023,000,000","4,180,300,000","4,420,800,000","4,002,500,000","4,161,700,000","4,198,300,000","4,411,200,000","4,094,000,000","3,890,200,000","3,882,300,000","4,198,700,000","3,769,200,000","3,806,600,000","3,793,200,000","4,112,100,000","3,907,900,000","3,927,900,000","4,002,400,000","4,424,900,000","4,207,900,000","4,298,800,000","4,350,900,000","4,712,200,000","4,268,400,000","4,283,800,000","4,377,400,000","4,875,700,000","4,372,700,000","4,410,700,000","4,430,600,000","4,881,800,000","4,051,000,000","4,066,400,000","4,120,100,000","4,623,800,000","3,847,600,000","3,634,300,000","3,646,200,000","4,066,600,000","3,533,100,000","3,570,400,000","3,629,100,000","4,078,200,000","3,518,800,000","3,645,700,000","3,537,400,000","4,010,800,000","3,497,300,000","3,471,100,000","3,405,600,000","3,703,400,000","3,072,000,000","3,061,000,000","3,054,000,000","3,467,000,000","2,860,000,000","2,845,000,000","2,860,000,000","3,273,000,000","2,662,000,000","2,719,000,000","2,772,000,000","3,168,000,000","2,585,000,000","2,789,000,000","2,703,000,000","3,060,000,000","2,518,000,000","2,546,000,000","2,645,000,000","2,953,000,000","2,362,000,000","730,700,000","3,104,500,000","2,342,600,000","1,771,200,000","1,806,000,000","1,701,600,000","1,895,200,000","1,674,900,000","1,689,800,000","1,619,600,000","1,817,200,000","1,573,600,000","1,600,500,000","1,495,100,000","1,677,400,000","1,473,100,000","1,553,500,000","1,424,700,000","1,638,300,000","1,416,500,000","1,444,000,000","1,289,600,000","1,560,100,000","1,315,600,000","1,382,100,000","1,309,200,000","1,448,400,000","1,276,300,000","1,078,400,000","1,287,000,000","2,201,800,000","1,981,100,000","2,143,500,000","2,101,400,000","2,182,200,000","2,089,800,000","2,007,400,000","2,010,700,000","2,096,900,000","2,019,600,000","2,000,500,000","1,868,300,000","1,992,500,000","1,916,500,000","1,829,300,000","1,747,600,000","1,836,800,000","1,739,500,000","1,707,700,000","1,612,200,000","1,626,600,000","1,501,800,000","1,369,800,000","1,455,700,000","1,415,800,000","1,379,300,000","848,100,000","1,443,700,000","1,511,700,000","1,375,300,000","1,350,300,000","1,311,300,000","1,334,700,000","1,186,400,000","1,161,300,000","1,153,900,000","1,203,500,000","1,067,900,000"
CostOfRevenue,"12,410,000,000","3,134,000,000","3,392,800,000","2,942,500,000","2,940,700,000","2,966,100,000","2,998,300,000","2,773,600,000","3,254,900,000","2,777,100,000","2,851,700,000","2,613,000,000","2,700,400,000","2,755,300,000","2,901,500,000","2,751,200,000","2,471,100,000","2,627,000,000","2,755,700,000","2,459,100,000","2,486,900,000","2,485,500,000","2,592,600,000","2,491,000,000","2,551,100,000","2,644,900,000","2,884,300,000","2,653,300,000","2,783,300,000","2,975,000,000","3,093,100,000","2,829,700,000","2,801,400,000","2,864,700,000","3,114,000,000","2,759,700,000","2,880,100,000","2,907,900,000","3,139,500,000","2,422,700,000","2,570,300,000","2,612,700,000","3,029,100,000","2,401,100,000","2,269,900,000","2,215,400,000","2,432,600,000","2,008,800,000","2,279,100,000","2,251,600,000","2,332,100,000","2,060,100,000","2,101,100,000","2,259,900,000","2,791,200,000","2,305,600,000","2,438,900,000","2,051,400,000","2,372,200,000","1,915,800,000","1,989,000,000","1,982,000,000","2,188,000,000","1,796,000,000","1,735,000,000","1,746,000,000","1,928,000,000","1,557,000,000","1,669,000,000","1,695,000,000","1,889,000,000","1,581,000,000","1,675,000,000","1,638,000,000","1,797,000,000","1,474,000,000","1,482,000,000","1,567,000,000","1,768,000,000","1,386,000,000","1,508,400,000","1,498,400,000","1,039,800,000","720,400,000","886,900,000","651,900,000","700,200,000","602,200,000","638,000,000","598,900,000","678,400,000","573,500,000","640,200,000","570,800,000","651,700,000","536,600,000","639,300,000","552,400,000","653,700,000","543,900,000","584,900,000","548,300,000","659,400,000","535,800,000","586,200,000","533,100,000","596,100,000","525,600,000","439,800,000","528,500,000","1,185,800,000","1,074,900,000","1,146,200,000","1,106,800,000","1,127,100,000","1,078,100,000","1,105,700,000","1,069,300,000","1,080,300,000","1,042,300,000","1,092,300,000","983,400,000","1,045,600,000","1,001,900,000","971,300,000","877,100,000","962,700,000","911,000,000","930,300,000","875,800,000","873,700,000","805,300,000",,,,,,,,,,,,,,,,
GrossProfit,"6,215,200,000","1,403,700,000","1,631,200,000","1,597,400,000","1,582,900,000","1,553,900,000","1,721,100,000","1,590,400,000","1,768,100,000","1,403,200,000","1,569,100,000","1,389,500,000","1,461,300,000","1,443,000,000","1,509,700,000","1,342,800,000","1,419,100,000","1,255,300,000","1,443,000,000","1,310,100,000","1,319,700,000","1,307,700,000","1,519,500,000","1,416,900,000","1,376,800,000","1,357,500,000","1,540,600,000","1,554,600,000","1,515,500,000","1,375,900,000","1,619,100,000","1,438,700,000","1,482,400,000","1,512,700,000","1,761,700,000","1,613,000,000","1,530,600,000","1,522,700,000","1,742,300,000","1,628,300,000","1,496,100,000","1,507,400,000","1,594,700,000","1,446,500,000","1,364,400,000","1,430,800,000","1,634,000,000","1,524,300,000","1,291,300,000","1,377,500,000","1,746,100,000","1,458,700,000","1,544,600,000","1,277,500,000","1,219,600,000","1,191,700,000","1,032,200,000","1,354,200,000","1,331,200,000","1,156,200,000","1,072,000,000","1,072,000,000","1,279,000,000","1,064,000,000","1,110,000,000","1,114,000,000","1,345,000,000","1,105,000,000","1,050,000,000","1,077,000,000","1,279,000,000","1,004,000,000","1,114,000,000","1,065,000,000","1,263,000,000","1,044,000,000","1,064,000,000","1,078,000,000","1,185,000,000","976,000,000","-777,700,000","1,606,100,000","1,302,800,000","1,050,800,000","919,100,000","1,049,700,000","1,195,000,000","1,072,700,000","1,051,800,000","1,020,700,000","1,138,800,000","1,000,100,000","960,300,000","924,300,000","1,025,700,000","936,500,000","914,200,000","872,300,000","984,600,000","872,600,000","859,100,000","741,300,000","900,700,000","779,800,000","795,900,000","776,100,000","852,300,000","750,700,000","638,600,000","758,500,000","1,016,000,000","906,200,000","997,300,000","994,600,000","1,055,100,000","1,011,700,000","901,700,000","941,400,000","1,016,600,000","977,300,000","908,200,000","884,900,000","946,900,000","914,600,000","858,000,000","870,500,000","874,100,000","828,500,000","777,400,000","736,400,000","752,900,000","696,500,000",,,,,,,,,,,,,,,,
OperatingExpense,"3,160,600,000","751,400,000","828,800,000","757,400,000","823,000,000","716,300,000","804,100,000","736,200,000","927,100,000","746,600,000","759,000,000","718,900,000","743,200,000","696,600,000","753,300,000","742,700,000","706,800,000","655,100,000","711,600,000","679,100,000","693,400,000","687,600,000","708,100,000","712,200,000","779,200,000","755,800,000","772,700,000","811,200,000","825,900,000","789,400,000","845,500,000","867,200,000","865,900,000","842,100,000","890,900,000","875,400,000","928,200,000","874,500,000","910,600,000","839,000,000","857,400,000","838,700,000","877,100,000","807,500,000","825,700,000","790,200,000","810,100,000","762,900,000","817,400,000","809,600,000","842,500,000","766,600,000","749,200,000","671,000,000","729,400,000","719,400,000","698,300,000","653,800,000","641,300,000","631,600,000","625,000,000","585,000,000","605,000,000","577,000,000","682,000,000","654,000,000","700,000,000","642,000,000","590,000,000","580,000,000","637,000,000","611,000,000","586,000,000","589,000,000","677,000,000","591,000,000","651,000,000","571,000,000","623,000,000","533,000,000","-1,054,800,000","1,307,800,000","917,100,000","738,900,000","698,100,000","753,900,000","838,600,000","776,600,000","838,500,000","739,100,000","809,800,000","725,100,000","766,000,000","666,800,000","715,100,000","681,200,000","738,200,000","634,900,000","693,900,000","626,500,000","722,800,000","515,100,000","630,500,000","553,600,000","643,200,000","568,100,000","598,400,000","505,300,000","595,600,000","564,100,000","745,900,000","637,300,000","805,900,000","739,500,000","802,000,000","711,900,000","761,000,000","684,500,000","773,800,000","700,100,000","722,600,000","652,700,000","712,500,000","664,100,000","694,700,000","640,600,000","657,400,000","611,700,000","647,800,000","564,100,000","594,700,000","511,500,000",,,,,,,,,,,,,,,,
	SellingGeneralAndAdministration,"3,160,600,000","751,400,000","828,800,000","757,400,000","823,000,000","716,300,000","804,100,000","736,200,000","927,100,000","746,600,000","759,000,000","718,900,000","743,200,000","696,600,000","753,300,000","742,700,000","706,800,000","655,100,000","711,600,000","679,100,000","693,400,000","687,600,000","708,100,000","712,200,000","779,200,000","755,800,000","772,700,000","811,200,000","825,900,000","789,400,000","845,500,000","867,200,000","865,900,000","842,100,000","890,900,000","875,400,000","928,200,000","874,500,000","910,600,000","839,000,000","857,400,000","838,700,000","877,100,000","807,500,000","828,800,000","790,200,000","810,100,000","762,900,000","817,400,000","809,600,000","842,500,000","766,600,000","834,100,000","671,000,000","729,400,000","719,400,000","698,300,000","653,800,000","641,300,000","631,600,000","625,000,000","585,000,000","605,000,000","575,000,000","682,000,000","654,000,000","700,000,000","642,000,000","590,000,000","580,000,000","637,000,000","611,000,000","586,000,000","589,000,000","677,000,000","591,000,000","651,000,000","571,000,000","623,000,000","533,000,000","-1,054,800,000","1,307,800,000","917,100,000","738,900,000","858,200,000","697,800,000","785,700,000","725,500,000","779,100,000","687,400,000","760,000,000","677,200,000","714,200,000","618,800,000","667,800,000","634,100,000","687,500,000","588,100,000","645,400,000","577,600,000","671,000,000","470,000,000","587,500,000","510,700,000","594,900,000","523,100,000","551,700,000","458,600,000","545,700,000","516,200,000","666,900,000","556,500,000","721,800,000","663,700,000","729,500,000","640,500,000","683,800,000","616,900,000","708,300,000","636,200,000","655,800,000","589,600,000","652,700,000","606,400,000","635,800,000","585,300,000","604,100,000","560,800,000","597,900,000","519,000,000","550,000,000","471,100,000",,,,,,,,,,,,,,,,
	DepreciationAmortizationDepletionIncomeStatement,,,,,,,,,,,,,,,,,,,,,,,,,,,,,,,,,,,,,,,,,,,,,,,,,,,,,,,,,,,,,,,,,,,,,,,,,,,,,,,,,,,,,,"56,100,000","52,900,000","51,100,000","59,400,000","51,700,000","49,800,000","47,900,000","51,800,000","48,000,000","47,300,000","47,100,000","50,700,000","46,800,000","48,500,000","48,900,000","51,800,000","45,100,000","43,000,000","42,900,000","48,300,000","45,000,000","46,700,000","46,700,000","49,900,000","47,900,000","79,000,000","80,800,000","84,100,000","75,800,000","72,500,000","71,400,000","77,200,000","67,600,000","65,500,000","63,900,000","66,800,000","63,100,000","59,800,000","57,700,000","58,900,000","55,300,000","53,300,000","50,900,000","49,900,000","45,100,000","44,700,000","40,400,000",,,,,,,,,,,,,,,,
		DepreciationAndAmortizationInIncomeStatement,,,,,,,,,,,,,,,,,,,,,,,,,,,,,,,,,,,,,,,,,,,,,,,,,,,,,,,,,,,,,,,,,,,,,,,,,,,,,,,,,,,,,,"56,100,000","52,900,000","51,100,000","59,400,000","51,700,000","49,800,000","47,900,000","51,800,000","48,000,000","47,300,000","47,100,000","50,700,000","46,800,000","48,500,000","48,900,000","51,800,000","45,100,000","43,000,000","42,900,000","48,300,000","45,000,000","46,700,000","46,700,000","49,900,000","47,900,000","79,000,000","80,800,000","84,100,000","75,800,000","72,500,000","71,400,000","77,200,000","67,600,000","65,500,000","63,900,000","66,800,000","63,100,000","59,800,000","57,700,000","58,900,000","55,300,000","53,300,000","50,900,000","49,900,000","45,100,000","44,700,000","40,400,000",,,,,,,,,,,,,,,,
	OtherOperatingExpenses,,,,,,,,,,,,,,,,,,,,,,,,,,,,,,,,,,,,,,,,,,,,,"-3,100,000",,,,,,,,,,,,,,,,,,,"2,000,000",,,,,,,,,,,,,,,,,,,,,,,,,,,,,,,,,,,,,,,,,,,,,,,,,,,,,,,,,,,,,,,,,,,,,,,,,,,,,,,,,,,,
OperatingIncome,"3,054,600,000","652,300,000","802,400,000","840,000,000","759,900,000","837,600,000","917,000,000","854,200,000","841,000,000","656,600,000","810,100,000","670,600,000","718,100,000","746,400,000","756,400,000","600,100,000","712,300,000","600,200,000","731,400,000","631,000,000","626,300,000","620,100,000","811,400,000","704,700,000","597,600,000","601,700,000","767,900,000","743,400,000","689,600,000","586,500,000","773,600,000","571,500,000","616,500,000","670,600,000","870,800,000","737,600,000","602,400,000","648,200,000","831,700,000","789,300,000","638,700,000","668,700,000","717,600,000","639,000,000","538,700,000","640,600,000","823,900,000","761,400,000","473,900,000","567,900,000","903,600,000","692,100,000","795,400,000","606,500,000","490,200,000","472,300,000","333,900,000","700,400,000","689,900,000","524,600,000","447,000,000","487,000,000","674,000,000","487,000,000","428,000,000","460,000,000","645,000,000","463,000,000","460,000,000","497,000,000","642,000,000","393,000,000","528,000,000","476,000,000","586,000,000","453,000,000","413,000,000","507,000,000","562,000,000","443,000,000","277,100,000","298,300,000","385,700,000","311,900,000","221,000,000","295,800,000","356,400,000","296,100,000","213,300,000","281,600,000","329,000,000","275,000,000","194,300,000","257,500,000","310,600,000","255,300,000","176,000,000","237,400,000","290,700,000","246,100,000","136,300,000","226,200,000","270,200,000","226,200,000","152,700,000","208,000,000","253,900,000","245,400,000","43,000,000","194,400,000","270,100,000","268,900,000","191,400,000","255,100,000","253,100,000","299,800,000","140,700,000","256,900,000","242,800,000","277,200,000","185,600,000","232,200,000","234,400,000","250,500,000","163,300,000","229,900,000","216,700,000","216,800,000","129,600,000","172,300,000","158,200,000","185,000,000","-3,705,800,000","1,455,700,000","1,415,800,000","1,379,300,000","-3,850,200,000","1,443,700,000","1,511,700,000","1,375,300,000","-3,371,800,000","1,311,300,000","1,334,700,000","1,186,400,000","-3,061,400,000","1,153,900,000","1,203,500,000","1,067,900,000"
NetNonOperatingInterestIncomeExpense,"-377,700,000","-86,500,000","-92,700,000","-95,900,000","-102,600,000","-106,000,000","-100,600,000","-111,100,000","-118,600,000","-109,800,000","-119,400,000","-118,700,000","-124,800,000","-130,800,000","-132,700,000","-133,500,000","-137,100,000","-89,300,000","-74,900,000","-72,400,000","-69,300,000","-76,400,000","-75,500,000","-73,900,000","-77,500,000","-77,200,000","-73,800,000","-75,300,000","-79,600,000","-80,000,000","-77,300,000","-78,500,000","-79,400,000","-75,500,000","-68,700,000","-78,800,000","-81,800,000","-76,600,000","-75,500,000","-83,000,000","-83,300,000","-96,000,000","-87,200,000","-85,400,000","-89,400,000","-85,000,000","-81,600,000","-90,300,000","-127,000,000","-94,200,000","-88,500,000","-91,900,000","-102,400,000","-100,400,000","-98,500,000","-88,700,000","-89,900,000","-102,600,000","-115,900,000","-113,300,000","-105,000,000","-107,000,000",,,,,,,,,,,,,,,,,,,,,,,,,,,,,,,,,,,,,,,,,,,,,,,,,,,,,,,,,,,,,,,,,,,,,,,,,,,,,,,,,,,,,,
	InterestIncomeNonOperating,,,,,,,,,,,,,,,,,,,,,,,,,,,,,,,,,,,,,,,,,,,,"1,800,000","2,400,000",,"1,600,000","1,400,000","1,500,000","1,400,000","1,600,000",,,"5,400,000","5,600,000","6,500,000","8,200,000","7,100,000","6,300,000","5,700,000","10,000,000","9,000,000",,,,,,,,,,,,,,,,,,,,,,,,,,,,,,,,,,,,,,,,,,,,,,,,,,,,,,,,,,,,,,,,,,,,,,,,,,,,,,,,,,,,,,
	InterestExpenseNonOperating,,"86,500,000",,,,,,,,,,,,,,,,,,,,,,,,,,,,,,,,,,,,,,,,,,"87,200,000","91,800,000",,"83,200,000","91,700,000","128,500,000","95,600,000","90,100,000","91,900,000","84,900,000","105,800,000","104,100,000","95,200,000","98,100,000","109,700,000","122,200,000","119,000,000","115,000,000","116,000,000",,,,,,,,,,,,,,,,,,,,,,,,,,,,,,,,,,,,,,,,,,,,,,,,,,,,,,,,,,,,,,,,,,,,,,,,,,,,,,,,,,,,,,
	TotalOtherFinanceCost,,"86,500,000","92,700,000","95,900,000","102,600,000","106,000,000","100,600,000","111,100,000","118,600,000","109,800,000","119,400,000","118,700,000","124,800,000","130,800,000","132,700,000","133,500,000","137,100,000","89,300,000","74,900,000","72,400,000","69,300,000","76,400,000","75,500,000","73,900,000","77,500,000","77,200,000","73,800,000","75,300,000","79,600,000","80,000,000","77,300,000","78,500,000","79,400,000","75,500,000","68,700,000","78,800,000",,"76,600,000","75,500,000","83,000,000",,"96,000,000","87,200,000",,,"85,000,000",,"90,300,000",,,"88,500,000","91,900,000",,,,,,,,,,,,,,,,,,,,,,,,,,,,,,,,,,,,,,,,,,,,,,,,,,,,,,,,,,,,,,,,,,,,,,,,,,,,,,,,,,,,,,,,,,,,,,,,
OtherIncomeExpense,"70,700,000","190,100,000","25,400,000","33,900,000","-178,700,000","22,400,000","32,500,000","32,800,000","10,600,000","24,500,000","31,300,000","22,000,000","22,600,000","-73,700,000","-188,400,000","22,300,000","-151,300,000","-7,500,000","-1,600,000","-5,200,000","-17,100,000","-77,600,000","-42,500,000","-58,900,000","-65,500,000","-15,400,000","137,800,000","-60,100,000","-266,000,000","-49,300,000","-214,600,000","-14,000,000","65,400,000",,"-700,000","-2,800,000","-1,800,000","-6,100,000","-2,700,000","-9,200,000","-100,700,000","-100,000","-700,000","-100,000","-2,300,000","14,200,000","-1,000,000","-1,000,000","-1,000,000","-6,300,000","-24,900,000","800,000","-164,000,000","-1,200,000","126,300,000","-2,700,000","1,300,000","-5,000,000","-2,800,000","-14,500,000","-41,000,000","-1,000,000","24,000,000","21,000,000","-4,000,000","10,000,000","19,000,000","9,000,000","343,000,000","20,000,000","21,000,000","-14,000,000","19,000,000","10,000,000","7,000,000","20,000,000","53,000,000","-9,000,000","-7,000,000","-38,000,000","-43,800,000","-31,000,000","-105,700,000","23,500,000","40,900,000","2,000,000","5,900,000","3,000,000","2,200,000","-5,500,000","3,100,000","3,500,000","8,500,000","-5,500,000","-53,900,000","2,600,000","11,600,000","-2,200,000","-167,200,000","900,000","-1,500,000","-5,500,000","1,500,000","-49,200,000",,,,,"-43,600,000","-139,600,000",,,,,,,,,,,,,,,,,,,,,,,,,,,,,,,,,,,,,,
	EarningsFromEquityInterest,,,,,,,,,,,,,,,,,,,,,,,,,,,,,,,,,,,,,,,,,,,,,,,,,,,,,,,,,,,,,,,"23,000,000","19,000,000","10,000,000","15,000,000","21,000,000","18,000,000","16,000,000","23,000,000","24,000,000","26,000,000","23,000,000","15,000,000","16,000,000","20,000,000","17,000,000","13,000,000","14,000,000","17,000,000",,,,,,,,,,,,,,,,,,,,,,,,,,,,,,,,,,,,,,,,,,,,,,,,,,,,,,,,,,,,,,,,,,,,
	SpecialIncomeCharges,"-47,000,000","163,000,000","-2,300,000","4,300,000","-212,000,000","-11,000,000","-400,000","-500,000","-11,500,000","-5,800,000","1,100,000","-8,200,000","-2,000,000","-95,100,000","-209,400,000","1,400,000","-151,300,000","-7,500,000","-1,600,000","-5,200,000","-17,100,000","-77,600,000","-42,500,000","-58,900,000","-65,500,000","-15,400,000","137,800,000","-60,100,000","-266,000,000","-49,300,000","-214,600,000","-14,000,000","65,400,000","0","-700,000","-2,800,000","-1,800,000","-6,100,000","-2,700,000","-9,200,000","-100,700,000","-100,000","-700,000","-100,000","-2,300,000","14,200,000","-1,000,000","-1,000,000","-1,000,000","-6,300,000","-24,900,000","800,000","-164,000,000","-1,200,000","126,300,000","-2,700,000","1,300,000","-5,000,000","-2,800,000","-14,500,000","-41,000,000","-1,000,000","1,000,000","2,000,000","-14,000,000","-5,000,000","-2,000,000","-9,000,000","327,000,000","-3,000,000","-3,000,000","-40,000,000","-4,000,000","-5,000,000","-9,000,000",,"36,000,000","-22,000,000","-21,000,000","-55,000,000","-76,800,000","-31,000,000","-105,700,000","23,500,000","40,900,000","2,000,000","5,900,000","3,000,000","2,200,000","-5,500,000","3,100,000","3,500,000","8,500,000","-5,500,000","-53,900,000","2,600,000","11,600,000","-2,200,000","-167,200,000","900,000","-1,500,000","-5,500,000","1,500,000","-49,200,000",,,,,"-43,600,000","-139,600,000",,,,,,,,,,,,,,,,,,,,,,,,,,,,,,,,,,,,,,
		RestructuringAndMergernAcquisition,"163,600,000","7,100,000","2,300,000","-4,300,000","158,500,000","11,000,000","400,000","500,000","11,500,000","5,800,000","-1,100,000","8,200,000","7,400,000","59,700,000","209,400,000","-1,400,000","151,300,000","7,500,000","1,600,000","5,200,000","17,100,000","77,600,000","29,000,000","58,900,000","13,100,000","16,900,000","61,300,000","60,100,000","266,000,000","49,300,000","214,600,000","14,000,000","100,000","0","700,000","2,800,000","1,800,000","6,100,000","2,700,000","9,200,000","100,700,000","100,000","700,000","100,000","2,300,000","100,000","1,000,000","1,000,000","1,000,000","6,300,000","24,900,000","-800,000","35,200,000","1,200,000","2,500,000","2,700,000","-1,300,000","5,000,000","2,800,000","14,500,000","41,000,000","1,000,000","-1,000,000","-2,000,000","14,000,000","5,000,000","2,000,000","9,000,000","38,000,000","3,000,000","3,000,000","40,000,000","12,000,000","5,000,000","9,000,000",,,,,,,,,,,,,,,,,,,,,,,,,,,,,,,,,,,,,,,,,,,,,,,,,,,,,,,,,,,,,,,,,,,,,,,,,
		OtherSpecialCharges,,,,,,,,,,,"-30,200,000","-30,200,000","-24,600,000","-21,400,000","-21,000,000","-20,900,000",,,,,,,,,,,,,,,,,,,,,,,,,,,,,,,,,,,,,,,"-128,800,000",,,,,,,,,,,,,,,,,,,,,,,,,,,,,,,,,,,,,,,,,,,,,,,,,,,,,,,,,,,,,,,,,,,,,,,,,,,,,,,,,,,,,,,,,,,,,
		GainOnSaleOfBusiness,"116,600,000","170,100,000",,,"-53,500,000",,,,"0","0",,,"5,400,000","-35,400,000",,,"0","0","0",,"0","0","-13,500,000",,"-52,400,000","1,500,000","199,100,000",,"0",,,,"65,500,000",,,,,,,,"0","0",,,,"14,300,000",,,,,,,,,,,,,,,,,,,,,,,,,,,,,,,,,,,,,,,,,,,,,,,,,,,,,,,,,,,,,,,,,,,,,,,,,,,,,,,,,,,,,,,,,,,,,,,,,,,,,,
	OtherNonOperatingIncomeExpenses,"117,700,000","27,100,000","27,700,000","29,600,000","33,300,000","33,400,000","32,900,000","33,300,000","22,100,000","30,300,000","30,200,000","30,200,000","24,600,000","21,400,000","21,000,000","20,900,000",,,,,,,,,,,,,,,,,,,,,,,,,,,,,,,,,,,,,,,,,,,,,,,,,,,,,,,,,,,,,,,,,,,,,,,,,,,,,,,,,,,,,,,,,,,,,,,,,,,,,,,,,,,,,,,,,,,,,,,,,,,,,,,,,,,,
PretaxIncome,"2,747,600,000","755,900,000","735,100,000","778,000,000","478,600,000","754,000,000","848,900,000","775,900,000","733,000,000","571,300,000","722,000,000","573,900,000","615,900,000","541,900,000","435,300,000","488,900,000","423,900,000","503,400,000","654,900,000","553,400,000","539,900,000","466,100,000","693,400,000","571,900,000","454,600,000","509,100,000","831,900,000","608,000,000","344,000,000","457,200,000","481,700,000","479,000,000","602,500,000","595,100,000","801,400,000","656,000,000","518,800,000","565,500,000","753,500,000","697,100,000","454,700,000","572,600,000","629,700,000","553,500,000","447,000,000","569,800,000","741,300,000","670,100,000","345,900,000","467,400,000","790,200,000","601,000,000","529,000,000","504,900,000","518,000,000","380,900,000","245,300,000","592,800,000","571,200,000","396,800,000","301,000,000","379,000,000","565,000,000","386,000,000","309,000,000","354,000,000","540,000,000","364,000,000","674,000,000","387,000,000","514,000,000","240,000,000","392,000,000","348,000,000","466,000,000","319,000,000","336,000,000","363,000,000","415,000,000","246,000,000","101,500,000","112,700,000","211,300,000","286,500,000","201,700,000","242,400,000","309,900,000","244,300,000","166,900,000","239,600,000","298,000,000","245,800,000","162,500,000","220,600,000","227,300,000","228,100,000","143,300,000","208,400,000","96,200,000","215,800,000","106,800,000","195,500,000","247,200,000","154,200,000","126,400,000","182,900,000","228,100,000","218,400,000","-27,200,000","28,600,000","238,600,000","241,100,000","17,600,000","232,900,000","229,700,000","273,100,000","120,500,000","237,100,000","225,700,000","260,700,000","168,300,000","219,600,000","222,200,000","234,400,000","146,700,000","214,300,000","200,800,000","203,800,000","121,800,000","163,900,000","150,200,000","176,800,000",,,,,,,,,,,,,,,,
TaxProvision,"558,700,000","123,200,000","159,700,000","168,900,000","106,900,000","162,000,000","189,400,000","170,800,000","139,600,000","118,200,000","155,500,000","67,200,000","54,700,000","95,800,000","106,600,000","110,700,000","86,400,000","-432,500,000","234,900,000","168,500,000","144,200,000","107,000,000","227,400,000","176,600,000","87,500,000","157,600,000","311,500,000","198,600,000","164,300,000","116,500,000","153,400,000","152,600,000","203,700,000","200,900,000","266,700,000","212,000,000","163,500,000","174,200,000","245,400,000","158,100,000","135,400,000","187,300,000","209,400,000","177,500,000","155,700,000","181,700,000","160,700,000","223,000,000","148,500,000","157,900,000","261,600,000","203,200,000","182,400,000","231,700,000","173,100,000","133,200,000","91,200,000","192,400,000","208,300,000","130,300,000","92,000,000","127,000,000","203,000,000","138,000,000","97,000,000","123,000,000","191,000,000","130,000,000","230,000,000","180,000,000","171,000,000","83,000,000","137,000,000","121,000,000","158,000,000","112,000,000","111,000,000","123,000,000","139,000,000","87,000,000","25,100,000","38,000,000","80,500,000","95,400,000","72,400,000","84,900,000","107,200,000","85,400,000","58,000,000","86,300,000","104,300,000","87,300,000","57,700,000","79,500,000","83,700,000","83,100,000","51,500,000","77,300,000","31,600,000","81,500,000","38,600,000","72,700,000","90,500,000","56,500,000","48,900,000","66,600,000","82,400,000","81,500,000","-10,700,000","5,300,000","89,400,000","90,300,000","-800,000","87,900,000","89,000,000","107,500,000","53,000,000","96,200,000","87,600,000","101,100,000","65,200,000","87,500,000","93,900,000","92,300,000","55,800,000","83,000,000","82,600,000","80,000,000","46,500,000","64,100,000","58,800,000","69,600,000",,,,,,,,,,,,,,,,
EarningsFromEquityInterestNetOfTax,"120,200,000","29,900,000","33,000,000","29,100,000","28,200,000","11,800,000","36,400,000","41,300,000","33,600,000","10,800,000","24,900,000","21,800,000","20,000,000","11,800,000","22,500,000","17,700,000","20,600,000","16,600,000","23,800,000","23,700,000","19,900,000","11,100,000","29,800,000","24,200,000","23,300,000","16,200,000","23,200,000","25,700,000","18,100,000","13,100,000","27,100,000","26,000,000","16,600,000","22,800,000","26,100,000","24,100,000","21,500,000","21,300,000","32,900,000","23,100,000","15,500,000","15,500,000","28,900,000","28,300,000","29,800,000","5,400,000","34,700,000","26,500,000","15,300,000","24,000,000","38,200,000","24,200,000","12,200,000","15,700,000","33,300,000","30,800,000","31,100,000","29,700,000","27,600,000","22,400,000","15,000,000","16,000,000",,,,,,,,,,,,,,,,,,,,,,,,,,,,,,,,,,,,,,,,,,,,,,,,,,,,,,,,,,,,,,,,,,,,,,,,,,,,,,,,,,,,,,
NetIncomeCommonStockholders,"2,301,300,000","660,300,000","597,200,000","627,000,000","416,800,000","595,700,000","688,400,000","638,900,000","625,700,000","454,100,000","580,800,000","520,600,000","570,200,000","446,800,000","343,400,000","392,300,000","354,400,000","941,400,000","430,500,000","404,700,000","408,900,000","357,800,000","481,800,000","409,000,000","379,600,000","361,700,000","529,500,000","426,600,000","186,800,000","343,200,000","346,100,000","345,200,000","404,600,000","410,600,000","549,900,000","459,300,000","366,300,000","398,400,000","541,600,000","548,900,000","325,400,000","391,500,000","444,800,000","405,600,000","320,200,000","392,100,000","613,900,000","472,100,000","211,900,000","332,500,000","565,500,000","420,600,000","358,800,000","288,900,000","378,200,000","278,500,000","193,200,000","430,100,000","390,500,000","280,900,000","224,000,000","268,000,000","385,000,000","267,000,000","222,000,000","246,000,000","370,000,000","252,000,000","460,000,000","230,000,000","367,000,000","183,000,000","278,000,000","242,000,000","308,000,000","227,000,000","225,000,000","240,000,000","276,000,000","176,000,000","56,700,000","82,500,000","130,800,000","188,000,000","146,000,000","157,500,000","202,700,000","158,900,000","108,900,000","153,300,000","193,700,000","158,500,000","104,800,000","141,100,000","143,600,000","145,000,000","91,800,000","131,100,000","64,600,000","134,300,000","68,200,000","122,800,000","156,700,000","97,700,000","77,500,000","116,300,000","145,700,000","136,900,000","62,000,000","5,400,000","149,200,000","150,800,000","18,400,000","145,000,000","140,700,000","165,800,000","67,500,000","140,900,000","138,100,000","159,600,000","93,100,000","132,100,000","128,300,000","142,100,000","90,900,000","134,100,000","118,200,000","129,500,000","75,300,000","99,800,000","91,400,000","114,900,000",,,,,,,,,,,,,,,,
	NetIncome,"2,301,300,000","660,300,000","597,200,000","627,000,000","416,800,000","595,700,000","688,400,000","638,900,000","625,700,000","454,100,000","580,800,000","520,600,000","570,200,000","446,800,000","343,400,000","392,300,000","354,400,000","941,400,000","430,500,000","404,700,000","408,900,000","357,800,000","481,800,000","409,000,000","379,600,000","361,700,000","529,500,000","426,600,000","186,800,000","343,200,000","346,100,000","345,200,000","404,600,000","410,600,000","549,900,000","459,300,000","366,300,000","398,400,000","541,600,000","548,900,000","325,400,000","391,500,000","444,800,000","405,600,000","320,200,000","392,100,000","613,900,000","472,100,000","211,900,000","332,500,000","565,500,000","420,600,000","358,800,000","288,900,000","378,200,000","278,500,000","185,200,000","430,100,000","390,500,000","288,900,000","224,000,000","268,000,000","385,000,000","267,000,000","222,000,000","246,000,000","370,000,000","252,000,000","460,000,000","230,000,000","367,000,000","183,000,000","278,000,000","242,000,000","308,000,000","227,000,000","225,000,000","240,000,000","276,000,000","176,000,000","56,700,000","82,500,000","130,800,000","188,000,000","146,000,000","157,500,000","202,700,000","158,900,000","108,900,000","153,300,000","193,700,000","158,500,000","104,800,000","141,100,000","143,600,000","145,000,000","91,800,000","131,100,000","64,600,000","134,300,000","68,200,000","122,800,000","156,700,000","97,700,000","77,500,000","116,300,000","145,700,000","136,900,000","62,000,000","5,400,000","149,200,000","150,800,000","18,400,000","145,000,000","140,700,000","165,800,000","67,500,000","140,900,000","138,100,000","159,600,000","93,100,000","132,100,000","128,300,000","142,100,000","90,900,000","134,100,000","118,200,000","129,500,000","75,300,000","99,800,000","91,400,000","114,900,000",,,,,,,,,,,,,,,,
		NetIncomeIncludingNoncontrollingInterests,"2,309,100,000","662,600,000","608,400,000","638,200,000","399,900,000","603,800,000","695,900,000","646,400,000","627,000,000","463,900,000","591,400,000","528,500,000","581,200,000","457,900,000","351,200,000","395,900,000","358,100,000","952,500,000","443,800,000","408,600,000","415,600,000","370,200,000","495,800,000","419,500,000","390,400,000","367,700,000","543,600,000","435,100,000","197,800,000","353,800,000","355,400,000","352,400,000","415,400,000","417,000,000","560,800,000","468,100,000","376,800,000","412,600,000","541,000,000","562,100,000","334,800,000","400,800,000","449,200,000","404,300,000","321,100,000","393,500,000","615,300,000","473,600,000","212,700,000","333,500,000","566,800,000","422,000,000","358,800,000","288,900,000","378,200,000","278,500,000","185,200,000","430,100,000","390,500,000","288,900,000","224,000,000","268,000,000","385,000,000","267,000,000","222,000,000","246,000,000","370,000,000","252,000,000","499,000,000","230,000,000","367,000,000","183,000,000","278,000,000","242,000,000","308,000,000","227,000,000","225,000,000","240,000,000","276,000,000","176,000,000","56,700,000","82,500,000","130,800,000","188,000,000","146,000,000","157,500,000","202,700,000","158,900,000","108,900,000","153,300,000","193,700,000","158,500,000","104,800,000","141,100,000","143,600,000","145,000,000","91,800,000","131,100,000","64,600,000","134,300,000","68,200,000","122,800,000","156,700,000","97,700,000","77,500,000","116,300,000","145,700,000","136,900,000","62,000,000","5,400,000","149,200,000","150,800,000","18,400,000","145,000,000","140,700,000","165,800,000","67,500,000","140,900,000","138,100,000","159,600,000","93,100,000","132,100,000","128,300,000","142,100,000","90,900,000","134,100,000","118,200,000","129,500,000","75,300,000","99,800,000","91,400,000","114,900,000","32,500,000","82,300,000","79,600,000","289,900,000","54,900,000","71,400,000","79,600,000","77,200,000","36,100,000","56,900,000","69,900,000","59,100,000","42,200,000","46,400,000","46,000,000","48,900,000"
			NetIncomeContinuousOperations,"2,309,100,000","662,600,000","608,400,000","638,200,000","399,900,000","603,800,000","695,900,000","646,400,000","627,000,000","463,900,000","591,400,000","528,500,000","581,200,000","457,900,000","351,200,000","395,900,000","358,100,000","952,500,000","443,800,000","408,600,000","415,600,000","370,200,000","495,800,000","419,500,000","390,400,000","367,700,000","543,600,000","435,100,000","197,800,000","353,800,000","355,400,000","352,400,000","415,400,000","417,000,000","560,800,000","468,100,000","376,800,000","412,600,000","541,000,000","562,100,000","334,800,000","400,800,000","449,200,000","404,300,000","321,100,000","393,500,000","615,300,000","473,600,000","212,700,000","333,500,000","566,800,000","422,000,000","358,800,000","288,900,000","378,200,000","278,500,000","185,200,000","430,100,000","390,500,000","288,900,000","224,000,000","268,000,000","385,000,000","267,000,000","222,000,000","246,000,000","370,000,000","252,000,000","460,000,000","230,000,000","367,000,000","183,000,000","278,000,000","242,000,000","308,000,000","227,000,000","225,000,000","240,000,000","276,000,000","176,000,000","56,600,000","82,500,000","130,800,000","191,100,000","146,000,000","157,500,000","202,700,000","158,900,000","108,900,000","153,300,000","193,700,000","158,500,000","104,800,000","141,100,000","143,600,000","145,000,000","91,800,000","131,100,000","64,600,000","134,300,000","68,200,000","122,800,000","156,700,000","97,700,000","77,500,000","116,300,000","145,700,000","136,900,000","-16,500,000","23,300,000","149,200,000","150,800,000","18,400,000","145,000,000","140,700,000","165,600,000","67,500,000","140,900,000","138,100,000","159,600,000","103,100,000","132,100,000","128,300,000","142,100,000","90,900,000","131,300,000","118,200,000","123,800,000","75,300,000","99,800,000","91,400,000","107,200,000","62,600,000","82,300,000","79,600,000","90,800,000","37,200,000","71,400,000","79,600,000","77,200,000","44,600,000","56,900,000","60,200,000","60,300,000","42,200,000","46,400,000","46,000,000","48,900,000"
			NetIncomeDiscontinuousOperations,,,,,,,,,,,,,,,,,,,,,,,,,,,,,,,,,,,,,,,,,,,,,,,,,,,,,,,,,,,,,,,,,,,,,,,,,,,,,,,,,,,,,,,,,,,,,,,,,,,,,,,,,,,,,"78,500,000","-17,900,000",,,,,,,,,,,,,,,"0","2,800,000",,"5,700,000","0",,,"7,700,000","-30,100,000",,,"199,100,000",,,,,,,"9,700,000","-1,200,000",,,,
			NetIncomeExtraordinary,,,,,,,,,,,,,,,,,,,,,,,,,,,,,,,,,,,,,,,,,,,,,,,,,,,,,,,,,,,,,,,,,,,,,,,,,,,,,,,,,"100,000",,,"-3,100,000",,,,,,,,,,,,,,,,,,,,,,,,,,,,,"0",,,"200,000",,,,,,,,,,,,,,,,,,,,,,,,,,,,,,,,
		MinorityInterests,"-7,800,000","-2,300,000","-11,200,000","-11,200,000","16,900,000","-8,100,000","-7,500,000","-7,500,000","-1,300,000","-9,800,000","-10,600,000","-7,900,000","-11,000,000","-11,100,000","-7,800,000","-3,600,000","-3,700,000","-11,100,000","-13,300,000","-3,900,000","-6,700,000","-12,400,000","-14,000,000","-10,500,000","-10,800,000","-6,000,000","-14,100,000","-8,500,000","-11,000,000","-10,600,000","-9,300,000","-7,200,000","-10,800,000","-6,400,000","-10,900,000","-8,800,000","-10,500,000","-14,200,000","600,000","-13,200,000","-9,400,000","-9,300,000","-4,400,000","1,300,000","-900,000","-1,400,000","-1,400,000","-1,500,000","-800,000","-1,000,000","-1,300,000","-1,400,000",,,,,,,,,,,,,,,,,,,,,,,,,,,,,,,,,,,,,,,,,,,,,,,,,,,,,,,,,,,,,,,,,,,,,,,,,,,,,,,,,,,,,,,,,,,,,,,,
	OtherunderPreferredStockDividend,,,,,,,,,,,,,,,,,,,,,,,,,,,,,,,,,,,,,,,,,,,,,,,,,,,,,,,,,,,,"8,000,000",,,,,,,,,,,,,,,,,,,,,,,,,,,,,,,,,,,,,,,,,,,,,,,,,,,,,,,,,,,,,,,,,,,,,,,,,,,,,,,,,,,,,,,,
AverageDilutionEarnings,,,,,,,,,,,,,,,,,,,,,,,,,,,,,,,,,,,,,,,,,,,,,,,,,,,,,,,,,,,,,"0","0",,,,,,,,,,,,,,,,,,,,,,,,,,,,,,,,,,,,,,,,,,,,,,,,,,,,,,,,,,,,,,,,,,,,,,,,,,,,,,,,,,,,,,
DilutedNIAvailtoComStockholders,"2,301,300,000","660,300,000","597,200,000","627,000,000","416,800,000","595,700,000","688,400,000","638,900,000","625,700,000","454,100,000","580,800,000","520,600,000","570,200,000","446,800,000","343,400,000","392,300,000","354,400,000","941,400,000","430,500,000","404,700,000","408,900,000","357,800,000","481,800,000","409,000,000","379,600,000","361,700,000","529,500,000","426,600,000","186,800,000","343,200,000","346,100,000","345,200,000","404,600,000","410,600,000","549,900,000","459,300,000","366,300,000","398,400,000","541,600,000","548,900,000","325,400,000","391,500,000","444,800,000","405,600,000","320,200,000","392,100,000","613,900,000","472,100,000","211,900,000","332,500,000","565,500,000","420,600,000","358,800,000","288,900,000","378,200,000","278,500,000","185,200,000","430,100,000","390,500,000","280,900,000","224,000,000","268,000,000","385,000,000","267,000,000","222,000,000","246,000,000","370,000,000","252,000,000","460,000,000","230,000,000","367,000,000","183,000,000","278,000,000","242,000,000","308,000,000","227,000,000","225,000,000","240,000,000","276,000,000","176,000,000","56,700,000","82,500,000","130,800,000","188,000,000","146,000,000","157,500,000","202,700,000","158,900,000","108,900,000","153,300,000","193,700,000","158,500,000","104,800,000","141,100,000","143,600,000","145,000,000","91,800,000","131,100,000","64,600,000","134,300,000","68,200,000","122,800,000","156,700,000","97,700,000","77,500,000","116,300,000","145,700,000","136,900,000","62,000,000","5,400,000","149,200,000","150,800,000","18,400,000","145,000,000","140,700,000","165,800,000","67,500,000","140,900,000","138,100,000","159,600,000","93,100,000","132,100,000","128,300,000","142,100,000","90,900,000","134,100,000","118,200,000","129,500,000","75,300,000","99,800,000","91,400,000","114,900,000",,,,,,,,,,,,,,,,
BasicEPS,,"1.09","0.98","1.03","0.681","0.97","1.12","1.04","1.03","0.75","0.96","0.86","0.95","0.74","0.57","0.66","0.59","1.64","0.75","0.7","0.7","0.62","0.82","0.68","0.63","0.61","0.88","0.71","0.31","0.57","0.58","0.56","0.66","0.66","0.87","0.71",,"0.61","0.84","0.84",,"0.61","0.69","0.63",,"0.61","0.96","0.73",,"0.5","0.86","0.645",,"0.44","0.57","0.415",,"0.64","0.595","0.425",,"0.385","0.56","0.38",,"0.345","0.52","0.345",,"0.315","0.495","0.24",,"0.32","0.41","0.305",,"0.325","0.375","0.24",,"0.115","0.215","0.33",,"0.275","0.36","0.28",,"0.255","0.32","0.26",,"0.23","0.235","0.235",,"0.21","0.105","0.21",,"0.195","0.25","0.155",,"0.185","0.23","0.215",,"0.01","0.24","0.24",,"0.23","0.22","0.26",,"0.215","0.215","0.245",,"0.2","0.195","0.215",,"0.205","0.18","0.2",,"0.155","0.14","0.18",,"0.125","0.125","0.445",,"0.105","0.115","0.11",,"0.08","0.1","0.08",,"0.065","0.065","0.07"
DilutedEPS,,"1.08","0.97","1.02","0.675","0.96","1.11","1.03","1.02","0.74","0.95","0.85","0.94","0.74","0.57","0.65","0.59","1.62","0.74","0.69","0.69","0.61","0.8","0.67","0.62","0.59","0.87","0.69","0.3","0.56","0.56","0.55","0.65","0.64","0.84","0.7",,"0.6","0.82","0.82",,"0.58","0.67","0.61",,"0.59","0.92","0.7",,"0.48","0.83","0.625",,"0.425","0.545","0.395",,"0.615","0.57","0.405",,"0.37","0.54","0.37",,"0.34","0.485","0.32",,"0.29","0.485","0.235",,"0.315","0.405","0.295",,"0.315","0.365","0.235",,"0.11","0.205","0.32",,"0.27","0.35","0.275",,"0.25","0.31","0.25",,"0.225","0.23","0.23",,"0.205","0.1","0.205",,"0.19","0.245","0.155",,"0.185","0.23","0.215",,"0.01","0.24","0.24",,"0.23","0.22","0.26",,"0.215","0.215","0.245",,"0.2","0.195","0.215",,"0.205","0.18","0.2",,"0.155","0.14","0.18",,"0.125","0.125","0.445",,"0.105","0.115","0.11",,"0.08","0.1","0.08",,"0.065","0.065","0.07"
BasicAverageShares,,"606,800,000","608,600,000","610,400,000","612,400,000","615,000,000","614,800,000","614,100,000","610,900,000","607,900,000","607,400,000","606,000,000","603,700,000","600,400,000","599,400,000","598,000,000","587,100,000","572,500,000","571,300,000","576,500,000","579,000,000","580,700,000","588,800,000","600,000,000","598,900,000","595,600,000","599,400,000","601,700,000","628,600,000","598,200,000","602,600,000","612,600,000","614,800,000","623,500,000","633,200,000","643,000,000",,"648,500,000","648,100,000","650,400,000",,"647,900,000","646,300,000","647,900,000",,"638,900,000","642,100,000","647,300,000",,"663,600,000","657,400,000","653,000,000",,"658,400,000","666,400,000","672,800,000",,"674,000,000","656,000,000","659,800,000",,"692,000,000","687,500,000","704,000,000",,"713,043,478","711,538,462","730,000,000",,"730,158,730","740,000,000","758,000,000",,"750,000,000","748,000,000","744,000,000",,"738,000,000","736,000,000","752,000,000",,"731,200,000","614,800,000","569,400,000",,"568,600,000","565,800,000","567,400,000",,"599,800,000","607,000,000","609,615,385",,"613,478,261","611,063,830","617,021,277",,"624,285,714","615,238,095","639,523,810",,"629,743,590","626,800,000","630,322,581",,"628,648,649","633,478,261","636,744,186",,"631,600,000","630,800,000","632,400,000",,"630,434,783","639,545,455","637,692,308",,"655,348,837","642,325,581","651,428,571",,"660,500,000","657,948,718","660,930,233",,"654,146,341","656,666,667","647,500,000",,"643,870,968","652,857,143","638,333,333",,"657,296,000","656,360,000","669,240,000",,"705,856,000","705,856,000","705,856,000",,"705,480,000","717,344,000","717,344,000",,"713,776,000","712,752,000","711,056,000"
DilutedAverageShares,,"612,400,000","613,000,000","614,800,000","617,500,000","619,400,000","619,600,000","619,800,000","616,100,000","612,800,000","612,300,000","611,500,000","609,300,000","604,500,000","604,500,000","603,300,000","593,500,000","582,700,000","580,300,000","586,900,000","588,900,000","591,400,000","599,700,000","612,400,000","611,900,000","608,500,000","612,400,000","615,500,000","645,700,000","613,800,000","618,400,000","629,100,000","632,200,000","640,200,000","650,000,000","660,300,000",,"665,100,000","664,500,000","667,400,000",,"667,300,000","665,800,000","667,000,000",,"660,100,000","664,500,000","671,900,000",,"689,400,000","681,200,000","672,800,000",,"680,400,000","694,000,000","701,000,000",,"699,400,000","684,800,000","689,800,000",,"720,000,000","712,962,963","726,000,000",,"723,529,412","762,886,598","804,000,000",,"793,103,448","754,000,000","774,000,000",,"766,000,000","766,000,000","764,000,000",,"758,000,000","754,000,000","752,000,000",,"755,800,000","636,600,000","589,600,000",,"587,600,000","580,400,000","581,000,000",,"612,600,000","626,200,000","634,000,000",,"627,111,111","624,347,826","630,434,783",,"639,512,195","646,000,000","655,121,951",,"646,315,789","639,591,837","630,322,581",,"628,648,649","633,478,261","636,744,186",,"631,600,000","630,800,000","632,400,000",,"630,434,783","639,545,455","637,692,308",,"655,348,837","642,325,581","651,428,571",,"660,500,000","657,948,718","660,930,233",,"654,146,341","656,666,667","647,500,000",,"643,870,968","652,857,143","638,333,333",,"657,296,000","656,360,000","669,240,000",,"705,856,000","705,856,000","705,856,000",,"705,480,000","717,344,000","717,344,000",,"713,776,000","712,752,000","711,056,000"
TotalOperatingIncomeAsReported,"3,007,600,000","815,300,000","800,100,000","844,300,000","547,900,000","826,600,000","916,600,000","853,700,000","829,500,000","650,800,000","811,200,000","662,400,000","716,100,000","651,300,000","547,000,000","601,500,000","561,000,000","592,700,000",,"625,800,000","609,200,000","542,500,000","768,900,000","645,800,000","532,100,000","586,300,000","905,700,000","683,300,000","423,600,000","537,200,000","559,000,000","557,500,000","681,900,000","670,600,000","870,100,000","734,800,000","600,600,000","642,100,000","829,000,000","780,100,000","538,000,000","668,600,000","716,900,000","638,900,000","536,400,000","654,800,000","822,900,000","760,400,000","472,900,000","561,600,000","878,700,000","692,900,000","631,400,000","605,300,000","616,500,000","469,600,000","335,200,000","695,400,000","687,100,000","510,100,000","406,000,000","486,000,000","675,000,000","489,000,000","414,000,000","455,000,000","643,000,000","454,000,000","422,000,000","494,000,000","639,000,000","353,000,000","516,000,000","471,000,000","577,000,000","453,000,000","351,000,000","507,000,000","562,000,000","443,000,000","277,100,000","298,300,000","385,700,000","311,900,000","221,000,000","295,800,000","356,400,000","296,100,000","213,300,000","281,600,000","329,000,000","275,000,000","194,300,000","257,500,000","310,600,000","255,300,000","176,000,000","237,400,000","290,700,000","246,100,000","136,300,000","226,200,000","270,200,000","226,200,000","152,700,000","208,000,000","253,900,000","245,400,000","43,000,000","194,400,000","270,100,000","268,900,000","191,400,000","255,100,000","253,100,000","299,800,000","140,700,000","256,900,000","242,800,000","277,200,000","185,600,000","232,200,000","234,400,000","250,500,000","163,300,000","229,900,000","216,700,000","216,800,000","129,600,000","172,300,000","158,200,000","185,000,000",,,,,,,,,,,,,,,,
TotalExpenses,"15,570,600,000","3,885,400,000","4,221,600,000","3,699,900,000","3,763,700,000","3,682,400,000","3,802,400,000","3,509,800,000","4,182,000,000","3,523,700,000","3,610,700,000","3,331,900,000","3,443,600,000","3,451,900,000","3,654,800,000","3,493,900,000","3,177,900,000","3,282,100,000","3,467,300,000","3,138,200,000","3,180,300,000","3,173,100,000","3,300,700,000","3,203,200,000","3,330,300,000","3,400,700,000","3,657,000,000","3,464,500,000","3,609,200,000","3,764,400,000","3,938,600,000","3,696,900,000","3,667,300,000","3,706,800,000","4,004,900,000","3,635,100,000","3,808,300,000","3,782,400,000","4,050,100,000","3,261,700,000","3,427,700,000","3,451,400,000","3,906,200,000","3,208,600,000","3,095,600,000","3,005,600,000","3,242,700,000","2,771,700,000","3,096,500,000","3,061,200,000","3,174,600,000","2,826,700,000","2,850,300,000","2,930,900,000","3,520,600,000","3,025,000,000","3,137,200,000","2,705,200,000","3,013,500,000","2,547,400,000","2,614,000,000","2,567,000,000","2,793,000,000","2,373,000,000","2,417,000,000","2,400,000,000","2,628,000,000","2,199,000,000","2,259,000,000","2,275,000,000","2,526,000,000","2,192,000,000","2,261,000,000","2,227,000,000","2,474,000,000","2,065,000,000","2,133,000,000","2,138,000,000","2,391,000,000","1,919,000,000","453,600,000","2,806,200,000","1,956,900,000","1,459,300,000","1,585,000,000","1,405,800,000","1,538,800,000","1,378,800,000","1,476,500,000","1,338,000,000","1,488,200,000","1,298,600,000","1,406,200,000","1,237,600,000","1,366,800,000","1,217,800,000","1,377,500,000","1,187,300,000","1,347,600,000","1,170,400,000","1,307,700,000","1,063,400,000","1,289,900,000","1,089,400,000","1,229,400,000","1,101,200,000","1,194,500,000","1,030,900,000","1,035,400,000","1,092,600,000","1,931,700,000","1,712,200,000","1,952,100,000","1,846,300,000","1,929,100,000","1,790,000,000","1,866,700,000","1,753,800,000","1,854,100,000","1,742,400,000","1,814,900,000","1,636,100,000","1,758,100,000","1,666,000,000","1,666,000,000","1,517,700,000","1,620,100,000","1,522,700,000","1,578,100,000","1,439,900,000","1,468,400,000","1,316,800,000",,,,,,,,,,,,,,,,
NetIncomeFromContinuingAndDiscontinuedOperation,"2,301,300,000","660,300,000","597,200,000","627,000,000","416,800,000","595,700,000","688,400,000","638,900,000","625,700,000","454,100,000","580,800,000","520,600,000","570,200,000","446,800,000","343,400,000","392,300,000","354,400,000","941,400,000","430,500,000","404,700,000","408,900,000","357,800,000","481,800,000","409,000,000","379,600,000","361,700,000","529,500,000","426,600,000","186,800,000","343,200,000","346,100,000","345,200,000","404,600,000","410,600,000","549,900,000","459,300,000","366,300,000","398,400,000","541,600,000","548,900,000","325,400,000","391,500,000","444,800,000","405,600,000","320,200,000","392,100,000","613,900,000","472,100,000","211,900,000","332,500,000","565,500,000","420,600,000","358,800,000","288,900,000","378,200,000","278,500,000","185,200,000","430,100,000","390,500,000","288,900,000","224,000,000","268,000,000","385,000,000","267,000,000","222,000,000","246,000,000","370,000,000","252,000,000","460,000,000","230,000,000","367,000,000","183,000,000","278,000,000","242,000,000","308,000,000","227,000,000","225,000,000","240,000,000","276,000,000","176,000,000","56,600,000","82,500,000","130,800,000","191,100,000","146,000,000","157,500,000","202,700,000","158,900,000","108,900,000","153,300,000","193,700,000","158,500,000","104,800,000","141,100,000","143,600,000","145,000,000","91,800,000","131,100,000","64,600,000","134,300,000","68,200,000","122,800,000","156,700,000","97,700,000","77,500,000","116,300,000","145,700,000","136,900,000","62,000,000","5,400,000","149,200,000","150,800,000","18,400,000","145,000,000","140,700,000","165,600,000","67,500,000","140,900,000","138,100,000","159,600,000","93,100,000","132,100,000","128,300,000","142,100,000","90,900,000","134,100,000","118,200,000","129,500,000","75,300,000","99,800,000","91,400,000","114,900,000",,,,,,,,,,,,,,,,
NormalizedIncome,"2,338,742,968.409","523,869,000","599,000,900","623,633,100","581,447,722.524","604,335,000","688,710,800","639,290,000","635,009,822.647","458,699,400","579,936,500","527,840,600","572,022,373.762","525,067,300","501,497,000","391,216,400","474,861,783.439","946,875,000","431,525,600","408,319,200","421,432,820.893","417,552,000","510,360,000","449,699,900","432,492,762.868","372,326,000","443,237,200","467,047,300","346,400,000","379,928,500","492,457,200","354,748,000","361,311,170.124","410,600,000","550,366,900","461,195,600","367,532,729.375","402,621,200","543,420,663.57","556,011,600","396,113,679.349","391,567,289.556","445,267,222.487","405,667,931.346","321,698,859.06","382,428,150.228","614,683,218.67","472,767,213.849","212,550,000","336,671,694.48","582,156,719.818","420,070,482.529","466,252,551.985","289,680,000","294,105,656.371","280,255,815.175","184,383,326.539","433,477,192.982","392,278,921.569","298,638,533.266","252,468,438.538","268,664,907.652","384,359,292.035","265,715,025.907","231,605,177.994","249,262,711.864","371,292,592.593","257,785,714.286","244,587,537.092","231,800,000","369,001,945.525","209,166,666.667","280,602,040.816","245,261,494.253","313,948,497.854","227,000,000","200,892,857.143","254,545,454.545","289,966,265.06","211,548,780.488","114,408,078.818","103,047,471.162","196,230,951.254","175,425,130.89","119,781,011.403","156,200,495.05","198,840,916.425","156,948,710.602","107,464,529.658","156,818,989.983","191,685,000","156,243,083.808","99,318,153.846","144,617,905.712","177,652,089.749","143,347,216.133","84,368,876.483","132,483,973.129","176,877,754.678","133,739,898.054","69,157,865.169","126,254,731.458","155,749,150.485","128,872,762.646","77,500,000","116,300,000","145,700,000","136,900,000","9,948,529.412","137,030,069.93","149,200,000","150,800,000","18,400,000","145,000,000","140,700,000","165,600,000","67,500,000","140,900,000","138,100,000","159,600,000","103,100,000","132,100,000","128,300,000","142,100,000","90,900,000","131,300,000","118,200,000","123,800,000","75,300,000","99,800,000","91,400,000","107,200,000",,,,,,,,,,,,,,,,
InterestIncome,,,,,,,,,,,,,,,,,,,,,,,,,,,,,,,,,,,,,,,,,,,,"1,800,000","2,400,000",,"1,600,000","1,400,000","1,500,000","1,400,000","1,600,000",,,"5,400,000","5,600,000","6,500,000","8,200,000","7,100,000","6,300,000","5,700,000","10,000,000","9,000,000",,,,,,,,,,,,,,,,,,,,,,,,,,,,,,,,,,,,,,,,,,,,,,,,,,,,,,,,,,,,,,,,,,,,,,,,,,,,,,,,,,,,,,
InterestExpense,,"86,500,000",,,,,,,,,,,,,,,,,,,,,,,,,,,,,,,,,,,,,,,,,,"87,200,000","91,800,000",,"83,200,000","91,700,000","128,500,000","95,600,000","90,100,000","91,900,000","84,900,000","105,800,000","104,100,000","95,200,000","98,100,000","109,700,000","122,200,000","119,000,000","115,000,000","116,000,000",,,,,,,,,,,,,,,,,,,,,,,,,,,,,,,,,,,,,,,,,,,,,,,,,,,,,,,,,,,,,,,,,,,,,,,,,,,,,,,,,,,,,,
NetInterestIncome,"-377,700,000","-86,500,000","-92,700,000","-95,900,000","-102,600,000","-106,000,000","-100,600,000","-111,100,000","-118,600,000","-109,800,000","-119,400,000","-118,700,000","-124,800,000","-130,800,000","-132,700,000","-133,500,000","-137,100,000","-89,300,000","-74,900,000","-72,400,000","-69,300,000","-76,400,000","-75,500,000","-73,900,000","-77,500,000","-77,200,000","-73,800,000","-75,300,000","-79,600,000","-80,000,000","-77,300,000","-78,500,000","-79,400,000","-75,500,000","-68,700,000","-78,800,000","-81,800,000","-76,600,000","-75,500,000","-83,000,000","-83,300,000","-96,000,000","-87,200,000","-85,400,000","-89,400,000","-85,000,000","-81,600,000","-90,300,000","-127,000,000","-94,200,000","-88,500,000","-91,900,000","-102,400,000","-100,400,000","-98,500,000","-88,700,000","-89,900,000","-102,600,000","-115,900,000","-113,300,000","-105,000,000","-107,000,000",,,,,,,,,,,,,,,,,,,,,,,,,,,,,,,,,,,,,,,,,,,,,,,,,,,,,,,,,,,,,,,,,,,,,,,,,,,,,,,,,,,,,,
EBIT,"2,971,000,000","652,300,000","802,400,000","840,000,000","676,300,000","837,600,000","917,000,000","854,200,000","935,400,000","656,600,000","810,100,000","670,600,000","506,500,000","746,400,000","756,400,000","600,100,000","558,400,000","600,200,000","731,400,000","631,000,000","437,200,000","620,100,000","811,400,000","704,700,000","602,500,000","601,700,000","767,900,000","743,400,000","158,900,000","586,500,000","773,600,000","571,500,000","694,500,000","670,600,000","870,800,000","737,600,000","595,200,000","648,200,000","831,700,000","789,300,000","547,000,000","668,700,000","717,600,000","640,700,000","538,800,000","640,600,000","824,500,000","761,800,000","474,400,000","563,000,000","880,300,000","692,900,000","613,900,000","610,700,000","622,100,000","476,100,000","343,400,000","702,500,000","693,400,000","515,800,000","416,000,000","495,000,000","674,000,000","487,000,000","428,000,000","460,000,000","645,000,000","463,000,000","460,000,000","497,000,000","642,000,000","393,000,000","528,000,000","476,000,000","586,000,000","453,000,000","413,000,000","507,000,000","562,000,000","443,000,000","277,100,000","298,300,000","385,700,000","311,900,000","221,000,000","295,800,000","356,400,000","296,100,000","213,300,000","281,600,000","329,000,000","275,000,000","194,300,000","257,500,000","310,600,000","255,300,000","176,000,000","237,400,000","290,700,000","246,100,000","136,300,000","226,200,000","270,200,000","226,200,000","152,700,000","208,000,000","253,900,000","245,400,000","43,000,000","194,400,000","270,100,000","268,900,000","191,400,000","255,100,000","253,100,000","299,800,000","140,700,000","256,900,000","242,800,000","277,200,000","185,600,000","232,200,000","234,400,000","250,500,000","163,300,000","229,900,000","216,700,000","216,800,000","129,600,000","172,300,000","158,200,000","185,000,000","-3,705,800,000","1,455,700,000","1,415,800,000","1,379,300,000","-3,850,200,000","1,443,700,000","1,511,700,000","1,375,300,000","-3,371,800,000","1,311,300,000","1,334,700,000","1,186,400,000","-3,061,400,000","1,153,900,000","1,203,500,000","1,067,900,000"
EBITDA,"3,548,400,000"
ReconciledCostOfRevenue,"12,410,000,000","3,134,000,000","3,392,800,000","2,942,500,000","2,940,700,000","2,966,100,000","2,998,300,000","2,773,600,000","3,254,900,000","2,777,100,000","2,851,700,000","2,613,000,000","2,700,400,000","2,755,300,000","2,901,500,000","2,751,200,000","2,471,100,000","2,627,000,000","2,755,700,000","2,459,100,000","2,486,900,000","2,485,500,000","2,592,600,000","2,491,000,000","2,551,100,000","2,644,900,000","2,884,300,000","2,653,300,000","2,783,300,000","2,975,000,000","3,093,100,000","2,829,700,000","2,801,400,000","2,864,700,000","3,114,000,000","2,759,700,000","2,880,100,000","2,907,900,000","3,139,500,000","2,422,700,000","2,570,300,000","2,612,700,000","3,029,100,000","2,401,100,000","2,269,900,000","2,215,400,000","2,432,600,000","2,008,800,000","2,279,100,000","2,251,600,000","2,332,100,000","2,060,100,000","2,101,100,000","2,259,900,000","2,791,200,000","2,305,600,000","2,438,900,000","2,051,400,000","2,372,200,000","1,915,800,000","1,989,000,000","1,982,000,000","2,188,000,000","1,796,000,000","1,735,000,000","1,746,000,000","1,928,000,000","1,557,000,000","1,669,000,000","1,695,000,000","1,889,000,000","1,581,000,000","1,675,000,000","1,638,000,000","1,797,000,000","1,474,000,000","1,482,000,000","1,567,000,000","1,768,000,000","1,386,000,000","1,508,400,000","1,498,400,000","1,039,800,000","720,400,000","886,900,000","651,900,000","700,200,000","602,200,000","638,000,000","598,900,000","678,400,000","573,500,000","640,200,000","570,800,000","651,700,000","536,600,000","639,300,000","552,400,000","653,700,000","543,900,000","584,900,000","548,300,000","659,400,000","535,800,000","586,200,000","533,100,000","596,100,000","525,600,000","439,800,000","594,700,000","1,185,800,000","1,074,900,000","1,146,200,000","1,106,800,000","1,127,100,000","1,078,100,000","1,105,700,000","1,069,300,000","1,080,300,000","1,042,300,000","1,092,300,000","983,400,000","1,045,600,000","1,001,900,000","971,300,000","877,100,000","962,700,000","911,000,000","930,300,000","875,800,000","873,700,000","805,300,000",,,,,,,,,,,,,,,,
ReconciledDepreciation,"577,400,000","143,700,000","141,100,000","145,800,000","146,800,000","159,400,000","149,000,000","146,100,000","138,300,000","148,700,000","153,600,000","154,100,000","155,500,000","154,500,000","154,900,000","155,200,000","184,100,000","143,900,000","145,700,000","145,100,000","155,300,000","147,200,000","148,600,000","152,500,000","166,900,000","148,700,000","148,600,000","143,900,000","144,600,000","153,300,000","140,100,000","150,300,000","143,300,000","144,500,000","146,600,000","151,000,000","155,700,000","146,200,000","146,900,000","139,200,000","142,700,000","135,500,000","137,800,000","125,500,000","118,100,000","124,300,000","118,900,000","111,300,000","116,800,000","112,400,000","116,800,000","111,100,000","120,000,000","110,000,000","112,000,000","111,600,000","110,500,000","113,100,000","127,400,000","108,200,000","105,000,000","104,000,000","105,000,000","104,000,000","107,000,000","106,000,000","106,000,000","105,000,000","113,000,000","109,000,000","113,000,000","108,000,000","108,000,000","102,000,000","96,000,000","93,000,000","95,000,000","90,000,000","90,000,000","90,000,000","92,400,000","89,600,000","61,400,000","52,600,000","63,000,000","56,100,000","52,900,000","51,100,000","59,400,000","51,700,000","49,800,000","47,900,000","51,800,000","48,000,000","47,300,000","47,100,000","50,700,000","46,800,000","48,500,000","48,900,000","51,800,000","45,100,000","43,000,000","42,900,000","48,300,000","45,000,000","46,700,000","46,700,000","49,900,000","-18,300,000","79,000,000","80,800,000","84,100,000","75,800,000","72,500,000","71,400,000","77,200,000","67,600,000","65,500,000","63,900,000","66,800,000","63,100,000","59,800,000","57,700,000","58,900,000","55,300,000","53,300,000","50,900,000","49,900,000","45,100,000","44,700,000","40,400,000",,,,,,,,,,,,,,,,
NetIncomeFromContinuingOperationNetMinorityInterest,"2,301,300,000","660,300,000","597,200,000","627,000,000","416,800,000","595,700,000","688,400,000","638,900,000","625,700,000","454,100,000","580,800,000","520,600,000","570,200,000","446,800,000","343,400,000","392,300,000","354,400,000","941,400,000","430,500,000","404,700,000","408,900,000","357,800,000","481,800,000","409,000,000","379,600,000","361,700,000","529,500,000","426,600,000","186,800,000","343,200,000","346,100,000","345,200,000","404,600,000","410,600,000","549,900,000","459,300,000","366,300,000","398,400,000","541,600,000","548,900,000","325,400,000","391,500,000","444,800,000","405,600,000","320,200,000","392,100,000","613,900,000","472,100,000","211,900,000","332,500,000","565,500,000","420,600,000","358,800,000","288,900,000","378,200,000","278,500,000","185,200,000","430,100,000","390,500,000","288,900,000","224,000,000","268,000,000","385,000,000","267,000,000","222,000,000","246,000,000","370,000,000","252,000,000","460,000,000","230,000,000","367,000,000","183,000,000","278,000,000","242,000,000","308,000,000","227,000,000","225,000,000","240,000,000","276,000,000","176,000,000","56,600,000","82,500,000","130,800,000","191,100,000","146,000,000","157,500,000","202,700,000","158,900,000","108,900,000","153,300,000","193,700,000","158,500,000","104,800,000","141,100,000","143,600,000","145,000,000","91,800,000","131,100,000","64,600,000","134,300,000","68,200,000","122,800,000","156,700,000","97,700,000","77,500,000","116,300,000","145,700,000","136,900,000","-16,500,000","23,300,000","149,200,000","150,800,000","18,400,000","145,000,000","140,700,000","165,600,000","67,500,000","140,900,000","138,100,000","159,600,000","103,100,000","132,100,000","128,300,000","142,100,000","90,900,000","131,300,000","118,200,000","123,800,000","75,300,000","99,800,000","91,400,000","107,200,000",,,,,,,,,,,,,,,,
TotalUnusualItemsExcludingGoodwill,"-47,000,000","163,000,000","-2,300,000","4,300,000","-212,000,000","-11,000,000","-400,000","-500,000","-11,500,000","-5,800,000","1,100,000","-8,200,000","-2,000,000","-95,100,000","-209,400,000","1,400,000","-151,300,000","-7,500,000","-1,600,000","-5,200,000","-17,100,000","-77,600,000","-42,500,000","-58,900,000","-65,500,000","-15,400,000","137,800,000","-60,100,000","-266,000,000","-49,300,000","-214,600,000","-14,000,000","65,400,000","0","-700,000","-2,800,000","-1,800,000","-6,100,000","-2,700,000","-9,200,000","-100,700,000","-100,000","-700,000","-100,000","-2,300,000","14,200,000","-1,000,000","-1,000,000","-1,000,000","-6,300,000","-24,900,000","800,000","-164,000,000","-1,200,000","126,300,000","-2,700,000","1,300,000","-5,000,000","-2,800,000","-14,500,000","-41,000,000","-1,000,000","1,000,000","2,000,000","-14,000,000","-5,000,000","-2,000,000","-9,000,000","327,000,000","-3,000,000","-3,000,000","-40,000,000","-4,000,000","-5,000,000","-9,000,000",,"36,000,000","-22,000,000","-21,000,000","-55,000,000","-76,800,000","-31,000,000","-105,700,000","23,500,000","40,900,000","2,000,000","5,900,000","3,000,000","2,200,000","-5,500,000","3,100,000","3,500,000","8,500,000","-5,500,000","-53,900,000","2,600,000","11,600,000","-2,200,000","-167,200,000","900,000","-1,500,000","-5,500,000","1,500,000","-49,200,000",,,,,"-43,600,000","-139,600,000",,,,,,,,,,,,,,,,,,,,,,,,,,,,,,,,,,,,,,
TotalUnusualItems,"-47,000,000","163,000,000","-2,300,000","4,300,000","-212,000,000","-11,000,000","-400,000","-500,000","-11,500,000","-5,800,000","1,100,000","-8,200,000","-2,000,000","-95,100,000","-209,400,000","1,400,000","-151,300,000","-7,500,000","-1,600,000","-5,200,000","-17,100,000","-77,600,000","-42,500,000","-58,900,000","-65,500,000","-15,400,000","137,800,000","-60,100,000","-266,000,000","-49,300,000","-214,600,000","-14,000,000","65,400,000","0","-700,000","-2,800,000","-1,800,000","-6,100,000","-2,700,000","-9,200,000","-100,700,000","-100,000","-700,000","-100,000","-2,300,000","14,200,000","-1,000,000","-1,000,000","-1,000,000","-6,300,000","-24,900,000","800,000","-164,000,000","-1,200,000","126,300,000","-2,700,000","1,300,000","-5,000,000","-2,800,000","-14,500,000","-41,000,000","-1,000,000","1,000,000","2,000,000","-14,000,000","-5,000,000","-2,000,000","-9,000,000","327,000,000","-3,000,000","-3,000,000","-40,000,000","-4,000,000","-5,000,000","-9,000,000",,"36,000,000","-22,000,000","-21,000,000","-55,000,000","-76,800,000","-31,000,000","-105,700,000","23,500,000","40,900,000","2,000,000","5,900,000","3,000,000","2,200,000","-5,500,000","3,100,000","3,500,000","8,500,000","-5,500,000","-53,900,000","2,600,000","11,600,000","-2,200,000","-167,200,000","900,000","-1,500,000","-5,500,000","1,500,000","-49,200,000",,,,,"-43,600,000","-139,600,000",,,,,,,,,,,,,,,,,,,,,,,,,,,,,,,,,,,,,,
NormalizedEBITDA,"3,595,400,000","633,000,000","945,800,000","981,500,000","1,035,100,000","1,008,000,000","1,066,400,000","1,000,800,000","1,085,200,000","811,100,000","962,600,000","832,900,000","664,000,000","996,000,000","1,120,700,000","753,900,000","893,800,000","751,600,000","878,700,000","781,300,000","609,600,000","844,900,000","1,002,500,000","916,100,000","834,900,000","765,800,000","778,700,000","947,400,000","569,500,000","789,100,000","1,128,300,000","735,800,000","772,400,000","815,100,000","1,018,100,000","891,400,000","752,700,000","800,500,000","981,300,000","937,700,000","790,400,000","804,300,000","856,100,000","766,300,000","659,200,000","750,700,000","944,400,000","874,100,000","592,200,000","681,700,000","1,022,000,000","803,200,000","897,900,000","721,900,000","607,800,000","590,400,000","452,600,000","820,600,000","823,600,000","638,500,000","562,000,000","600,000,000","778,000,000","589,000,000","549,000,000","571,000,000","753,000,000","577,000,000","246,000,000","609,000,000","758,000,000","541,000,000","640,000,000","583,000,000","691,000,000","546,000,000","472,000,000","619,000,000","673,000,000","588,000,000","446,300,000","418,900,000","552,800,000","341,000,000","243,100,000","349,900,000","403,400,000","344,200,000","270,500,000","338,800,000","375,700,000","319,400,000","237,600,000","311,000,000","411,800,000","299,800,000","215,100,000","286,400,000","506,400,000","294,100,000","189,600,000","276,800,000","311,700,000","318,300,000","201,000,000","253,000,000","300,600,000","292,100,000","136,500,000","381,900,000","349,100,000","349,700,000","275,500,000","330,900,000","325,600,000","371,200,000","217,900,000","324,500,000","308,300,000","341,100,000","252,400,000","295,300,000","294,200,000","308,200,000","222,200,000","285,200,000","270,000,000","267,700,000","179,500,000","217,400,000","202,900,000","225,400,000","-3,705,800,000","1,455,700,000","1,415,800,000","1,379,300,000","-3,850,200,000","1,443,700,000","1,511,700,000","1,375,300,000","-3,371,800,000","1,311,300,000","1,334,700,000","1,186,400,000","-3,061,400,000","1,153,900,000","1,203,500,000","1,067,900,000"
TaxRateForCalcs,"0.203","0.163","0.217","0.217","0.223","0.215","0.223","0.22","0.19","0.207","0.215","0.117","0.089","0.177","0.245","0.226","0.204","0.27","0.359","0.304","0.267","0.23","0.328","0.309","0.192","0.31","0.374","0.327","0.4","0.255","0.318","0.318","0.338","0.338","0.333","0.323","0.315","0.308","0.326","0.227","0.298","0.327","0.333","0.321","0.348","0.319","0.217","0.333","0.35","0.338","0.331","0.338","0.345","0.35","0.334","0.35","0.372","0.325","0.365","0.328","0.306","0.335","0.359","0.358","0.314","0.347","0.354","0.357","0.341","0.4","0.333","0.346","0.349","0.348","0.339","0.351","0.33","0.339","0.335","0.354","0.247","0.337","0.381","0.333","0.359","0.35","0.346","0.35","0.348","0.36","0.35","0.355","0.355","0.36","0.368","0.364","0.359","0.371","0.328","0.378","0.361","0.372","0.366","0.366","0.387","0.364","0.361","0.373","0.393","0.185","0.375","0.375","0.4","0.377","0.387","0.394","0.4","0.4","0.388","0.388","0.387","0.398","0.4","0.394","0.38","0.387","0.4","0.393","0.382","0.391","0.391","0.394",,,,,,,,,,,,,,,,
TaxEffectOfUnusualItems,"-9,557,031.591","26,569,000","-499,100","933,100","-47,352,277.476","-2,365,000","-89,200","-110,000","-2,190,177.353","-1,200,600","236,500","-959,400","-177,626.238","-16,832,700","-51,303,000","316,400","-30,838,216.561","-2,025,000","-574,400","-1,580,800","-4,567,179.107","-17,848,000","-13,940,000","-18,200,100","-12,607,237.132","-4,774,000","51,537,200","-19,652,700","-106,400,000","-12,571,500","-68,242,800","-4,452,000","22,111,170.124","0","-233,100","-904,400","-567,270.625","-1,878,800","-879,336.43","-2,088,400","-29,986,320.651","-32,710.444","-232,777.513","-32,068.654","-801,140.94","4,528,150.228","-216,781.33","-332,786.151","-350,000","-2,128,305.52","-8,243,280.182","270,482.529","-56,547,448.015","-420,000","42,205,656.371","-944,184.825","483,326.539","-1,622,807.018","-1,021,078.431","-4,761,466.734","-12,531,561.462","-335,092.348","359,292.035","715,025.907","-4,394,822.006","-1,737,288.136","-707,407.407","-3,214,285.714","111,587,537.092","-1,200,000","-998,054.475","-13,833,333.333","-1,397,959.184","-1,738,505.747","-3,051,502.146","0","11,892,857.143","-7,454,545.455","-7,033,734.94","-19,451,219.512","-18,991,921.182","-10,452,528.838","-40,269,048.746","7,825,130.89","14,681,011.403","700,495.05","2,040,916.425","1,048,710.602","764,529.658","-1,981,010.017","1,085,000","1,243,083.808","3,018,153.846","-1,982,094.288","-19,847,910.251","947,216.133","4,168,876.483","-816,026.871","-54,922,245.322","339,898.054","-542,134.831","-2,045,268.542","549,150.485","-18,027,237.354","0","0","0","0","-17,151,470.588","-25,869,930.07","0","0","0","0","0","0","0","0","0","0","0","0","0","0","0","0","0","0","0","0","0","0",,,,,,,,,,,,,,,,