name,ttm,12/31/2021,09/30/2021,06/30/2021,03/31/2021,12/31/2020,09/30/2020,06/30/2020,03/31/2020,12/31/2019,09/30/2019,06/30/2019,03/31/2019,12/31/2018,09/30/2018,06/30/2018,03/31/2018,12/31/2017,09/30/2017,06/30/2017,03/31/2017,12/31/2016,09/30/2016,06/30/2016,03/31/2016,12/31/2015,09/30/2015,06/30/2015,03/31/2015,12/31/2014,09/30/2014,06/30/2014,03/31/2014,12/31/2013,09/30/2013,06/30/2013,03/31/2013,12/31/2012,09/30/2012,06/30/2012,03/31/2012,12/31/2011,09/30/2011,06/30/2011,03/31/2011,12/31/2010,09/30/2010,06/30/2010,03/31/2010,12/31/2009,09/30/2009,06/30/2009,03/31/2009,12/31/2008,09/30/2008,06/30/2008,03/31/2008,12/31/2007,09/30/2007,06/30/2007,03/31/2007,12/31/2006,09/30/2006,06/30/2006,03/31/2006,12/31/2005,09/30/2005,06/30/2005,03/31/2005,12/31/2004,09/30/2004,06/30/2004,03/31/2004,12/31/2003,09/30/2003,06/30/2003,03/31/2003,12/31/2002,09/30/2002,06/30/2002,03/31/2002,12/31/2001,09/30/2001,06/30/2001,03/31/2001,12/31/2000,09/30/2000,06/30/2000,03/31/2000,12/31/1999,09/30/1999,06/30/1999,03/31/1999,12/31/1998,09/30/1998,06/30/1998,03/31/1998,12/31/1997,09/30/1997,06/30/1997,03/31/1997,12/31/1996,09/30/1996,06/30/1996,03/31/1996,12/31/1995,09/30/1995,06/30/1995,03/31/1995,12/31/1994,09/30/1994,06/30/1994,03/31/1994,12/31/1993,09/30/1993,06/30/1993,03/31/1993,12/31/1992,09/30/1992,06/30/1992,03/31/1992,12/31/1991,09/30/1991,06/30/1991,03/31/1991,12/31/1990,09/30/1990,06/30/1990,03/31/1990,12/31/1989,09/30/1989,06/30/1989,03/31/1989,12/31/1988,09/30/1988,06/30/1988,03/31/1988,12/31/1987,09/30/1987,06/30/1987,03/31/1987,12/31/1986,09/30/1986,06/30/1986,03/31/1986,12/31/1985,09/30/1985
TotalRevenue,"14,082,000,000","3,676,000,000","3,615,000,000","3,501,000,000","3,290,000,000","3,350,000,000","3,001,000,000","2,561,000,000","2,391,000,000","2,817,000,000","2,934,000,000","2,940,000,000","2,812,000,000","3,035,000,000","3,008,000,000","2,747,000,000","2,500,000,000","2,637,000,000","2,607,000,000","2,497,000,000","2,375,000,000","2,476,000,000","2,507,000,000","2,360,000,000","2,047,000,000","2,231,000,000","2,272,000,000","2,343,000,000","2,265,000,000","2,404,000,000","2,540,000,000","2,482,000,000","2,289,000,000","1,956,000,000","2,067,000,000","1,982,000,000","1,814,000,000","2,146,000,000","2,038,000,000","1,908,000,000","1,920,000,000","1,887,000,000","2,075,000,000","2,005,000,000","1,923,000,000","1,765,000,000","1,602,000,000","1,712,000,000","1,553,000,000","1,532,000,000","1,479,000,000","1,395,000,000","989,000,000","1,084,000,000","1,555,000,000","1,692,000,000","1,617,000,000","1,582,000,000","1,553,000,000","1,418,000,000","1,307,000,000","1,369,000,000","1,282,000,000","1,261,000,000","1,262,000,000","1,200,000,000","1,188,000,000","1,141,000,000","1,050,000,000","1,033,000,000","1,006,000,000","971,000,000","844,000,000","820,000,000","772,000,000","752,000,000","746,000,000","533,000,000","837,000,000","896,000,000","898,000,000","974,000,000","1,509,000,000","1,868,000,000","1,921,000,000","2,151,600,000","1,944,000,000","1,802,500,000","1,381,700,000","1,248,400,000","1,136,600,000","1,020,000,000","892,200,000","926,800,000","906,500,000","855,900,000","794,800,000","1,075,400,000","1,037,800,000","1,031,100,000","945,400,000","990,100,000","910,200,000","913,700,000","1,352,600,000","1,330,400,000","1,568,800,000","1,297,800,000","1,123,000,000","1,273,500,000","1,442,400,000","1,109,200,000","948,900,000","1,083,000,000","1,198,000,000","906,800,000","817,000,000","835,700,000","1,153,100,000","926,700,000","793,200,000","826,300,000","963,500,000","778,200,000","691,200,000","772,800,000","886,500,000","678,000,000","603,200,000","610,900,000","715,000,000","579,800,000","533,500,000","543,000,000","625,400,000","499,800,000","453,300,000","539,500,000","610,100,000","491,300,000","442,800,000","436,800,000","549,000,000","448,000,000","422,500,000","398,100,000","474,500,000"
	OperatingRevenue,"14,082,000,000","3,676,000,000","3,615,000,000","3,501,000,000","3,290,000,000","3,350,000,000","3,001,000,000","2,561,000,000","2,391,000,000","2,817,000,000","2,934,000,000","2,940,000,000","2,812,000,000","3,035,000,000","3,008,000,000","2,747,000,000","2,500,000,000","2,637,000,000","2,607,000,000","2,497,000,000","2,375,000,000","2,476,000,000","2,507,000,000","2,360,000,000","2,047,000,000","2,231,000,000","2,272,000,000","2,343,000,000","2,265,000,000","2,404,000,000","2,540,000,000","2,482,000,000","2,289,000,000","1,956,000,000","2,067,000,000","1,982,000,000","1,814,000,000","2,146,000,000","2,038,000,000","1,908,000,000","1,920,000,000","1,887,000,000","2,075,000,000","2,005,000,000","1,923,000,000","1,765,000,000","1,602,000,000","1,712,000,000","1,553,000,000","1,532,000,000","1,479,000,000","1,395,000,000","989,000,000","1,084,000,000","1,555,000,000","1,692,000,000","1,617,000,000","1,582,000,000","1,553,000,000","1,418,000,000","1,307,000,000","1,369,000,000","1,282,000,000","1,261,000,000","1,262,000,000","1,200,000,000","1,188,000,000","1,141,000,000","1,050,000,000","1,033,000,000","1,006,000,000","971,000,000","844,000,000","820,000,000","772,000,000","752,000,000","746,000,000","533,000,000","837,000,000","896,000,000","898,000,000","974,000,000","1,509,000,000","1,868,000,000","1,921,000,000","2,151,600,000","1,944,000,000","1,802,500,000","1,381,700,000","1,248,400,000","1,136,600,000","1,020,000,000","892,200,000","926,800,000","906,500,000","855,900,000","794,800,000","1,075,400,000","1,037,800,000","1,031,100,000","945,400,000","990,100,000","910,200,000","913,700,000","1,352,600,000","1,330,400,000","1,568,800,000","1,297,800,000","1,123,000,000","1,273,500,000","1,442,400,000","1,109,200,000","948,900,000","1,083,000,000","1,198,000,000","906,800,000","817,000,000","835,700,000","1,153,100,000","926,700,000","793,200,000","826,300,000","963,500,000","778,200,000","691,200,000","772,800,000","886,500,000","678,000,000","603,200,000","610,900,000","715,000,000","579,800,000","533,500,000","543,000,000","625,400,000","499,800,000","453,300,000","539,500,000","610,100,000","491,300,000","442,800,000","436,800,000","549,000,000","448,000,000","422,500,000","398,100,000","474,500,000"
CostOfRevenue,"9,019,000,000","2,405,000,000","2,294,000,000","2,186,000,000","2,134,000,000","2,137,000,000","2,000,000,000","1,805,000,000","1,830,000,000","1,963,000,000","1,917,000,000","1,875,000,000","1,713,000,000","1,833,000,000","1,776,000,000","1,675,000,000","1,545,000,000","1,603,000,000","1,551,000,000","1,512,000,000","1,418,000,000","1,486,000,000","1,466,000,000","1,409,000,000","1,283,000,000","1,374,000,000","1,380,000,000","1,368,000,000","1,336,000,000","1,408,000,000","1,451,000,000","1,450,000,000","1,354,000,000","1,186,000,000","1,166,000,000","1,099,000,000","1,044,000,000","1,239,000,000","1,159,000,000","1,111,000,000","1,106,000,000","1,062,000,000","1,097,000,000","1,116,000,000","1,049,000,000","998,000,000","878,000,000","885,000,000","822,000,000","883,000,000","880,000,000","820,000,000","719,000,000","777,000,000","820,000,000","840,000,000","773,000,000","825,000,000","811,000,000","759,000,000","716,000,000","766,000,000","716,000,000","720,000,000","689,000,000","673,000,000","643,000,000","658,000,000","621,000,000","668,000,000","602,000,000","625,000,000","544,000,000","578,000,000","546,000,000","571,000,000","546,000,000","512,000,000","674,000,000","682,000,000","694,000,000","942,000,000","994,000,000","1,332,000,000","957,000,000","1,057,500,000","975,500,000","902,700,000","696,200,000","723,700,000","611,000,000","531,800,000","453,700,000","493,700,000","474,300,000","452,100,000","435,800,000","577,100,000","528,600,000","511,500,000","467,400,000","546,000,000","480,900,000","536,000,000","764,100,000","769,700,000","889,900,000","723,500,000","625,500,000","738,500,000","820,700,000","618,100,000","545,200,000","637,700,000","705,800,000","504,000,000","469,100,000","469,100,000","679,100,000","549,900,000","467,700,000","491,200,000","551,000,000","446,800,000","401,300,000","449,000,000","521,800,000","390,800,000","352,700,000",,,,,,,,,,,,,,,,,,
GrossProfit,"5,063,000,000","1,271,000,000","1,321,000,000","1,315,000,000","1,156,000,000","1,213,000,000","1,001,000,000","756,000,000","561,000,000","854,000,000","1,017,000,000","1,065,000,000","1,099,000,000","1,202,000,000","1,232,000,000","1,072,000,000","955,000,000","1,034,000,000","1,056,000,000","985,000,000","957,000,000","990,000,000","1,041,000,000","951,000,000","764,000,000","857,000,000","892,000,000","975,000,000","929,000,000","996,000,000","1,089,000,000","1,032,000,000","935,000,000","770,000,000","901,000,000","883,000,000","770,000,000","907,000,000","879,000,000","797,000,000","814,000,000","825,000,000","978,000,000","889,000,000","874,000,000","767,000,000","724,000,000","827,000,000","731,000,000","649,000,000","599,000,000","575,000,000","270,000,000","307,000,000","735,000,000","852,000,000","844,000,000","757,000,000","742,000,000","659,000,000","591,000,000","603,000,000","566,000,000","541,000,000","573,000,000","527,000,000","545,000,000","483,000,000","429,000,000","365,000,000","404,000,000","346,000,000","300,000,000","242,000,000","226,000,000","181,000,000","200,000,000","21,000,000","163,000,000","214,000,000","204,000,000","32,000,000","515,000,000","536,000,000","964,000,000","1,094,100,000","968,500,000","899,800,000","685,500,000","524,700,000","525,600,000","488,200,000","438,500,000","433,100,000","432,200,000","403,800,000","359,000,000","498,300,000","509,200,000","519,600,000","478,000,000","444,100,000","429,300,000","377,700,000","588,500,000","560,700,000","678,900,000","574,300,000","497,500,000","535,000,000","621,700,000","491,100,000","403,700,000","445,300,000","492,200,000","402,800,000","347,900,000","366,600,000","474,000,000","376,800,000","325,500,000","335,100,000","412,500,000","331,400,000","289,900,000","323,800,000","364,700,000","287,200,000","250,500,000",,,,,,,,,,,,,,,,,,
OperatingExpense,"2,951,000,000","788,000,000","769,000,000","740,000,000","654,000,000","737,000,000","744,000,000","859,000,000","682,000,000","707,000,000","652,000,000","691,000,000","679,000,000","738,000,000","710,000,000","677,000,000","761,000,000","662,000,000","603,000,000","604,000,000","533,000,000","559,000,000","506,000,000","706,000,000","507,000,000","785,000,000","500,000,000","544,000,000","517,000,000","460,000,000","464,000,000","534,000,000","607,000,000","500,000,000","443,000,000","439,000,000","429,000,000","409,000,000","483,000,000","483,000,000","471,000,000","464,000,000","386,000,000","460,000,000","409,000,000","452,000,000","400,000,000","392,000,000","330,000,000","391,000,000","353,000,000","349,000,000","361,000,000","308,000,000","388,000,000","435,000,000","68,000,000","428,000,000","343,000,000","444,000,000","457,000,000","272,000,000","360,000,000","264,000,000","535,000,000","336,000,000","367,000,000","435,000,000","271,000,000","299,000,000","200,000,000","307,000,000","273,000,000","660,000,000","237,000,000","242,000,000","254,000,000","296,000,000","284,000,000","333,000,000","329,000,000","520,000,000","468,000,000","600,000,000","734,000,000","501,000,000","616,000,000","566,300,000","435,500,000","375,500,000","343,300,000","316,000,000","311,000,000","280,700,000","260,000,000","280,000,000","258,900,000","311,300,000","327,600,000","306,800,000","298,000,000","299,500,000","280,900,000","226,000,000","438,500,000","482,400,000","509,500,000","377,400,000","348,200,000","286,600,000","478,200,000","321,400,000","300,800,000","323,200,000","354,100,000","280,900,000","269,300,000","321,500,000","313,700,000","267,000,000","249,900,000","217,100,000","300,800,000","235,100,000","222,500,000","238,200,000","270,600,000","208,700,000","200,000,000",,,,,,,,,,,,,,,,,,
	SellingGeneralAndAdministration,"1,827,000,000","476,000,000","486,000,000","465,000,000","400,000,000","471,000,000","480,000,000","401,000,000","395,000,000","401,000,000","369,000,000","414,000,000","401,000,000","447,000,000","439,000,000","412,000,000","501,000,000","400,000,000","372,000,000","379,000,000","316,000,000","368,000,000","302,000,000","499,000,000","303,000,000","563,000,000","307,000,000","337,000,000","316,000,000","242,000,000","256,000,000","318,000,000","395,000,000","336,000,000","265,000,000","266,000,000","259,000,000","301,000,000","294,000,000","291,000,000","279,000,000","283,000,000","216,000,000","284,000,000","250,000,000","284,000,000","250,000,000","246,000,000","235,000,000","244,000,000","219,000,000","211,000,000","207,000,000","179,000,000","220,000,000","260,000,000","242,000,000","257,000,000","212,000,000","229,000,000","214,000,000","222,000,000","218,000,000","194,000,000","223,000,000","203,000,000","178,000,000","191,000,000","184,000,000","174,000,000","153,000,000","166,000,000","160,000,000","152,000,000","147,000,000","148,000,000","152,000,000","178,000,000","158,000,000","190,000,000","190,000,000","298,000,000","267,000,000","271,000,000","261,000,000","333,400,000","255,800,000","269,800,000","199,800,000","174,100,000","155,500,000","136,100,000","136,800,000","135,600,000","112,600,000","126,600,000","112,900,000","171,900,000","168,400,000","171,700,000","159,400,000","223,500,000","210,600,000","193,300,000","329,400,000","384,700,000","410,900,000","284,400,000","260,100,000","200,300,000","381,000,000","243,400,000","223,900,000","253,400,000","270,900,000","216,500,000","206,300,000","275,400,000","238,700,000","203,400,000","189,100,000","171,800,000","225,700,000","179,200,000","167,500,000","189,500,000","203,600,000","163,500,000","149,700,000",,,,,,,,,,,,,,,,,,
	ResearchAndDevelopment,"995,000,000","280,000,000","251,000,000","242,000,000","222,000,000","232,000,000","231,000,000","430,000,000","261,000,000","278,000,000","255,000,000","249,000,000","249,000,000","265,000,000","244,000,000","243,000,000","241,000,000","240,000,000","213,000,000","207,000,000","200,000,000","173,000,000","187,000,000","192,000,000","190,000,000","208,000,000","181,000,000","191,000,000","189,000,000","210,000,000","199,000,000","208,000,000","198,000,000","169,000,000","184,000,000","179,000,000","178,000,000","185,000,000","185,000,000","188,000,000","187,000,000","177,000,000","166,000,000","172,000,000","156,000,000","166,000,000","148,000,000","144,000,000","145,000,000","145,000,000","131,000,000","136,000,000","151,000,000","153,000,000","160,000,000","163,000,000","151,000,000","153,000,000","145,000,000","137,000,000","130,000,000","138,000,000","127,000,000","128,000,000","124,000,000","123,000,000","118,000,000","104,000,000","98,000,000","98,000,000","88,000,000","85,000,000","84,000,000","86,000,000","80,000,000","85,000,000","93,000,000","108,000,000","115,000,000","132,000,000","128,000,000","147,000,000","153,000,000","169,000,000","162,000,000","168,700,000","141,100,000","120,100,000","110,100,000","101,700,000","96,500,000","84,800,000","79,600,000","80,100,000","71,600,000","75,100,000","67,100,000","75,300,000","70,800,000","53,500,000","51,100,000",,,,,,,,,,,,,,,,,,,,,,,,,,,,,,,,,,,,,,,,,,,,,,
	DepreciationAmortizationDepletionIncomeStatement,"129,000,000","32,000,000","32,000,000","33,000,000","32,000,000","34,000,000","33,000,000","28,000,000","26,000,000","28,000,000","28,000,000","28,000,000","29,000,000","26,000,000","27,000,000","22,000,000","19,000,000","22,000,000","18,000,000","18,000,000","17,000,000","18,000,000","17,000,000","15,000,000","14,000,000","14,000,000","12,000,000","16,000,000","12,000,000","8,000,000","9,000,000","8,000,000","8,000,000","8,000,000","8,000,000","8,000,000","7,000,000","6,000,000","4,000,000","4,000,000","5,000,000","4,000,000","4,000,000","4,000,000","3,000,000","2,000,000","2,000,000","2,000,000","2,000,000","2,000,000","3,000,000","2,000,000","3,000,000","4,000,000","2,000,000","3,000,000","2,000,000","3,000,000","2,000,000","2,000,000","3,000,000","3,000,000","2,000,000","3,000,000","3,000,000","2,000,000","3,000,000","3,000,000","5,000,000","10,000,000","9,000,000","9,000,000","10,000,000","9,000,000","10,000,000","9,000,000","9,000,000","10,000,000","11,000,000","11,000,000","11,000,000","75,000,000","48,000,000","160,000,000","311,000,000","-1,100,000","219,100,000","176,400,000","125,600,000","99,700,000","91,300,000","95,100,000","94,600,000","65,000,000","75,800,000","78,300,000","78,900,000","64,100,000","88,400,000","81,600,000","87,500,000","76,000,000","70,300,000","32,700,000","109,100,000","97,700,000","98,600,000","93,000,000","88,100,000","86,300,000","97,200,000","78,000,000","76,900,000","69,800,000","83,200,000","64,400,000","63,000,000","46,100,000","75,000,000","63,600,000","60,800,000","45,300,000","75,100,000","55,900,000","55,000,000","48,700,000","67,000,000","45,200,000","50,300,000",,,,,,,,,,,,,,,,,,
		DepreciationAndAmortizationInIncomeStatement,"129,000,000","32,000,000","32,000,000","33,000,000","32,000,000","34,000,000","33,000,000","28,000,000","26,000,000","28,000,000","28,000,000","28,000,000","29,000,000","26,000,000","27,000,000","22,000,000","19,000,000","22,000,000","18,000,000","18,000,000","17,000,000","18,000,000","17,000,000","15,000,000","14,000,000","14,000,000","12,000,000","16,000,000","12,000,000","8,000,000","9,000,000","8,000,000","8,000,000","8,000,000","8,000,000","8,000,000","7,000,000","6,000,000","4,000,000","4,000,000","5,000,000","4,000,000","4,000,000","4,000,000","3,000,000","2,000,000","2,000,000","2,000,000","2,000,000","2,000,000","3,000,000","2,000,000","3,000,000","4,000,000","2,000,000","3,000,000","2,000,000","3,000,000","2,000,000","2,000,000","3,000,000","3,000,000","2,000,000","3,000,000","3,000,000","2,000,000","3,000,000","3,000,000","5,000,000","10,000,000","9,000,000","9,000,000","10,000,000","9,000,000","10,000,000","9,000,000","9,000,000","10,000,000","11,000,000","11,000,000","11,000,000","75,000,000","48,000,000","160,000,000","311,000,000","-1,100,000","219,100,000","176,400,000","125,600,000","99,700,000","91,300,000","95,100,000","94,600,000","65,000,000","75,800,000","78,300,000","78,900,000","64,100,000","88,400,000","81,600,000","87,500,000","76,000,000","70,300,000","32,700,000","109,100,000","97,700,000","98,600,000","93,000,000","88,100,000","86,300,000","97,200,000","78,000,000","76,900,000","69,800,000","83,200,000","64,400,000","63,000,000","46,100,000","75,000,000","63,600,000","60,800,000","45,300,000","75,100,000","55,900,000","55,000,000","48,700,000","67,000,000","45,200,000","50,300,000",,,,,,,,,,,,,,,,,,
			Amortization,"129,000,000","32,000,000","32,000,000","33,000,000","32,000,000","34,000,000","33,000,000","28,000,000","26,000,000","28,000,000","28,000,000","28,000,000","29,000,000","26,000,000","27,000,000","22,000,000","19,000,000","22,000,000","18,000,000","18,000,000","17,000,000","18,000,000","17,000,000","15,000,000","14,000,000","14,000,000","12,000,000","16,000,000","12,000,000","8,000,000","9,000,000","8,000,000","8,000,000","8,000,000","8,000,000","8,000,000","7,000,000","6,000,000","4,000,000","4,000,000","5,000,000","4,000,000","4,000,000","4,000,000","3,000,000","2,000,000","2,000,000","2,000,000","2,000,000","2,000,000","3,000,000","2,000,000","3,000,000","4,000,000","2,000,000","3,000,000","2,000,000","3,000,000","2,000,000","2,000,000","3,000,000","3,000,000","2,000,000","3,000,000","3,000,000","2,000,000","3,000,000","3,000,000","5,000,000","10,000,000","9,000,000","9,000,000","10,000,000","9,000,000","10,000,000","9,000,000","9,000,000","10,000,000","11,000,000","11,000,000","11,000,000","75,000,000","48,000,000","160,000,000",,,,,,,,,,,,,,,,,,,,,,,,,,,,,,,,,,,,,,,,,,,,,,,,,,,,,,,,,,,,,,,
				AmortizationOfIntangiblesIncomeStatement,"129,000,000","32,000,000","32,000,000","33,000,000","32,000,000","34,000,000","33,000,000","28,000,000","26,000,000","28,000,000","28,000,000","28,000,000","29,000,000","26,000,000","27,000,000","22,000,000","19,000,000","22,000,000","18,000,000","18,000,000","17,000,000","18,000,000","17,000,000","15,000,000","14,000,000","14,000,000","12,000,000","16,000,000","12,000,000","8,000,000","9,000,000","8,000,000","8,000,000","8,000,000","8,000,000","8,000,000","7,000,000","6,000,000","4,000,000","4,000,000","5,000,000","4,000,000","4,000,000","4,000,000","3,000,000","2,000,000","2,000,000","2,000,000","2,000,000","2,000,000","3,000,000","2,000,000","3,000,000","4,000,000","2,000,000","3,000,000","2,000,000","3,000,000","2,000,000","2,000,000","3,000,000","3,000,000","2,000,000","3,000,000","3,000,000","2,000,000","3,000,000","3,000,000","5,000,000","10,000,000","9,000,000","9,000,000","10,000,000","9,000,000","10,000,000","9,000,000","9,000,000","10,000,000","11,000,000","11,000,000","11,000,000","75,000,000","48,000,000","160,000,000",,,,,,,,,,,,,,,,,,,,,,,,,,,,,,,,,,,,,,,,,,,,,,,,,,,,,,,,,,,,,,,
	OtherOperatingExpenses,,,,,,,,,,,,,,,,,,,,,,,,,,,,,,,,,"6,000,000","-13,000,000","-14,000,000","-14,000,000","-15,000,000",,,,,,"5,000,000","5,000,000","5,000,000",,,,"-52,000,000",,,,,"-28,000,000","6,000,000","9,000,000","-327,000,000","15,000,000","-16,000,000","76,000,000","110,000,000","-91,000,000","13,000,000","-61,000,000","185,000,000","8,000,000","68,000,000","137,000,000","-16,000,000","17,000,000","-50,000,000","47,000,000","19,000,000",,,,,,,,,,,,,,,,,,,,,,,,,,,,,,,,,,,,,,,,,,,,,,,,,,,,,,,,,,,,,,,,,,,,,,,,,,
OperatingIncome,"2,112,000,000","483,000,000","552,000,000","575,000,000","502,000,000","476,000,000","257,000,000","-103,000,000","-121,000,000","147,000,000","365,000,000","374,000,000","420,000,000","464,000,000","522,000,000","395,000,000","194,000,000","372,000,000","453,000,000","381,000,000","424,000,000","431,000,000","535,000,000","245,000,000","257,000,000","72,000,000","392,000,000","431,000,000","412,000,000","536,000,000","625,000,000","498,000,000","328,000,000","270,000,000","458,000,000","444,000,000","341,000,000","498,000,000","396,000,000","314,000,000","343,000,000","361,000,000","592,000,000","429,000,000","465,000,000","315,000,000","324,000,000","435,000,000","401,000,000","258,000,000","246,000,000","226,000,000","-91,000,000","-1,000,000","347,000,000","417,000,000","776,000,000","329,000,000","399,000,000","215,000,000","134,000,000","331,000,000","206,000,000","277,000,000","38,000,000","191,000,000","178,000,000","48,000,000","158,000,000","66,000,000","204,000,000","39,000,000","27,000,000","-418,000,000","-11,000,000","-61,000,000","-54,000,000","-275,000,000","-121,000,000","-119,000,000","-125,000,000","-488,000,000","47,000,000","-64,000,000","230,000,000","593,100,000","352,500,000","333,500,000","250,000,000","149,200,000","182,300,000","172,200,000","127,500,000","152,400,000","172,200,000","123,800,000","100,100,000","187,000,000","181,600,000","212,800,000","180,000,000","144,600,000","148,400,000","151,700,000","150,000,000","78,300,000","169,400,000","196,900,000","149,300,000","248,400,000","143,500,000","169,700,000","102,900,000","122,100,000","138,100,000","121,900,000","78,600,000","45,100,000","160,300,000","109,800,000","75,600,000","118,000,000","111,700,000","96,300,000","67,400,000","85,600,000","94,100,000","78,500,000","50,500,000","-1,645,800,000","715,000,000","579,800,000","533,500,000","-1,388,500,000","625,400,000","499,800,000","453,300,000","-1,397,100,000","610,100,000","491,300,000","442,800,000","-1,251,800,000","549,000,000","448,000,000","422,500,000","-1,155,500,000","474,500,000"
NetNonOperatingInterestIncomeExpense,"-289,000,000","-70,000,000","-69,000,000","-76,000,000","-74,000,000","-72,000,000","-67,000,000","-64,000,000","-58,000,000","-55,000,000","-51,000,000","-49,000,000","-45,000,000","-42,000,000","-38,000,000","-34,000,000","-39,000,000","-31,000,000","-27,000,000","-27,000,000","-25,000,000","-26,000,000","-32,000,000","-34,000,000","-35,000,000","-34,000,000","-32,000,000","-28,000,000","-25,000,000","-27,000,000","-26,000,000","-26,000,000","-18,000,000","-25,000,000","-27,000,000","-26,000,000","-34,000,000","-30,000,000","-30,000,000","-21,000,000","-16,000,000","-13,000,000","-17,000,000","-17,000,000","-23,000,000","-25,000,000","-26,000,000","-24,000,000","-23,000,000","-21,000,000","-20,000,000","-15,000,000","-7,000,000",,,,,,,,,,,,,,,,,,,,,,,,,,,,,,,,,,,,,,,,,,,,,,,,,,,,,,,,,,,,,,,,,,,,,,,,,,,,,,,,,,,,,,,,,,,,,,
	InterestIncomeNonOperating,"11,000,000","3,000,000","3,000,000","2,000,000","3,000,000","3,000,000","3,000,000","3,000,000","6,000,000","5,000,000","4,000,000","5,000,000","7,000,000","9,000,000","7,000,000","9,000,000","13,000,000","12,000,000","10,000,000","11,000,000","12,000,000","11,000,000","9,000,000","6,000,000","6,000,000","5,000,000","6,000,000","5,000,000","5,000,000","5,000,000","5,000,000","4,000,000","12,000,000","3,000,000","1,000,000","2,000,000","2,000,000","4,000,000","3,000,000","3,000,000","4,000,000","4,000,000","6,000,000","5,000,000","4,000,000","3,000,000","3,000,000","2,000,000","3,000,000","3,000,000","4,000,000","5,000,000","7,000,000",,,,,,,,,,,,,,,,,,,,,,,,,,,,,,,,,,,,,,,,,,,,,,,,,,,,,,,,,,,,,,,,,,,,,,,,,,,,,,,,,,,,,,,,,,,,,,
	InterestExpenseNonOperating,"300,000,000","73,000,000","72,000,000","78,000,000","77,000,000","75,000,000","70,000,000","67,000,000","64,000,000","60,000,000","55,000,000","54,000,000","52,000,000","51,000,000","45,000,000","43,000,000","52,000,000","43,000,000","37,000,000","38,000,000","37,000,000","37,000,000","41,000,000","40,000,000","41,000,000","39,000,000","38,000,000","33,000,000","30,000,000","32,000,000","31,000,000","30,000,000","30,000,000","28,000,000","28,000,000","28,000,000","36,000,000","34,000,000","33,000,000","24,000,000","20,000,000","17,000,000","23,000,000","22,000,000","27,000,000","28,000,000","29,000,000","26,000,000","26,000,000","24,000,000","24,000,000","20,000,000","14,000,000",,,,,,,,,,,,,,,,,,,,,,,,,,,,,,,,,,,,,,,,,,,,,,,,,,,,,,,,,,,,,,,,,,,,,,,,,,,,,,,,,,,,,,,,,,,,,,
OtherIncomeExpense,"574,000,000","163,000,000","-3,000,000","17,000,000","397,000,000","-74,000,000","260,000,000","118,000,000","71,000,000","-75,000,000","94,000,000","-109,000,000","200,000,000","-76,000,000","274,000,000","503,000,000","-620,000,000","225,000,000","53,000,000","238,000,000","-379,000,000","1,999,000,000","-246,000,000","1,492,000,000","-894,000,000","131,000,000","-142,000,000","203,000,000","106,000,000","828,000,000","810,000,000","-131,000,000","171,000,000","322,000,000","118,000,000","411,000,000","221,000,000","-87,000,000","242,000,000","262,000,000","246,000,000","204,000,000","346,000,000","466,000,000","420,000,000","899,000,000","501,000,000","533,000,000","535,000,000","467,000,000","449,000,000","396,000,000","46,000,000","-1,413,000,000","348,000,000","390,000,000","633,000,000","298,000,000","284,000,000","203,000,000","122,000,000","393,000,000","244,000,000","315,000,000","29,000,000","260,000,000","-5,000,000","44,000,000","154,000,000","140,000,000","-1,647,000,000","90,000,000","27,000,000","-43,000,000","41,000,000","5,000,000","-300,000,000","-1,384,000,000","-62,000,000","-401,000,000","21,000,000","-584,000,000","-306,000,000","-4,738,000,000","25,000,000","-524,600,000","45,300,000","-11,400,000","-91,400,000","86,800,000","43,300,000","31,600,000","21,600,000","39,200,000","16,400,000","-22,000,000","9,500,000","14,300,000","24,700,000","25,400,000","2,900,000","3,400,000","24,900,000","21,900,000","12,300,000","88,500,000","20,100,000","-411,000,000","10,500,000","-117,800,000","25,200,000","31,000,000","18,400,000","-189,800,000","-185,700,000","25,000,000","14,700,000","-14,500,000","24,000,000","16,300,000","26,300,000","8,600,000","48,000,000","30,200,000","17,000,000","21,700,000","93,400,000","31,800,000","34,000,000",,,,,,,,,,,,,,,,,,
	GainOnSaleOfSecurity,"354,000,000","92,000,000","-13,000,000","3,000,000","272,000,000","-43,000,000","-100,000,000","37,000,000","68,000,000","85,000,000","86,000,000","-107,000,000","184,000,000","-159,000,000","230,000,000","458,000,000","-622,000,000","72,000,000","26,000,000","219,000,000","-438,000,000","1,847,000,000","-237,000,000","-1,201,000,000","-894,000,000","33,000,000","-154,000,000","164,000,000","33,000,000","756,000,000","744,000,000",,"77,000,000","252,000,000","-33,000,000","251,000,000","31,000,000","4,000,000","-1,000,000",,"5,000,000",,,,"-10,000,000",,,,,,,,,,,,,,,,,,,,,,,,,,,,,,,,,,,,,,,,,,,,,,,,,,,,,,,,,,,,,,,,,,,,,,,,,,,,,,,,,,,,,,,,,,,,,,,,,,,,,,
	EarningsFromEquityInterest,"35,000,000","4,000,000","16,000,000","7,000,000","8,000,000","-42,000,000","-76,000,000","79,000,000","14,000,000","-64,000,000","23,000,000","33,000,000","25,000,000","288,000,000","32,000,000","31,000,000","39,000,000","213,000,000","31,000,000","37,000,000","80,000,000","165,000,000","19,000,000","41,000,000","59,000,000","104,000,000","39,000,000","62,000,000","94,000,000","23,000,000","95,000,000","62,000,000","86,000,000","70,000,000","138,000,000","166,000,000","173,000,000","93,000,000","240,000,000","259,000,000","218,000,000","321,000,000","324,000,000","428,000,000","398,000,000","511,000,000","504,000,000","474,000,000","469,000,000","461,000,000","418,000,000","361,000,000","195,000,000",,"382,000,000","360,000,000","304,000,000","267,000,000","239,000,000","220,000,000","216,000,000","272,000,000","232,000,000","256,000,000","200,000,000","186,000,000","74,000,000","172,000,000","166,000,000","133,000,000","96,000,000","107,000,000","107,000,000","15,000,000","75,000,000","60,000,000","59,000,000","19,000,000","42,000,000","25,000,000","30,000,000","29,000,000","39,000,000","46,000,000",,,,,,,,,,,,,,,,,,,,,,,,,,,,,,,,,,,,,,,,,,,,,,,,,,,,,,,,,,,,,,,
	SpecialIncomeCharges,,,,,,"0","498,000,000",,,,,,,,,,,,,,,"1,000,000",,"2,678,000,000","-80,000,000","9,000,000",,,,"3,000,000","-5,000,000","-38,000,000","-19,000,000","-18,000,000","-5,000,000","-6,000,000","-2,000,000","-197,000,000","3,000,000","3,000,000","23,000,000","-117,000,000","22,000,000","38,000,000","32,000,000","388,000,000","-3,000,000","59,000,000","66,000,000","6,000,000","31,000,000","35,000,000","-149,000,000","-367,000,000","-34,000,000","30,000,000","329,000,000","31,000,000","45,000,000","-17,000,000","-94,000,000","121,000,000","12,000,000","59,000,000","-171,000,000","74,000,000","-79,000,000","-128,000,000","-12,000,000","7,000,000","-1,743,000,000","-17,000,000","-80,000,000","-58,000,000","-34,000,000","-55,000,000","-359,000,000","-1,403,000,000","-104,000,000","-426,000,000","-9,000,000","-613,000,000","-345,000,000","-4,784,000,000","25,000,000","-524,600,000","45,300,000","-11,400,000","-91,400,000","86,800,000","43,300,000","31,600,000","21,600,000","39,200,000","16,400,000","-22,000,000","9,500,000","14,300,000","24,700,000","25,400,000","2,900,000","3,400,000","24,900,000","21,900,000","12,300,000","88,500,000","20,100,000","-411,000,000","10,500,000","-117,800,000","25,200,000","31,000,000","18,400,000","-189,800,000","-185,700,000","25,000,000","14,700,000","-14,500,000","24,000,000","16,300,000","26,300,000","8,600,000","48,000,000","30,200,000","17,000,000","21,700,000","93,400,000","31,800,000","34,000,000",,,,,,,,,,,,,,,,,,
		RestructuringAndMergernAcquisition,,,,,,"0","-498,000,000",,,,,,,,,,,,,,,"-1,000,000",,"-2,678,000,000","80,000,000",,,,,"20,000,000",,"34,000,000","17,000,000","71,000,000",,,,"133,000,000",,,,"129,000,000","0","0","0","-326,000,000","-1,000,000","0","-2,000,000","53,000,000","10,000,000","0","165,000,000","22,000,000","-2,000,000",,"-1,000,000","-2,000,000",,"-2,000,000",,"-7,000,000","2,000,000","5,000,000","6,000,000","-84,000,000","28,000,000","-1,000,000","19,000,000","-5,000,000","1,794,000,000","-34,000,000","34,000,000","21,000,000","-10,000,000","49,000,000","51,000,000","1,461,000,000","125,000,000","494,000,000",,"614,000,000","339,000,000","4,772,000,000",,,,,,,,,,,,,,,,,,,,,,,,,,,,,,,,,,,,,,,,,,,,,,,,,,,,,,,,,,,,,,,
		ImpairmentOfCapitalAssets,,,,,,,,,,,,,,,,,,,,,,,,,,,,,,,,,,,,,,,,,,,,,,,,,,,,"1,000,000",,,,,,,,,,,,,,,,,,,,,,,,,,,,,,,,,,,,,,,,,,,,,,,,,,,,,,,,,,,,,,,,,,,,,,,,,,,,,,,,,,,,,,,,,,,,,,,
		OtherSpecialCharges,,,,,,,,,,,,,,,,,,,,,,,,,,"-9,000,000",,,,"-23,000,000","5,000,000","4,000,000","2,000,000","-49,000,000","5,000,000","6,000,000","2,000,000","64,000,000","-3,000,000","-3,000,000","-23,000,000","-12,000,000","-22,000,000","-38,000,000","-32,000,000","-62,000,000","4,000,000","-59,000,000","-64,000,000","-59,000,000","-41,000,000","-35,000,000","-16,000,000","345,000,000","36,000,000",,"-328,000,000","-29,000,000",,"19,000,000",,"-114,000,000","-14,000,000","-64,000,000","165,000,000","10,000,000","51,000,000","129,000,000","-7,000,000","-2,000,000","-51,000,000","51,000,000","46,000,000","37,000,000","44,000,000","6,000,000","308,000,000","-58,000,000","-21,000,000","-68,000,000",,"-1,000,000","6,000,000","12,000,000",,,,,,,,,,,,,,,,,,,,,,,,,,,,,,,,,,,,,,,,,,,,,,,,,,,,,,,,,,,,,,,
	OtherNonOperatingIncomeExpenses,"185,000,000","67,000,000","-6,000,000","7,000,000","117,000,000","11,000,000","-62,000,000","2,000,000","-11,000,000","-96,000,000","-15,000,000","-35,000,000","-9,000,000","-205,000,000","12,000,000","14,000,000","-37,000,000","-60,000,000","-4,000,000","-18,000,000","-21,000,000","-14,000,000","-28,000,000","-26,000,000","21,000,000","-21,000,000","-27,000,000","-23,000,000","-21,000,000","46,000,000","-24,000,000","-155,000,000","27,000,000","18,000,000","18,000,000","265,000,000","19,000,000","41,000,000",,,,,,,,,,,,,,,,,,,,,,,,,,,,,,,,,,,,,,,,,,,,,,,,,,,,,,,,,,,,,,,,,,,,,,,,,,,,,,,,,,,,,,,,,,,,,,,,,,,,,,,,,,,,,
PretaxIncome,"2,397,000,000","576,000,000","480,000,000","516,000,000","825,000,000","330,000,000","450,000,000","-49,000,000","-108,000,000","17,000,000","408,000,000","216,000,000","575,000,000","346,000,000","758,000,000","864,000,000","-465,000,000","566,000,000","479,000,000","592,000,000","20,000,000","2,404,000,000","257,000,000","1,703,000,000","-672,000,000","169,000,000","218,000,000","606,000,000","493,000,000","1,337,000,000","1,409,000,000","341,000,000","481,000,000","567,000,000","549,000,000","829,000,000","528,000,000","381,000,000","608,000,000","555,000,000","573,000,000","552,000,000","921,000,000","878,000,000","862,000,000","1,189,000,000","799,000,000","944,000,000","913,000,000","704,000,000","675,000,000","607,000,000","-52,000,000","-56,000,000","326,000,000","463,000,000","790,000,000","390,000,000","445,000,000","289,000,000","167,000,000","377,000,000","245,000,000","283,000,000","56,000,000","268,000,000","131,000,000","42,000,000","103,000,000","67,000,000","-1,619,000,000","36,000,000","-64,000,000","-91,000,000","-74,000,000","-149,000,000","-445,000,000","-1,714,000,000","-259,000,000","-579,000,000","-168,000,000","-1,131,000,000","-320,000,000","-4,871,000,000","240,000,000","33,800,000","365,300,000","286,100,000","131,800,000","191,500,000","184,400,000","169,200,000","120,400,000","153,000,000","153,600,000","70,600,000","83,100,000","163,300,000","164,400,000","194,000,000","145,300,000","121,100,000","142,500,000","139,500,000","116,600,000","122,800,000","125,700,000","-263,900,000","119,300,000","88,000,000","111,000,000","164,800,000","87,600,000","-99,100,000","-79,000,000","124,500,000","73,700,000","11,100,000","155,300,000","107,500,000","84,800,000","109,600,000","135,700,000","106,700,000","69,800,000","93,600,000","166,100,000","94,800,000","70,700,000",,,,,,,,,,,,,,,,,,
TaxProvision,"491,000,000","89,000,000","109,000,000","67,000,000","226,000,000","78,000,000","23,000,000","22,000,000","-12,000,000","-15,000,000","71,000,000","124,000,000","76,000,000","54,000,000","133,000,000","126,000,000","124,000,000","1,978,000,000","89,000,000","153,000,000","-66,000,000","832,000,000","-27,000,000","-504,000,000","-304,000,000","-55,000,000","6,000,000","110,000,000","86,000,000","349,000,000","395,000,000","172,000,000","180,000,000","146,000,000","141,000,000","191,000,000","34,000,000","98,000,000","87,000,000","93,000,000","111,000,000","61,000,000","110,000,000","123,000,000","114,000,000","145,000,000","14,000,000","31,000,000","97,000,000","-36,000,000","32,000,000","-4,000,000","-66,000,000","-23,000,000","-60,000,000","-2,388,000,000","66,000,000","-61,000,000","66,000,000","19,000,000","56,000,000","0","33,000,000","24,000,000","-2,000,000","487,000,000","28,000,000","44,000,000","19,000,000","34,000,000","985,000,000","24,000,000","-12,000,000","-46,000,000","-30,000,000","-34,000,000","-144,000,000","-427,000,000","-79,000,000","-178,000,000","-42,000,000","-423,000,000","-60,000,000","-77,000,000","108,000,000","103,500,000","111,700,000","136,900,000","54,900,000","56,200,000","51,100,000","47,400,000","33,900,000","48,700,000","49,200,000","13,900,000","21,000,000","54,800,000","52,100,000","67,000,000","53,300,000","40,100,000","43,900,000","45,700,000","44,800,000","39,300,000","42,200,000","33,300,000","39,900,000","53,000,000","34,100,000","53,400,000","29,600,000","21,800,000","-45,100,000","34,700,000","23,900,000","900,000","48,800,000","35,700,000","7,000,000","24,000,000","31,200,000","32,800,000","22,600,000","21,600,000","62,600,000","27,900,000","24,000,000",,,,,,,,,,,,,,,,,,
NetIncomeCommonStockholders,"1,079,000,000","487,000,000","371,000,000","-354,000,000","575,000,000","227,000,000","403,000,000","-96,000,000","-120,000,000","7,000,000","313,000,000","92,000,000","475,000,000","267,000,000","601,000,000","714,000,000","-589,000,000","-1,437,000,000","366,000,000","415,000,000","62,000,000","1,547,000,000","260,000,000","2,183,000,000","-392,000,000","199,000,000","188,000,000","472,000,000","407,000,000","964,000,000","990,000,000","145,000,000","280,000,000","421,000,000","408,000,000","638,000,000","494,000,000","283,000,000","521,000,000","462,000,000","462,000,000","491,000,000","811,000,000","755,000,000","748,000,000","1,044,000,000","785,000,000","913,000,000","816,000,000","740,000,000","643,000,000","611,000,000","14,000,000","249,000,000","768,000,000","3,211,000,000","1,029,000,000","717,000,000","617,000,000","489,000,000","327,000,000","646,000,000","438,000,000","514,000,000","257,000,000","-32,000,000","203,000,000","165,000,000","249,000,000","163,000,000","-2,491,000,000","108,000,000","55,000,000","-29,000,000","33,000,000","-22,000,000","-205,000,000","-710,000,000","-260,000,000","-370,000,000","-90,000,000","-656,000,000","-220,000,000","-4,755,000,000","132,000,000","-57,100,000","253,400,000","149,200,000","76,900,000","139,800,000","133,100,000","121,500,000","86,500,000","104,000,000","104,000,000","123,400,000","61,100,000","106,900,000","112,300,000","127,000,000","92,000,000","74,400,000","-16,400,000","37,000,000","71,800,000","81,500,000","83,500,000","-297,200,000","78,900,000","34,500,000","76,400,000","110,900,000","57,500,000","-121,400,000","-34,400,000","89,200,000","49,300,000","-270,300,000","106,400,000","71,500,000","77,500,000","85,000,000","103,900,000","73,300,000","46,600,000","71,400,000","102,900,000","66,200,000","46,100,000",,,,,,,,,,,,,,,,,,
	NetIncome,"1,906,000,000","487,000,000","371,000,000","449,000,000","599,000,000","252,000,000","427,000,000","-71,000,000","-96,000,000","32,000,000","337,000,000","92,000,000","499,000,000","292,000,000","625,000,000","738,000,000","-589,000,000","-1,412,000,000","390,000,000","439,000,000","86,000,000","1,572,000,000","284,000,000","2,207,000,000","-368,000,000","224,000,000","212,000,000","496,000,000","407,000,000","988,000,000","1,014,000,000","169,000,000","301,000,000","421,000,000","408,000,000","638,000,000","494,000,000","283,000,000","521,000,000","462,000,000","462,000,000","491,000,000","811,000,000","755,000,000","748,000,000","1,044,000,000","785,000,000","913,000,000","816,000,000","740,000,000","643,000,000","611,000,000","14,000,000","249,000,000","768,000,000","3,211,000,000","1,029,000,000","717,000,000","617,000,000","489,000,000","327,000,000","646,000,000","438,000,000","514,000,000","257,000,000","-32,000,000","203,000,000","165,000,000","249,000,000","163,000,000","-2,491,000,000","108,000,000","55,000,000","-29,000,000","33,000,000","-22,000,000","-205,000,000","-709,000,000","-133,000,000","-370,000,000","-90,000,000","-655,000,000","-220,000,000","-4,755,000,000","132,000,000","-56,700,000","253,600,000","149,200,000","76,900,000","140,100,000","133,300,000","121,800,000","86,500,000","104,300,000","104,400,000","123,800,000","61,500,000","108,500,000","112,300,000","127,000,000","92,000,000","76,300,000","-16,400,000","37,000,000","71,800,000","83,500,000","83,500,000","-297,200,000","79,400,000","35,000,000","76,900,000","111,400,000","58,000,000","-120,900,000","-33,900,000","89,800,000","49,800,000","-269,800,000","107,000,000","72,100,000","78,100,000","85,600,000","104,500,000","73,900,000","47,200,000","72,000,000","103,500,000","66,900,000","46,700,000",,,,,,,,,,,,,,,,,,
		NetIncomeIncludingNoncontrollingInterests,"1,906,000,000","487,000,000","371,000,000","449,000,000","599,000,000","252,000,000","427,000,000","-71,000,000","-96,000,000","32,000,000","337,000,000","92,000,000","499,000,000","292,000,000","625,000,000","738,000,000","-589,000,000","-1,412,000,000","390,000,000","439,000,000","86,000,000","1,572,000,000","284,000,000","2,207,000,000","-368,000,000","224,000,000","212,000,000","496,000,000","407,000,000","988,000,000","1,014,000,000","169,000,000","301,000,000","421,000,000","408,000,000","638,000,000","494,000,000","283,000,000","521,000,000","462,000,000","462,000,000","491,000,000","811,000,000","755,000,000","748,000,000","1,044,000,000","785,000,000","913,000,000","816,000,000","740,000,000","643,000,000","611,000,000","14,000,000","-1,079,000,000","768,000,000","3,211,000,000","1,028,000,000","718,000,000","618,000,000","490,000,000","327,000,000","649,000,000","444,000,000","515,000,000","256,000,000","-33,000,000","205,000,000","170,000,000","249,000,000","166,000,000","-2,488,000,000","119,000,000","55,000,000","-30,000,000","31,000,000","-55,000,000","-242,000,000","-790,000,000","-138,000,000","-376,000,000","-96,000,000","-679,000,000","-221,000,000","-4,748,000,000","137,000,000","-50,100,000","260,900,000","156,700,000","79,500,000","163,100,000","151,900,000","139,200,000","96,600,000","126,600,000","124,700,000","136,600,000","67,000,000","128,700,000","135,300,000","147,900,000","104,600,000","87,900,000","-3,400,000","52,800,000","87,700,000","100,100,000","111,500,000","-275,900,000","93,900,000","52,800,000","100,700,000","121,400,000","65,900,000","-113,800,000","-31,300,000","93,600,000","52,900,000","-261,400,000","116,500,000","74,800,000","79,100,000","89,300,000","110,800,000","79,500,000","48,900,000","73,000,000","108,300,000","70,300,000","47,900,000","77,200,000","75,900,000","69,400,000","41,100,000","51,400,000","123,200,000","81,000,000","36,800,000","56,600,000","50,700,000","52,300,000","29,500,000","26,900,000","46,600,000","53,400,000","35,300,000","28,500,000","9,700,000"
			NetIncomeContinuousOperations,"1,906,000,000","487,000,000","371,000,000","449,000,000","599,000,000","252,000,000","427,000,000","-71,000,000","-96,000,000","32,000,000","337,000,000","92,000,000","499,000,000","292,000,000","625,000,000","738,000,000","-589,000,000","-1,412,000,000","390,000,000","439,000,000","86,000,000","1,572,000,000","284,000,000","2,207,000,000","-368,000,000","224,000,000","212,000,000","496,000,000","407,000,000","988,000,000","1,014,000,000","169,000,000","301,000,000","421,000,000","408,000,000","638,000,000","494,000,000","283,000,000","521,000,000","462,000,000","462,000,000","491,000,000","811,000,000","755,000,000","748,000,000","1,044,000,000","785,000,000","913,000,000","816,000,000","740,000,000","643,000,000","611,000,000","14,000,000","-1,080,000,000","768,000,000","3,211,000,000","1,029,000,000","717,000,000","617,000,000","489,000,000","327,000,000","646,000,000","438,000,000","514,000,000","257,000,000","-32,000,000","203,000,000","165,000,000","249,000,000","163,000,000","-2,511,000,000","108,000,000","55,000,000","-29,000,000","33,000,000","-22,000,000","-205,000,000","-1,187,000,000","-133,000,000","-370,000,000","-90,000,000","-655,000,000","-220,000,000","-4,755,000,000","132,000,000","-69,700,000","253,600,000","149,200,000","76,900,000","135,300,000","133,300,000","121,800,000","86,500,000","104,300,000","104,400,000","56,700,000","62,100,000","108,500,000","112,300,000","127,000,000","92,000,000","81,000,000","98,600,000","93,800,000","71,800,000","83,500,000","83,500,000","-297,200,000","79,400,000","35,000,000","76,900,000","111,400,000","58,000,000","-120,900,000","-33,900,000","89,800,000","49,800,000","10,200,000","106,500,000","71,800,000","77,800,000","85,600,000","104,500,000","73,900,000","47,200,000","72,000,000","103,500,000","66,900,000","46,700,000","73,000,000","75,900,000","69,400,000","41,100,000","51,400,000","123,200,000","81,000,000","36,800,000","56,600,000","50,700,000","52,300,000","29,500,000","26,900,000","46,600,000","53,400,000","35,300,000","28,500,000","9,700,000"
			NetIncomeDiscontinuousOperations,,,,,,,,,,,,,,,,,,,,,,,,,,,,,,,,,,,,,,,,,,,,,,,,,,,,,,,,,,,,,,,,,,,,,,"0","20,000,000",,,,,,,,,,,,,,,,,,,,,,,"0",,"67,100,000","-600,000",,,,,"-4,700,000","-115,000,000","-56,800,000",,,,,,,,,,,,,,,,,,,,,,,,,,,,,,,,,,,,,,,,,,,
			NetIncomeFromTaxLossCarryforward,,,,,,,,,,,,,,,,,,,,,,,,,,,,,,,,,,,,,,,,,,,,,,,,,,,,,,,,,,,,,,,,,,,,,,,,,,,,,,,,,,,,,,,,,,,,,,,,,,,,,,,,,,,,,,,,,,,,,,"6,600,000","500,000","300,000","300,000",,,,,,,,,,,,,,,,,,,,,,,,,,
		MinorityInterests,,,,,,,,,,,,,,,,,,,,,,,,,,,,,,,,,,,,,,,,,,,,,,,,,,,,,,"0",,,"1,000,000","-1,000,000","-1,000,000","-1,000,000",,"-3,000,000","-6,000,000","-1,000,000","1,000,000","1,000,000","-2,000,000","-5,000,000",,"-3,000,000","-3,000,000","-11,000,000",,"1,000,000","2,000,000","33,000,000","37,000,000","81,000,000","5,000,000","6,000,000","6,000,000","24,000,000","1,000,000","-7,000,000","-5,000,000","-6,600,000","-7,300,000","-7,500,000","-2,600,000","-23,000,000","-18,600,000","-17,400,000","-10,100,000","-22,300,000","-20,300,000","-12,800,000","-5,500,000","-20,200,000","-23,000,000","-20,900,000","-12,600,000","-11,600,000","-13,000,000","-15,800,000","-15,900,000","-16,600,000","-28,000,000","-21,300,000","-14,500,000","-17,800,000","-23,800,000","-10,000,000","-7,900,000","-7,100,000","-2,600,000","-3,800,000","-3,100,000","-8,400,000","-9,500,000","-2,700,000","-1,000,000","-3,700,000","-6,300,000","-5,600,000","-1,700,000","-1,000,000","-4,800,000","-3,400,000","-1,200,000",,,,,,,,,,,,,,,,,,
	PreferredStockDividends,"24,000,000","0",,,"24,000,000","25,000,000","24,000,000","25,000,000","24,000,000","25,000,000","24,000,000","24,000,000","24,000,000","25,000,000","24,000,000","24,000,000","24,000,000","25,000,000","24,000,000","24,000,000","24,000,000","25,000,000","24,000,000","24,000,000","24,000,000","25,000,000","24,000,000","24,000,000","24,000,000","24,000,000","24,000,000","24,000,000","21,000,000",,,,,,,,,,,,,,,,,,,,,,,,,,,,,,,,,,,,,,,,,,,,,"1,000,000","127,000,000",,,,,,,"400,000","200,000",,,"300,000","200,000","300,000",,"300,000","400,000","400,000","400,000",,,,,,,,,,,,"500,000","500,000","500,000","500,000","500,000","500,000","500,000","600,000","500,000","500,000","600,000","600,000","600,000","600,000","600,000","600,000","600,000","600,000","600,000","700,000","600,000",,,,,,,,,,,,,,,,,,
	OtherunderPreferredStockDividend,"803,000,000","0",,"803,000,000",,,,,,,,,,,,,,,,,,,,,,,,,,,,,,,,,,,,,,,,,,,,,,,,,,,,,,,,,,,,,,,,,,,,,,,,,,,,,,,,,,,,,,,,,,,,,,,,,,,,,,,,,,,,,,,,,,,,,,,,,,,,,,,,,,,,,,,,,,,,,,,
AverageDilutionEarnings,,,,"-803,000,000","24,000,000","25,000,000","24,000,000",,,"25,000,000","24,000,000",,"24,000,000","25,000,000","24,000,000","24,000,000",,,"24,000,000","24,000,000",,"25,000,000","24,000,000","24,000,000",,"25,000,000",,"24,000,000","24,000,000","24,000,000","24,000,000",,,,,,,,,,,,,,,,,,,,,,,,,,,,,,,,,,,,,,,,,,,,,,,,,,,,,,,,,,,,,,,,,,,,,,,,,,,,,,,,,,,,,,,,,,,,,,,,,,,,,,,,,,,,,,,,,,,,
DilutedNIAvailtoComStockholders,"1,079,000,000","487,000,000","371,000,000","-354,000,000","599,000,000","227,000,000","427,000,000","-96,000,000","-120,000,000","32,000,000","337,000,000","92,000,000","499,000,000","292,000,000","625,000,000","738,000,000","-589,000,000","-1,510,000,000","390,000,000","439,000,000","62,000,000","1,572,000,000","284,000,000","2,207,000,000","-392,000,000","224,000,000","188,000,000","496,000,000","407,000,000","894,000,000","1,014,000,000","145,000,000","280,000,000","421,000,000","408,000,000","638,000,000","494,000,000","283,000,000","521,000,000","462,000,000","462,000,000","491,000,000","811,000,000","755,000,000","748,000,000","1,044,000,000","785,000,000","913,000,000","816,000,000","740,000,000","643,000,000","611,000,000","14,000,000","249,000,000","768,000,000","3,211,000,000","1,029,000,000","717,000,000","617,000,000","489,000,000","327,000,000","646,000,000","438,000,000","514,000,000","257,000,000","-32,000,000","203,000,000","165,000,000","249,000,000","163,000,000","-2,491,000,000","108,000,000","55,000,000","-29,000,000","33,000,000","-22,000,000","-205,000,000","-710,000,000","-260,000,000","-370,000,000","-90,000,000","-656,000,000","-220,000,000","-4,755,000,000","132,000,000","-57,100,000","253,400,000","149,200,000","76,900,000","139,800,000","133,100,000","121,500,000","86,500,000","104,000,000","104,000,000","123,400,000","61,100,000","106,900,000","112,300,000","127,000,000","92,000,000","74,400,000","-16,400,000","37,000,000","71,800,000","81,500,000","83,500,000","-297,200,000","78,900,000","34,500,000","76,400,000","110,900,000","57,500,000","-121,400,000","-34,400,000","89,200,000","49,300,000","-270,300,000","106,400,000","71,500,000","77,500,000","85,000,000","103,900,000","73,300,000","46,600,000","71,400,000","102,900,000","66,200,000","46,100,000",,,,,,,,,,,,,,,,,,
BasicEPS,,"0.57","0.44","-0.42","0.75","0.3","0.53","-0.13","-0.16","0.01","0.4","0.09","0.61","0.34","0.75","0.87","-0.72","-1.66","0.41","0.46","0.07","1.64","0.27","2.06","-0.36","0.17","0.16","0.38","0.3","0.76","0.77","0.11","0.21","0.3","0.28","0.43","0.33","0.19","0.35","0.31","0.3","0.32","0.52","0.48","0.48",,"0.5","0.59","0.52",,"0.41","0.39","0.01",,"0.49","2.05","0.66",,"0.39","0.31","0.21",,"0.28","0.33","0.17",,"0.14","0.11","0.18",,"-1.78","0.08","0.04",,"0.03","-0.02","-0.17",,"-0.25","-0.39","-0.1",,"-0.24","-5.13","0.14",,"0.097","0.177","0.093",,"0.06","0.057","0.04",,"0.05","0.06","0.03",,"0.057","0.06","0.043",,"-0.01","0.02","0.033",,"0.04","-0.147","0.04",,"0.04","0.06","0.03",,"-0.02","0.053","0.03",,"0.063","0.043","0.047",,"0.032","0.022","0.015",,"0.03","0.02","0.013",,"0.022","0.022","0.013",,"0.019","0.013","0.006",,"0.008","0.008","0.004",,"0.008","0.008","0.006",,"0.002"
DilutedEPS,,"0.56","0.43","-0.42","0.67","0.28","0.48","-0.13","-0.16","0.01","0.38","0.09","0.55","0.32","0.67","0.78","-0.72","-1.66","0.39","0.42","0.07","1.47","0.26","1.87","-0.36","0.17","0.15","0.36","0.29","0.7","0.72","0.11","0.2","0.3","0.28","0.43","0.33","0.19","0.35","0.3","0.3","0.31","0.51","0.47","0.47",,"0.5","0.58","0.52",,"0.41","0.39","0.01",,"0.49","2.01","0.64",,"0.38","0.3","0.2",,"0.27","0.32","0.16",,"0.13","0.11","0.17",,"-1.78","0.07","0.038",,"0.02","-0.02","-0.17",,"-0.25","-0.39","-0.1",,"-0.24","-5.13","0.14",,"0.093","0.173","0.093",,"0.06","0.053","0.04",,"0.05","0.06","0.03",,"0.053","0.057","0.043",,"-0.01","0.017","0.033",,"0.04","-0.147","0.04",,"0.04","0.06","0.03",,"-0.02","0.053","0.03",,"0.063","0.043","0.047",,"0.032","0.022","0.015",,"0.03","0.02","0.013",,"0.022","0.022","0.013",,"0.019","0.013","0.006",,"0.008","0.008","0.004",,"0.008","0.008","0.006",,"0.002"
BasicAverageShares,,"849,000,000","852,000,000","844,000,000","766,000,000","763,000,000","760,000,000","759,000,000","760,000,000","764,000,000","775,000,000","781,000,000","784,000,000","795,000,000","805,000,000","819,000,000","848,000,000","863,000,000","883,000,000","908,000,000","925,000,000","942,000,000","978,000,000","1,059,000,000","1,103,000,000","1,146,000,000","1,210,000,000","1,246,000,000","1,266,000,000","1,276,000,000","1,284,000,000","1,302,000,000","1,359,000,000","1,414,000,000","1,454,000,000","1,469,000,000","1,472,000,000","1,471,000,000","1,483,000,000","1,506,000,000","1,565,000,000","1,546,000,000","1,569,000,000","1,568,000,000","1,565,000,000",,"1,557,000,000","1,555,000,000","1,555,000,000",,"1,550,000,000","1,550,000,000","1,548,000,000",,"1,558,000,000","1,569,000,000","1,566,000,000",,"1,582,051,282","1,577,419,355","1,557,142,857",,"1,564,285,714","1,557,575,758","1,511,764,706",,"1,488,000,000","1,438,000,000","1,411,000,000",,"1,399,000,000","1,383,000,000","1,358,000,000",,"1,314,000,000","1,244,000,000","1,200,000,000",,"1,036,000,000","948,000,000","945,000,000",,"936,000,000","926,000,000","942,857,143",,"2,629,800,000","844,500,000","811,200,000",,"734,100,000","732,600,000","732,000,000",,"696,000,000","696,000,000","696,000,000",,"693,600,000","691,800,000","688,200,000",,"689,100,000","690,291,000","689,100,000",,"691,200,000","683,100,000","686,400,000",,"640,699,700","641,849,850","627,519,520",,"600,828,829","586,573,574","580,414,414",,"584,435,435","576,795,796","577,792,793",,"576,522,523","572,783,784","555,111,111",,"554,339,339","562,099,099","565,801,802",,"570,384,384","533,681,682","546,786,787",,"546,786,787","541,081,081","552,840,841",,"557,237,237","557,285,285","534,906,907",,"518,762,763","518,762,763","514,558,559",,"513,105,105"
DilutedAverageShares,,"864,000,000","866,000,000","844,000,000","898,000,000","894,000,000","889,000,000","759,000,000","760,000,000","886,000,000","897,000,000","789,000,000","908,000,000","919,000,000","930,000,000","943,000,000","848,000,000","863,000,000","1,009,000,000","1,034,000,000","936,000,000","1,067,000,000","1,102,000,000","1,182,000,000","1,103,000,000","1,154,000,000","1,218,000,000","1,371,000,000","1,394,000,000","1,402,000,000","1,411,000,000","1,315,000,000","1,370,000,000","1,424,000,000","1,463,000,000","1,478,000,000","1,481,000,000","1,481,000,000","1,494,000,000","1,518,000,000","1,589,000,000","1,564,000,000","1,588,000,000","1,591,000,000","1,589,000,000",,"1,580,000,000","1,579,000,000","1,579,000,000",,"1,569,000,000","1,567,000,000","1,559,000,000",,"1,578,000,000","1,598,000,000","1,598,000,000",,"1,623,684,211","1,630,000,000","1,635,000,000",,"1,622,222,222","1,606,250,000","1,606,250,000",,"1,552,000,000","1,517,000,000","1,503,000,000",,"1,399,000,000","1,495,000,000","1,437,000,000",,"1,390,000,000","1,244,000,000","1,200,000,000",,"1,036,000,000","948,000,000","945,000,000",,"936,000,000","926,000,000","942,857,143",,"2,719,800,000","872,100,000","831,900,000",,"734,100,000","732,600,000","732,000,000",,"696,000,000","696,000,000","696,000,000",,"693,600,000","691,800,000","688,200,000",,"689,100,000","690,291,000","689,100,000",,"691,200,000","683,100,000","686,400,000",,"640,699,700","641,849,850","627,519,520",,"600,828,829","586,573,574","580,414,414",,"584,435,435","576,795,796","577,792,793",,"576,522,523","572,783,784","555,111,111",,"554,339,339","562,099,099","565,801,802",,"570,384,384","533,681,682","546,786,787",,"546,786,787","541,081,081","552,840,841",,"557,237,237","557,285,285","534,906,907",,"518,762,763","518,762,763","514,558,559",,"513,105,105"
TotalOperatingIncomeAsReported,"2,112,000,000","483,000,000","552,000,000","575,000,000","502,000,000","476,000,000","257,000,000","-103,000,000","-121,000,000","147,000,000","365,000,000","374,000,000","420,000,000","464,000,000","522,000,000","395,000,000","194,000,000","372,000,000","453,000,000","381,000,000","424,000,000","432,000,000","535,000,000","247,000,000","177,000,000","87,000,000","392,000,000","431,000,000","412,000,000","536,000,000","620,000,000","460,000,000","315,000,000","184,000,000","439,000,000","424,000,000","324,000,000","277,000,000","393,000,000","309,000,000","342,000,000","223,000,000","587,000,000","424,000,000","460,000,000","649,000,000","319,000,000","430,000,000","403,000,000","200,000,000","230,000,000","221,000,000","-260,000,000","-23,000,000","349,000,000","417,000,000","777,000,000","331,000,000","399,000,000","217,000,000","134,000,000","338,000,000","204,000,000","272,000,000","32,000,000","275,000,000","150,000,000","49,000,000","139,000,000","71,000,000","-1,590,000,000","73,000,000","-7,000,000","-439,000,000","-1,000,000","-110,000,000","-105,000,000","-1,736,000,000","-246,000,000","-613,000,000","-125,000,000","-1,102,000,000","-292,000,000","-4,836,000,000","230,000,000","593,100,000","352,500,000","333,500,000","250,000,000","149,200,000","182,300,000","172,200,000","127,500,000","152,400,000","172,200,000","123,800,000","100,100,000","187,000,000","181,600,000","212,800,000","180,000,000","144,600,000","148,400,000","151,700,000","150,000,000","78,300,000","169,400,000","196,900,000","149,300,000","248,400,000","143,500,000","169,700,000","102,900,000","122,100,000","138,100,000","121,900,000","78,600,000","45,100,000","160,300,000","109,800,000","75,600,000","118,000,000","111,700,000","96,300,000","67,400,000","85,600,000","94,100,000","78,500,000","50,500,000",,,,,,,,,,,,,,,,,,
TotalExpenses,"11,970,000,000","3,193,000,000","3,063,000,000","2,926,000,000","2,788,000,000","2,874,000,000","2,744,000,000","2,664,000,000","2,512,000,000","2,670,000,000","2,569,000,000","2,566,000,000","2,392,000,000","2,571,000,000","2,486,000,000","2,352,000,000","2,306,000,000","2,265,000,000","2,154,000,000","2,116,000,000","1,951,000,000","2,045,000,000","1,972,000,000","2,115,000,000","1,790,000,000","2,159,000,000","1,880,000,000","1,912,000,000","1,853,000,000","1,868,000,000","1,915,000,000","1,984,000,000","1,961,000,000","1,686,000,000","1,609,000,000","1,538,000,000","1,473,000,000","1,648,000,000","1,642,000,000","1,594,000,000","1,577,000,000","1,526,000,000","1,483,000,000","1,576,000,000","1,458,000,000","1,450,000,000","1,278,000,000","1,277,000,000","1,152,000,000","1,274,000,000","1,233,000,000","1,169,000,000","1,080,000,000","1,085,000,000","1,208,000,000","1,275,000,000","841,000,000","1,253,000,000","1,154,000,000","1,203,000,000","1,173,000,000","1,038,000,000","1,076,000,000","984,000,000","1,224,000,000","1,009,000,000","1,010,000,000","1,093,000,000","892,000,000","967,000,000","802,000,000","932,000,000","817,000,000","1,238,000,000","783,000,000","813,000,000","800,000,000","808,000,000","958,000,000","1,015,000,000","1,023,000,000","1,462,000,000","1,462,000,000","1,932,000,000","1,691,000,000","1,558,500,000","1,591,500,000","1,469,000,000","1,131,700,000","1,099,200,000","954,300,000","847,800,000","764,700,000","774,400,000","734,300,000","732,100,000","694,700,000","888,400,000","856,200,000","818,300,000","765,400,000","845,500,000","761,800,000","762,000,000","1,202,600,000","1,252,100,000","1,399,400,000","1,100,900,000","973,700,000","1,025,100,000","1,298,900,000","939,500,000","846,000,000","960,900,000","1,059,900,000","784,900,000","738,400,000","790,600,000","992,800,000","816,900,000","717,600,000","708,300,000","851,800,000","681,900,000","623,800,000","687,200,000","792,400,000","599,500,000","552,700,000",,,,,,,,,,,,,,,,,,
NetIncomeFromContinuingAndDiscontinuedOperation,"1,906,000,000","487,000,000","371,000,000","449,000,000","599,000,000","252,000,000","427,000,000","-71,000,000","-96,000,000","32,000,000","337,000,000","92,000,000","499,000,000","292,000,000","625,000,000","738,000,000","-589,000,000","-1,412,000,000","390,000,000","439,000,000","86,000,000","1,572,000,000","284,000,000","2,207,000,000","-368,000,000","224,000,000","212,000,000","496,000,000","407,000,000","988,000,000","1,014,000,000","169,000,000","301,000,000","421,000,000","408,000,000","638,000,000","494,000,000","283,000,000","521,000,000","462,000,000","462,000,000","491,000,000","811,000,000","755,000,000","748,000,000","1,044,000,000","785,000,000","913,000,000","816,000,000","740,000,000","643,000,000","611,000,000","14,000,000","249,000,000","768,000,000","3,211,000,000","1,029,000,000","717,000,000","617,000,000","489,000,000","327,000,000","646,000,000","438,000,000","514,000,000","257,000,000","-32,000,000","203,000,000","165,000,000","249,000,000","163,000,000","-2,491,000,000","108,000,000","55,000,000","-29,000,000","33,000,000","-22,000,000","-205,000,000","-709,000,000","-133,000,000","-370,000,000","-90,000,000","-655,000,000","-220,000,000","-4,755,000,000","132,000,000","-56,700,000","253,600,000","149,200,000","76,900,000","140,100,000","133,300,000","121,800,000","86,500,000","104,300,000","104,400,000","123,800,000","61,500,000","108,500,000","112,300,000","127,000,000","92,000,000","76,300,000","-16,400,000","37,000,000","71,800,000","83,500,000","83,500,000","-297,200,000","79,400,000","35,000,000","76,900,000","111,400,000","58,000,000","-120,900,000","-33,900,000","89,800,000","49,800,000","10,200,000","106,500,000","71,800,000","77,800,000","85,600,000","104,500,000","73,900,000","47,200,000","72,000,000","103,500,000","66,900,000","46,700,000",,,,,,,,,,,,,,,,,,
NormalizedIncome,"1,624,570,000","409,215,277.778","381,049,000","446,390,000","401,528,000","284,836,363.636","49,298,000","-98,010,000","-156,452,000","-30,050,000","265,964,000","170,110,000","339,288,000","426,184,971.098","435,250,000","346,868,000","-134,940,000","-1,455,200,000","368,836,000","276,502,000","348,800,000","363,574,043.261","426,200,000","1,320,800,000","216,400,000","195,200,000","361,688,000","361,848,000","379,742,000","427,123,410.621","481,920,000","193,700,000","264,692,000","247,253,968.254","436,234,000","449,350,000","466,856,000","426,356,955.381","519,286,184.211","459,502,702.703","439,424,083.77","595,070,652.174","791,627,578.719","722,323,462.415","728,909,512.761","703,317,073.171","787,947,434.293","855,937,500","757,012,048.193","736,100,000","613,469,629.63","588,250,000","110,850,000","487,550,000","790,100,000","3,191,500,000","727,486,075.949","696,850,000","578,674,157.303","504,882,352.941","389,479,041.916","525,000,000","427,616,326.531","460,003,533.569","359,600,000","-76,400,000","265,114,503.817","241,800,000","258,786,407.767","158,800,000","-1,465,200,000","118,200,000","120,000,000","5,800,000","53,400,000","20,449,664.43","37,829,213.483","-133,522,170.362","-60,722,007.722","-74,963,730.57","-83,250,000","-271,265,251.989","60,312,500","-46,624,717.717","117,000,000","245,060,000","222,151,656.173","156,040,000","131,740,000","73,973,420.366","101,999,078.091","99,052,482.27","70,981,727.575","77,577,385.621","93,253,125","74,368,555.241","55,000,722.022","98,998,775.26","95,427,676.399","110,372,164.948","90,163,799.036","78,725,846.408","81,370,947.368","79,074,408.602","64,225,900.515","23,322,882.736","70,147,971.36","-50,600,000","72,411,735.122","105,680,000","59,441,621.622","90,444,902.913","45,817,351.598","-7,020,000","77,520,000","71,767,871.486","39,867,028.494","23,524,324.324","90,041,532.518","60,913,116.279","53,670,990.566","78,883,211.679","67,536,109.064","52,983,598.875","35,704,297.994","55,307,692.308","45,300,722.456","44,458,860.759","24,241,725.601",,,,,,,,,,,,,,,,,,
InterestIncome,"11,000,000","3,000,000","3,000,000","2,000,000","3,000,000","3,000,000","3,000,000","3,000,000","6,000,000","5,000,000","4,000,000","5,000,000","7,000,000","9,000,000","7,000,000","9,000,000","13,000,000","12,000,000","10,000,000","11,000,000","12,000,000","11,000,000","9,000,000","6,000,000","6,000,000","5,000,000","6,000,000","5,000,000","5,000,000","5,000,000","5,000,000","4,000,000","12,000,000","3,000,000","1,000,000","2,000,000","2,000,000","4,000,000","3,000,000","3,000,000","4,000,000","4,000,000","6,000,000","5,000,000","4,000,000","3,000,000","3,000,000","2,000,000","3,000,000","3,000,000","4,000,000","5,000,000","7,000,000",,,,,,,,,,,,,,,,,,,,,,,,,,,,,,,,,,,,,,,,,,,,,,,,,,,,,,,,,,,,,,,,,,,,,,,,,,,,,,,,,,,,,,,,,,,,,,
InterestExpense,"300,000,000","73,000,000","72,000,000","78,000,000","77,000,000","75,000,000","70,000,000","67,000,000","64,000,000","60,000,000","55,000,000","54,000,000","52,000,000","51,000,000","45,000,000","43,000,000","52,000,000","43,000,000","37,000,000","38,000,000","37,000,000","37,000,000","41,000,000","40,000,000","41,000,000","39,000,000","38,000,000","33,000,000","30,000,000","32,000,000","31,000,000","30,000,000","30,000,000","28,000,000","28,000,000","28,000,000","36,000,000","34,000,000","33,000,000","24,000,000","20,000,000","17,000,000","23,000,000","22,000,000","27,000,000","28,000,000","29,000,000","26,000,000","26,000,000","24,000,000","24,000,000","20,000,000","14,000,000",,,,,,,,,,,,,,,,,,,,,,,,,,,,,,,,,,,,,,,,,,,,,,,,,,,,,,,,,,,,,,,,,,,,,,,,,,,,,,,,,,,,,,,,,,,,,,
NetInterestIncome,"-289,000,000","-70,000,000","-69,000,000","-76,000,000","-74,000,000","-72,000,000","-67,000,000","-64,000,000","-58,000,000","-55,000,000","-51,000,000","-49,000,000","-45,000,000","-42,000,000","-38,000,000","-34,000,000","-39,000,000","-31,000,000","-27,000,000","-27,000,000","-25,000,000","-26,000,000","-32,000,000","-34,000,000","-35,000,000","-34,000,000","-32,000,000","-28,000,000","-25,000,000","-27,000,000","-26,000,000","-26,000,000","-18,000,000","-25,000,000","-27,000,000","-26,000,000","-34,000,000","-30,000,000","-30,000,000","-21,000,000","-16,000,000","-13,000,000","-17,000,000","-17,000,000","-23,000,000","-25,000,000","-26,000,000","-24,000,000","-23,000,000","-21,000,000","-20,000,000","-15,000,000","-7,000,000",,,,,,,,,,,,,,,,,,,,,,,,,,,,,,,,,,,,,,,,,,,,,,,,,,,,,,,,,,,,,,,,,,,,,,,,,,,,,,,,,,,,,,,,,,,,,,
EBIT,"2,697,000,000","649,000,000","552,000,000","594,000,000","902,000,000","405,000,000","520,000,000","18,000,000","-44,000,000","77,000,000","463,000,000","270,000,000","627,000,000","397,000,000","803,000,000","907,000,000","-413,000,000","609,000,000","516,000,000","630,000,000","57,000,000","2,441,000,000","298,000,000","1,743,000,000","-631,000,000","208,000,000","256,000,000","639,000,000","523,000,000","1,369,000,000","1,440,000,000","371,000,000","511,000,000","595,000,000","577,000,000","857,000,000","564,000,000","415,000,000","641,000,000","579,000,000","593,000,000","569,000,000","944,000,000","900,000,000","889,000,000","1,217,000,000","828,000,000","970,000,000","939,000,000","728,000,000","699,000,000","627,000,000","-38,000,000","42,000,000","347,000,000","417,000,000","776,000,000","329,000,000","399,000,000","215,000,000","134,000,000","331,000,000","206,000,000","277,000,000","38,000,000","191,000,000","178,000,000","48,000,000","158,000,000","66,000,000","204,000,000","39,000,000","27,000,000","-418,000,000","-11,000,000","-61,000,000","-54,000,000","-275,000,000","-121,000,000","-119,000,000","-125,000,000","-488,000,000","47,000,000","-64,000,000","230,000,000","593,100,000","352,500,000","333,500,000","250,000,000","149,200,000","182,300,000","172,200,000","127,500,000","152,400,000","172,200,000","123,800,000","100,100,000","187,000,000","181,600,000","212,800,000","180,000,000","144,600,000","148,400,000","151,700,000","150,000,000","78,300,000","169,400,000","196,900,000","149,300,000","248,400,000","143,500,000","169,700,000","102,900,000","122,100,000","138,100,000","121,900,000","78,600,000","45,100,000","160,300,000","109,800,000","75,600,000","118,000,000","111,700,000","96,300,000","67,400,000","85,600,000","94,100,000","78,500,000","50,500,000","-1,645,800,000","715,000,000","579,800,000","533,500,000","-1,388,500,000","625,400,000","499,800,000","453,300,000","-1,397,100,000","610,100,000","491,300,000","442,800,000","-1,251,800,000","549,000,000","448,000,000","422,500,000","-1,155,500,000","474,500,000"
EBITDA,"4,178,000,000"
ReconciledCostOfRevenue,"7,667,000,000","2,058,000,000","1,955,000,000","1,850,000,000","1,804,000,000","1,779,000,000","1,639,000,000","1,481,000,000","1,474,000,000","1,599,000,000","1,549,000,000","1,523,000,000","1,407,000,000","1,529,000,000","1,485,000,000","1,375,000,000","1,241,000,000","1,319,000,000","1,275,000,000","1,249,000,000","1,158,000,000","1,199,000,000","1,183,000,000","1,129,000,000","1,002,000,000","1,086,000,000","1,100,000,000","1,085,000,000","1,057,000,000","1,118,000,000","1,157,000,000","1,156,000,000","1,065,000,000","945,000,000","926,000,000","857,000,000","796,000,000","978,000,000","915,000,000","873,000,000","871,000,000","819,000,000","856,000,000","884,000,000","823,000,000","776,000,000","666,000,000","679,000,000","616,000,000","687,000,000","653,000,000","636,000,000","544,000,000","576,000,000","656,000,000","678,000,000","616,000,000","674,000,000","664,000,000","610,000,000","566,000,000","616,000,000","576,000,000","571,000,000","548,000,000","547,000,000","516,000,000","532,000,000","501,000,000","542,000,000","483,000,000","505,000,000","424,000,000","461,000,000","433,000,000","439,000,000","428,000,000","383,000,000","514,000,000","516,000,000","531,000,000","777,000,000","994,000,000","1,332,000,000","957,000,000","1,057,500,000","975,500,000","902,700,000","696,200,000","723,700,000","611,000,000","531,800,000","453,700,000","493,700,000","474,300,000","452,100,000","435,800,000","577,100,000","528,600,000","511,500,000","467,400,000","546,000,000","480,900,000","536,000,000","764,100,000","769,700,000","889,900,000","723,500,000","625,500,000","738,500,000","820,700,000","618,100,000","545,200,000","637,700,000","705,800,000","504,000,000","469,100,000","469,100,000","679,100,000","547,200,000","467,700,000","491,200,000","551,000,000","446,800,000","401,300,000","449,000,000","521,800,000","390,800,000","352,700,000",,,,,,,,,,,,,,,,,,
ReconciledDepreciation,"1,481,000,000","379,000,000","371,000,000","369,000,000","362,000,000","392,000,000","394,000,000","352,000,000","382,000,000","392,000,000","396,000,000","380,000,000","335,000,000","330,000,000","318,000,000","322,000,000","323,000,000","306,000,000","294,000,000","281,000,000","277,000,000","305,000,000","300,000,000","295,000,000","295,000,000","302,000,000","292,000,000","299,000,000","291,000,000","298,000,000","303,000,000","302,000,000","297,000,000","249,000,000","248,000,000","250,000,000","255,000,000","267,000,000","248,000,000","242,000,000","240,000,000","247,000,000","245,000,000","236,000,000","229,000,000","224,000,000","214,000,000","208,000,000","208,000,000","198,000,000","230,000,000","186,000,000","178,000,000","205,000,000","166,000,000","165,000,000","159,000,000","154,000,000","149,000,000","151,000,000","153,000,000","153,000,000","142,000,000","152,000,000","144,000,000","128,000,000","130,000,000","129,000,000","125,000,000","136,000,000","128,000,000","129,000,000","130,000,000","126,000,000","123,000,000","141,000,000","127,000,000","139,000,000","171,000,000","177,000,000","174,000,000","240,000,000","48,000,000","160,000,000","311,000,000","-1,100,000","219,100,000","176,400,000","125,600,000","99,700,000","91,300,000","95,100,000","94,600,000","65,000,000","75,800,000","78,300,000","78,900,000","64,100,000","88,400,000","81,600,000","87,500,000","76,000,000","70,300,000","32,700,000","109,100,000","97,700,000","98,600,000","93,000,000","88,100,000","86,300,000","97,200,000","78,000,000","76,900,000","69,800,000","83,200,000","64,400,000","63,000,000","46,100,000","75,000,000","66,300,000","60,800,000","45,300,000","75,100,000","55,900,000","55,000,000","48,700,000","67,000,000","45,200,000","50,300,000",,,,,,,,,,,,,,,,,,
NetIncomeFromContinuingOperationNetMinorityInterest,"1,906,000,000","487,000,000","371,000,000","449,000,000","599,000,000","252,000,000","427,000,000","-71,000,000","-96,000,000","32,000,000","337,000,000","92,000,000","499,000,000","292,000,000","625,000,000","738,000,000","-589,000,000","-1,412,000,000","390,000,000","439,000,000","86,000,000","1,572,000,000","284,000,000","2,207,000,000","-368,000,000","224,000,000","212,000,000","496,000,000","407,000,000","988,000,000","1,014,000,000","169,000,000","301,000,000","421,000,000","408,000,000","638,000,000","494,000,000","283,000,000","521,000,000","462,000,000","462,000,000","491,000,000","811,000,000","755,000,000","748,000,000","1,044,000,000","785,000,000","913,000,000","816,000,000","740,000,000","643,000,000","611,000,000","14,000,000","249,000,000","768,000,000","3,211,000,000","1,029,000,000","717,000,000","617,000,000","489,000,000","327,000,000","646,000,000","438,000,000","514,000,000","257,000,000","-32,000,000","203,000,000","165,000,000","249,000,000","163,000,000","-2,511,000,000","108,000,000","55,000,000","-29,000,000","33,000,000","-22,000,000","-205,000,000","-1,187,000,000","-133,000,000","-370,000,000","-90,000,000","-655,000,000","-220,000,000","-4,755,000,000","132,000,000","-69,700,000","253,600,000","149,200,000","76,900,000","135,300,000","133,300,000","121,800,000","86,500,000","104,300,000","104,400,000","56,700,000","62,100,000","108,500,000","112,300,000","127,000,000","92,000,000","81,000,000","98,600,000","93,800,000","71,800,000","83,500,000","83,500,000","-297,200,000","79,400,000","35,000,000","76,900,000","111,400,000","58,000,000","-120,900,000","-33,900,000","89,800,000","49,800,000","10,200,000","106,500,000","71,800,000","77,800,000","85,600,000","104,500,000","73,900,000","47,200,000","72,000,000","103,500,000","66,900,000","46,700,000",,,,,,,,,,,,,,,,,,
TotalUnusualItemsExcludingGoodwill,"354,000,000","92,000,000","-13,000,000","3,000,000","272,000,000","-43,000,000","398,000,000","37,000,000","68,000,000","85,000,000","86,000,000","-107,000,000","184,000,000","-159,000,000","230,000,000","458,000,000","-622,000,000","72,000,000","26,000,000","219,000,000","-438,000,000","1,848,000,000","-237,000,000","1,477,000,000","-974,000,000","48,000,000","-154,000,000","164,000,000","33,000,000","759,000,000","739,000,000","-38,000,000","58,000,000","234,000,000","-38,000,000","245,000,000","29,000,000","-193,000,000","2,000,000","3,000,000","28,000,000","-117,000,000","22,000,000","38,000,000","22,000,000","388,000,000","-3,000,000","59,000,000","66,000,000","6,000,000","31,000,000","35,000,000","-149,000,000","-367,000,000","-34,000,000","30,000,000","329,000,000","31,000,000","45,000,000","-17,000,000","-94,000,000","121,000,000","12,000,000","59,000,000","-171,000,000","74,000,000","-79,000,000","-128,000,000","-12,000,000","7,000,000","-1,743,000,000","-17,000,000","-80,000,000","-58,000,000","-34,000,000","-55,000,000","-359,000,000","-1,403,000,000","-104,000,000","-426,000,000","-9,000,000","-613,000,000","-345,000,000","-4,784,000,000","25,000,000","-524,600,000","45,300,000","-11,400,000","-91,400,000","86,800,000","43,300,000","31,600,000","21,600,000","39,200,000","16,400,000","-22,000,000","9,500,000","14,300,000","24,700,000","25,400,000","2,900,000","3,400,000","24,900,000","21,900,000","12,300,000","88,500,000","20,100,000","-411,000,000","10,500,000","-117,800,000","25,200,000","31,000,000","18,400,000","-189,800,000","-185,700,000","25,000,000","14,700,000","-14,500,000","24,000,000","16,300,000","26,300,000","8,600,000","48,000,000","30,200,000","17,000,000","21,700,000","93,400,000","31,800,000","34,000,000",,,,,,,,,,,,,,,,,,
TotalUnusualItems,"354,000,000","92,000,000","-13,000,000","3,000,000","272,000,000","-43,000,000","398,000,000","37,000,000","68,000,000","85,000,000","86,000,000","-107,000,000","184,000,000","-159,000,000","230,000,000","458,000,000","-622,000,000","72,000,000","26,000,000","219,000,000","-438,000,000","1,848,000,000","-237,000,000","1,477,000,000","-974,000,000","48,000,000","-154,000,000","164,000,000","33,000,000","759,000,000","739,000,000","-38,000,000","58,000,000","234,000,000","-38,000,000","245,000,000","29,000,000","-193,000,000","2,000,000","3,000,000","28,000,000","-117,000,000","22,000,000","38,000,000","22,000,000","388,000,000","-3,000,000","59,000,000","66,000,000","6,000,000","31,000,000","35,000,000","-149,000,000","-367,000,000","-34,000,000","30,000,000","329,000,000","31,000,000","45,000,000","-17,000,000","-94,000,000","121,000,000","12,000,000","59,000,000","-171,000,000","74,000,000","-79,000,000","-128,000,000","-12,000,000","7,000,000","-1,743,000,000","-17,000,000","-80,000,000","-58,000,000","-34,000,000","-55,000,000","-359,000,000","-1,403,000,000","-104,000,000","-426,000,000","-9,000,000","-613,000,000","-345,000,000","-4,784,000,000","25,000,000","-524,600,000","45,300,000","-11,400,000","-91,400,000","86,800,000","43,300,000","31,600,000","21,600,000","39,200,000","16,400,000","-22,000,000","9,500,000","14,300,000","24,700,000","25,400,000","2,900,000","3,400,000","24,900,000","21,900,000","12,300,000","88,500,000","20,100,000","-411,000,000","10,500,000","-117,800,000","25,200,000","31,000,000","18,400,000","-189,800,000","-185,700,000","25,000,000","14,700,000","-14,500,000","24,000,000","16,300,000","26,300,000","8,600,000","48,000,000","30,200,000","17,000,000","21,700,000","93,400,000","31,800,000","34,000,000",,,,,,,,,,,,,,,,,,
NormalizedEBITDA,"3,824,000,000","936,000,000","936,000,000","960,000,000","992,000,000","840,000,000","516,000,000","333,000,000","270,000,000","384,000,000","773,000,000","757,000,000","778,000,000","886,000,000","891,000,000","771,000,000","532,000,000","843,000,000","784,000,000","692,000,000","772,000,000","898,000,000","835,000,000","561,000,000","638,000,000","462,000,000","702,000,000","774,000,000","781,000,000","908,000,000","1,004,000,000","711,000,000","750,000,000","610,000,000","863,000,000","862,000,000","790,000,000","875,000,000","887,000,000","818,000,000","805,000,000","933,000,000","1,167,000,000","1,098,000,000","1,096,000,000","1,053,000,000","1,045,000,000","1,119,000,000","1,081,000,000","920,000,000","898,000,000","778,000,000","289,000,000","614,000,000","547,000,000","552,000,000","606,000,000","452,000,000","503,000,000","383,000,000","381,000,000","363,000,000","336,000,000","370,000,000","353,000,000","245,000,000","387,000,000","305,000,000","295,000,000","195,000,000","2,075,000,000","185,000,000","237,000,000","-234,000,000","146,000,000","135,000,000","432,000,000","1,267,000,000","154,000,000","484,000,000","58,000,000","365,000,000","440,000,000","4,880,000,000","516,000,000","1,116,600,000","526,300,000","521,300,000","467,000,000","162,100,000","230,300,000","235,700,000","200,500,000","178,200,000","231,600,000","224,100,000","169,500,000","236,800,000","245,300,000","269,000,000","264,600,000","217,200,000","193,800,000","162,500,000","246,800,000","87,500,000","247,900,000","700,900,000","226,900,000","452,500,000","215,500,000","216,700,000","161,400,000","381,700,000","407,000,000","161,300,000","126,900,000","105,700,000","211,300,000","159,800,000","110,100,000","154,700,000","138,800,000","122,000,000","105,400,000","112,600,000","67,700,000","91,900,000","66,800,000","-1,645,800,000","715,000,000","579,800,000","533,500,000","-1,388,500,000","625,400,000","499,800,000","453,300,000","-1,397,100,000","610,100,000","491,300,000","442,800,000","-1,251,800,000","549,000,000","448,000,000","422,500,000","-1,155,500,000","474,500,000"
TaxRateForCalcs,"0.205","0.155","0.227","0.13","0.274","0.236","0.051","0.27","0.111","0.27","0.174","0.27","0.132","0.156","0.175","0.146","0.27","0.4","0.186","0.258","0.4","0.346","0.4","0.4","0.4","0.4","0.028","0.182","0.174","0.261","0.28","0.35","0.374","0.257","0.257","0.23","0.064","0.257","0.143","0.168","0.194","0.111","0.119","0.14","0.132","0.122","0.018","0.033","0.106","0.35","0.047","0.35","0.35","0.35","0.35","0.35","0.084","0.35","0.148","0.066","0.335","0","0.135","0.085","0.4","0.4","0.214","0.4","0.184","0.4","0.4","0.4","0.188","0.4","0.4","0.228","0.324","0.249","0.305","0.307","0.25","0.374","0.188","0.016","0.4","0.4","0.306","0.4","0.4","0.293","0.277","0.28","0.282","0.318","0.32","0.197","0.253","0.336","0.317","0.345","0.367","0.331","0.308","0.328","0.384","0.32","0.336","0.4","0.334","0.4","0.307","0.324","0.338","0.4","0.4","0.279","0.324","0.081","0.314","0.332","0.083","0.219","0.23","0.307","0.324","0.231","0.377","0.294","0.339",,,,,,,,,,,,,,,,,,
TaxEffectOfUnusualItems,"72,570,000","14,215,277.778","-2,951,000","390,000","74,528,000","-10,163,636.364","20,298,000","9,990,000","7,548,000","22,950,000","14,964,000","-28,890,000","24,288,000","-24,815,028.902","40,250,000","66,868,000","-167,940,000","28,800,000","4,836,000","56,502,000","-175,200,000","639,574,043.261","-94,800,000","590,800,000","-389,600,000","19,200,000","-4,312,000","29,848,000","5,742,000","198,123,410.621","206,920,000","-13,300,000","21,692,000","60,253,968.254","-9,766,000","56,350,000","1,856,000","-49,643,044.619","286,184.211","502,702.703","5,424,083.77","-12,929,347.826","2,627,578.719","5,323,462.415","2,909,512.761","47,317,073.171","-52,565.707","1,937,500","7,012,048.193","2,100,000","1,469,629.63","12,250,000","-52,150,000","-128,450,000","-11,900,000","10,500,000","27,486,075.949","10,850,000","6,674,157.303","-1,117,647.059","-31,520,958.084","0","1,616,326.531","5,003,533.569","-68,400,000","29,600,000","-16,885,496.183","-51,200,000","-2,213,592.233","2,800,000","-697,200,000","-6,800,000","-15,000,000","-23,200,000","-13,600,000","-12,550,335.57","-116,170,786.517","-349,522,170.362","-31,722,007.722","-130,963,730.57","-2,250,000","-229,265,251.989","-64,687,500","-75,624,717.717","10,000,000","-209,840,000","13,851,656.173","-4,560,000","-36,560,000","25,473,420.366","11,999,078.091","8,852,482.27","6,081,727.575","12,477,385.621","5,253,125","-4,331,444.759","2,400,722.022","4,798,775.26","7,827,676.399","8,772,164.948","1,063,799.036","1,125,846.408","7,670,947.368","7,174,408.602","4,725,900.515","28,322,882.736","6,747,971.36","-164,400,000","3,511,735.122","-47,120,000","7,741,621.622","10,044,902.913","6,217,351.598","-75,920,000","-74,280,000","6,967,871.486","4,767,028.494","-1,175,675.676","7,541,532.518","5,413,116.279","2,170,990.566","1,883,211.679","11,036,109.064","9,283,598.875","5,504,297.994","5,007,692.308","35,200,722.456","9,358,860.759","11,541,725.601",,,,,,,,,,,,,,,,,,