name,ttm,12/31/2021,09/30/2021,06/30/2021,03/31/2021,12/31/2020,09/30/2020,06/30/2020,03/31/2020,12/31/2019,09/30/2019,06/30/2019,03/31/2019,12/31/2018,09/30/2018,06/30/2018,03/31/2018,12/31/2017,09/30/2017,06/30/2017,03/31/2017,12/31/2016,09/30/2016,06/30/2016,03/31/2016,12/31/2015,09/30/2015,06/30/2015,03/31/2015,12/31/2014,09/30/2014,06/30/2014,03/31/2014,12/31/2013,09/30/2013,06/30/2013,03/31/2013,12/31/2012,09/30/2012,06/30/2012,03/31/2012,12/31/2011,09/30/2011,06/30/2011,03/31/2011,12/31/2010,09/30/2010,06/30/2010,03/31/2010,12/31/2009,09/30/2009,06/30/2009,03/31/2009,12/31/2008,09/30/2008
TotalRevenue,"3,737,184,000","1,067,071,000","942,698,000","919,981,000","807,434,000","761,082,000","701,355,000","546,848,000","475,915,000","590,932,000","601,135,000","541,916,000","470,353,000","571,366,000","559,515,000","494,949,000","397,634,000","488,002,000","457,253,000","395,376,000","331,814,000","417,421,000","373,121,000","367,376,000","286,535,000","357,830,000","359,291,000","288,360,000","311,818,000","403,997,000","352,305,000","362,609,000","342,008,000","376,236,000","363,269,000","346,688,000","399,572,000","342,022,000","300,586,000","239,137,000","294,561,000","267,308,000","239,324,000","161,363,000","123,981,000","161,041,000","160,666,000","140,455,000","130,718,000","153,964,000","144,261,000","149,577,000","140,446,000","172,624,000","165,055,000"
	OperatingRevenue,"3,737,184,000","1,067,071,000","942,698,000","919,981,000","807,434,000","761,082,000","701,355,000","546,848,000","475,915,000","590,932,000","601,135,000","541,916,000","470,353,000","571,366,000","559,515,000","494,949,000","397,634,000","488,002,000","457,253,000","395,376,000","331,814,000","417,421,000","373,121,000","367,376,000","286,535,000","357,830,000","359,291,000","288,360,000","311,818,000","403,997,000","352,305,000","362,609,000","342,008,000","376,236,000","363,269,000","346,688,000","399,572,000","342,022,000","300,586,000","239,137,000","294,561,000","267,308,000","239,324,000","161,363,000","123,981,000","161,041,000","160,666,000","140,455,000","130,718,000","153,964,000","144,261,000","149,577,000","140,446,000","172,624,000","165,055,000"
CostOfRevenue,"2,377,102,000","704,532,000","606,704,000","580,246,000","485,620,000","460,880,000","425,206,000","337,865,000","303,595,000","368,710,000","383,618,000","346,078,000","308,178,000","360,456,000","361,630,000","318,693,000","257,645,000","308,300,000","299,784,000","260,916,000","221,328,000","263,294,000","235,349,000","243,229,000","188,475,000","226,706,000","228,965,000","192,463,000","209,215,000","265,587,000","222,022,000","234,597,000","222,494,000","230,554,000","223,806,000","215,735,000","246,110,000","215,869,000","184,773,000","151,708,000","183,556,000","168,843,000","150,665,000","101,010,000","76,804,000","97,209,000","93,304,000","85,710,000","79,300,000","90,320,000","79,770,000","89,389,000","92,919,000","114,463,000","109,229,000"
GrossProfit,"1,360,082,000","362,539,000","335,994,000","339,735,000","321,814,000","300,202,000","276,149,000","208,983,000","172,320,000","222,222,000","217,517,000","195,838,000","162,175,000","210,910,000","197,885,000","176,256,000","139,989,000","179,702,000","157,469,000","134,460,000","110,486,000","154,127,000","137,772,000","124,147,000","98,060,000","131,124,000","130,326,000","95,897,000","102,603,000","138,410,000","130,283,000","128,012,000","119,514,000","145,682,000","139,463,000","130,953,000","153,462,000","126,153,000","115,813,000","87,429,000","111,005,000","98,465,000","88,659,000","60,353,000","47,177,000","63,832,000","67,362,000","54,745,000","51,418,000","63,644,000","64,491,000","60,188,000","47,527,000","58,161,000","55,826,000"
OperatingExpense,"617,481,000","165,593,000","162,415,000","156,783,000","132,690,000","129,148,000","120,512,000","119,430,000","109,458,000","117,714,000","111,961,000","104,912,000","91,002,000","102,062,000","91,366,000","90,789,000","83,642,000","85,629,000","84,610,000","82,173,000","78,641,000","76,896,000","81,432,000","80,065,000","71,096,000","63,121,000","62,459,000","56,430,000","57,692,000","59,295,000","59,489,000","54,729,000","54,208,000","54,464,000","52,174,000","54,520,000","56,937,000","58,373,000","56,689,000","50,271,000","51,512,000","62,605,000","44,481,000","38,553,000","36,034,000","37,624,000","37,592,000","35,891,000","35,954,000","34,322,000","33,903,000","35,402,000","33,711,000","34,988,000","33,295,000"
	SellingGeneralAndAdministration,"463,292,000","118,538,000","123,044,000","120,387,000","101,323,000","98,719,000","91,962,000","92,308,000","83,028,000","89,581,000","86,952,000","79,967,000","72,051,000","84,845,000","72,035,000","72,691,000","66,157,000","67,129,000","66,504,000","64,477,000","61,157,000","59,751,000","62,495,000","61,959,000","55,102,000","48,975,000","47,842,000","42,038,000","44,334,000","46,078,000","46,390,000","41,618,000","41,117,000","39,799,000","37,988,000","41,111,000","44,107,000","43,123,000","37,844,000","32,280,000","34,232,000","35,959,000","28,318,000","23,089,000","20,422,000","20,645,000","20,949,000","19,488,000","19,471,000","18,135,000","18,291,000","19,823,000","18,287,000","20,542,000","19,090,000"
		GeneralAndAdministrativeExpense,"144,272,000","28,961,000","40,802,000","41,610,000","32,899,000","30,912,000","31,061,000","29,782,000","27,889,000","30,852,000","27,596,000","27,658,000","24,762,000","28,228,000","25,499,000","26,639,000","23,475,000","23,076,000","22,102,000","21,361,000","20,973,000","19,208,000","18,066,000","19,593,000","17,833,000","12,050,000","13,127,000","13,564,000","14,206,000","15,715,000","13,429,000","12,503,000","13,148,000","15,332,000","13,693,000","14,039,000","12,426,000","15,332,000","11,435,000","10,158,000","9,106,000","10,833,000","7,290,000","5,772,000","6,117,000","6,107,000","5,654,000","5,679,000","5,159,000","3,175,000","3,671,000","3,970,000","3,897,000","4,161,000","3,810,000"
			OtherGandA,"144,272,000","28,961,000","40,802,000","41,610,000","32,899,000","30,912,000","31,061,000","29,782,000","27,889,000","30,852,000","27,596,000","27,658,000","24,762,000","28,228,000","25,499,000","26,639,000","23,475,000","23,076,000","22,102,000","21,361,000","20,973,000","19,208,000","18,066,000","19,593,000","17,833,000","12,050,000","13,127,000","13,564,000","14,206,000","15,715,000","13,429,000","12,503,000","13,148,000","15,332,000","13,693,000","14,039,000","12,426,000","15,332,000","11,435,000","10,158,000","9,106,000","10,833,000","7,290,000","5,772,000","6,117,000","6,107,000","5,654,000","5,679,000","5,159,000","3,175,000","3,671,000","3,970,000","3,897,000","4,161,000","3,810,000"
		SellingAndMarketingExpense,"319,020,000","89,577,000","82,242,000","78,777,000","68,424,000","67,807,000","60,901,000","62,526,000","55,139,000","58,729,000","59,356,000","52,309,000","47,289,000","56,617,000","46,536,000","46,052,000","42,682,000","44,053,000","44,402,000","43,116,000","40,184,000","40,543,000","44,429,000","42,366,000","37,269,000","36,925,000","34,715,000","28,474,000","30,128,000","30,363,000","32,961,000","29,115,000","27,969,000","24,467,000","24,295,000","27,072,000","31,681,000","27,791,000","26,409,000","22,122,000","25,126,000","25,126,000","21,028,000","17,317,000","14,305,000","14,538,000","15,295,000","13,809,000","14,312,000","14,960,000","14,620,000","15,853,000","14,390,000","16,381,000","15,280,000"
	ResearchAndDevelopment,"104,303,000","29,406,000","27,165,000","25,344,000","22,388,000","21,489,000","20,658,000","19,455,000","18,649,000","19,488,000","17,603,000","17,694,000","13,609,000","11,897,000","13,653,000","12,616,000","11,853,000","11,193,000","10,864,000","10,567,000","10,301,000","9,717,000","9,426,000","9,889,000","8,197,000","8,015,000","8,332,000","8,412,000","8,163,000","7,914,000","7,822,000","8,012,000","7,746,000","8,379,000","7,183,000","7,064,000","6,645,000","6,285,000","6,456,000","5,703,000","5,055,000","4,807,000","4,176,000","3,608,000","3,885,000","3,916,000","3,580,000","3,482,000","3,722,000","3,090,000","2,515,000","2,625,000","2,612,000","2,448,000","2,207,000"
	DepreciationAmortizationDepletionIncomeStatement,"49,886,000","17,649,000","12,206,000","11,052,000","8,979,000","8,940,000","7,892,000","7,667,000","7,781,000","8,645,000","7,406,000","7,251,000","5,342,000","5,320,000","5,678,000","5,482,000","5,632,000","7,307,000","7,242,000","7,129,000","7,183,000","7,428,000","9,511,000","8,217,000","7,797,000","6,131,000","6,285,000","5,980,000","5,195,000","5,303,000","5,277,000","5,099,000","5,345,000","6,286,000","7,003,000","6,345,000","6,185,000","8,965,000","12,389,000","12,288,000","12,225,000","12,450,000","11,987,000","11,856,000","11,727,000","13,063,000","13,063,000","12,921,000","12,761,000","13,097,000","13,097,000","12,954,000","12,812,000","11,998,000","11,998,000"
		DepreciationAndAmortizationInIncomeStatement,"49,886,000","17,649,000","12,206,000","11,052,000","8,979,000","8,940,000","7,892,000","7,667,000","7,781,000","8,645,000","7,406,000","7,251,000","5,342,000","5,320,000","5,678,000","5,482,000","5,632,000","7,307,000","7,242,000","7,129,000","7,183,000","7,428,000","9,511,000","8,217,000","7,797,000","6,131,000","6,285,000","5,980,000","5,195,000","5,303,000","5,277,000","5,099,000","5,345,000","6,286,000","7,003,000","6,345,000","6,185,000","8,965,000","12,389,000","12,288,000","12,225,000","12,450,000","11,987,000","11,856,000","11,727,000","13,063,000","13,063,000","12,921,000","12,761,000","13,097,000","13,097,000","12,954,000","12,812,000","11,998,000","11,998,000"
			Amortization,"49,886,000","17,649,000","12,206,000","11,052,000","8,979,000","8,940,000","7,892,000","7,667,000","7,781,000","8,645,000","7,406,000","7,251,000","5,342,000","5,320,000","5,678,000","5,482,000","5,632,000","7,307,000","7,242,000","7,129,000","7,183,000","7,428,000","9,511,000","8,217,000","7,797,000","6,131,000","6,285,000","5,980,000","5,195,000","5,303,000","5,277,000","5,099,000","5,345,000","6,286,000","7,003,000","6,345,000","6,185,000","8,965,000","12,389,000","12,288,000","12,225,000","12,450,000","11,987,000","11,856,000","11,727,000","13,063,000","13,063,000","12,921,000","12,761,000","13,097,000","13,097,000","12,954,000","12,812,000","11,998,000","11,998,000"
				AmortizationOfIntangiblesIncomeStatement,"49,886,000","17,649,000","12,206,000","11,052,000","8,979,000","8,940,000","7,892,000","7,667,000","7,781,000","8,645,000","7,406,000","7,251,000","5,342,000","5,320,000","5,678,000","5,482,000","5,632,000","7,307,000","7,242,000","7,129,000","7,183,000","7,428,000","9,511,000","8,217,000","7,797,000","6,131,000","6,285,000","5,980,000","5,195,000","5,303,000","5,277,000","5,099,000","5,345,000","6,286,000","7,003,000","6,345,000","6,185,000","8,965,000","12,389,000","12,288,000","12,225,000","12,450,000","11,987,000","11,856,000","11,727,000","13,063,000","13,063,000","12,921,000","12,761,000","13,097,000","13,097,000","12,954,000","12,812,000","11,998,000","11,998,000"
OperatingIncome,"742,601,000","196,946,000","173,579,000","182,952,000","189,124,000","171,054,000","155,637,000","89,553,000","62,862,000","104,508,000","105,556,000","90,926,000","71,173,000","108,848,000","106,519,000","85,467,000","56,347,000","94,073,000","72,859,000","52,287,000","31,845,000","77,231,000","56,340,000","44,082,000","26,964,000","68,003,000","67,867,000","39,467,000","44,911,000","79,115,000","70,794,000","73,283,000","65,306,000","91,218,000","87,289,000","76,433,000","96,525,000","67,780,000","59,124,000","37,158,000","59,493,000","35,860,000","44,178,000","21,800,000","11,143,000","26,208,000","29,770,000","18,854,000","15,464,000","29,322,000","30,588,000","24,786,000","13,816,000","23,173,000","22,531,000"
NetNonOperatingInterestIncomeExpense,"-32,953,000","-9,529,000","-7,980,000","-7,721,000","-7,723,000","-7,910,000","-8,096,000","-7,932,000","-9,053,000","-10,116,000","-10,704,000","-10,452,000","-10,272,000","-10,017,000","-9,824,000","-11,002,000","-10,113,000","-10,314,000","-10,672,000","-10,893,000","-10,788,000","-10,854,000","-14,256,000","-11,380,000","-11,035,000","-10,602,000","-12,591,000","-10,763,000","-11,268,000","-11,804,000","-12,294,000","4,586,000","-11,689,000","-12,003,000","-12,494,000","-14,263,000","-15,675,000","-16,667,000","-16,927,000","-9,865,000","-5,655,000","-5,862,000","-5,870,000","-5,911,000","-6,001,000","-6,410,000","-6,540,000","-5,720,000","-8,492,000","-17,210,000","-17,204,000","-18,482,000","-17,966,000","-26,556,000","-27,023,000"
	InterestIncomeNonOperating,,,,,,,,,,,,,,,,,,,,,,,,,,,,,,,,,,,,,,,"6,000","29,000","19,000","26,000","25,000","23,000",,,,,,,,,,,
	InterestExpenseNonOperating,"32,953,000","9,529,000","7,980,000","7,721,000","7,723,000","7,910,000","8,096,000","7,932,000","9,053,000","10,116,000","10,704,000","10,452,000","10,272,000","10,017,000","9,824,000","11,002,000","10,113,000","10,314,000","10,672,000","10,893,000","10,788,000","10,854,000","11,299,000","11,380,000","11,035,000","10,602,000","10,210,000","10,763,000","11,268,000","11,804,000","12,294,000","11,428,000","11,689,000","12,003,000","12,494,000","14,263,000","15,675,000","16,613,000","16,933,000","9,894,000","5,674,000","5,888,000","5,895,000","5,934,000","6,001,000","6,645,000","6,540,000","5,720,000","8,492,000","17,210,000","17,204,000","18,482,000","17,966,000","26,556,000","27,023,000"
	TotalOtherFinanceCost,,,,,,,,,,,,,,,,,,,,,,"0","2,957,000",,,"0","2,381,000",,,"0",,"-16,014,000",,,,,,,,,,,,,,,,,,,,,,,
OtherIncomeExpense,"-18,122,000","-20,839,000","-235,000","-960,000","3,912,000","842,000","-256,000","444,000","-954,000","-11,033,000","109,000","59,000","-147,000","-2,148,000","-101,000","-1,852,000","-1,048,000","-661,000","-1,556,000","-1,535,000","43,000","-316,000","-558,000","162,000","2,000","-41,847,000","-2,022,000","-5,232,000","-2,940,000","-457,000","-3,638,000","4,553,000","607,000","-757,000","-750,000","-15,381,000","-1,426,000","-1,431,000","-330,000","-11,594,000","-4,734,000","25,000","-803,000","-513,000","-205,000","-1,115,000","-154,000","-223,000","-4,422,000","-149,000","1,044,000","4,800,000","10,049,000","-524,751,000","-28,000"
	GainOnSaleOfSecurity,"1,415,000","403,000","165,000","244,000","603,000","261,000","301,000","660,000","960,000","878,000","523,000","452,000","914,000","798,000","382,000","367,000","346,000","241,000","14,000","38,000","5,000","8,000",,"4,000","32,000","12,000","39,000","35,000","37,000","11,000","38,000","42,000","39,000","26,000","23,000","25,000","17,000","25,000",,,,,,,,,"62,000","36,000","74,000","116,000","129,000","694,000","1,266,000","-978,000",
	SpecialIncomeCharges,"-22,296,000","-21,465,000","0","-831,000",,"0",,,,"-926,000","0","0",,"0","0","-1,358,000","-11,000","-405,000","-51,000","-136,000","-185,000","-662,000","-577,000","0","-417,000","-41,729,000","-153,000","-3,427,000","-1,368,000","-248,000","-2,232,000","4,877,000","0","-27,000","-656,000","-13,497,000","-1,839,000","1,288,000","-330,000","-11,594,000","-4,734,000","25,000","-803,000","-513,000","-205,000","-943,000","-216,000","-259,000","-4,496,000","-265,000","915,000","4,106,000","8,783,000","-523,773,000","-1,606,000"
		RestructuringAndMergernAcquisition,"21,465,000","12,668,000",,,,,,,,,,,,,,"26,000","11,000","405,000","51,000","136,000","185,000","88,000","577,000","0","417,000","1,042,000","153,000","0",,"0","396,000","-4,877,000",,"27,000","656,000",,,"1,062,000",,,,,,,,,,,,,,,,,
		ImpairmentOfCapitalAssets,,,,,,,,,,,,,,,,,,,,,,"0",,,,"40,687,000",,,,,,,,,,,,"0",,,,,,,,,,,,"0",,,,,
		WriteOff,,,,,,,,,,,,,,,,,,,,,,,,,,,,,,,,,,,,,,,,,,"191,000","0","186,000","0","629,000","0","0","4,180,000",,"0","0","0",,
		OtherSpecialCharges,"831,000","0",,"831,000",,,,,,"926,000",,,,"0",,"1,332,000",,,,,,"574,000",,,,"0",,"3,427,000","1,368,000","248,000","1,836,000",,,"0",,"13,497,000","1,839,000",,,,,"-216,000","803,000","327,000","205,000","314,000","216,000","259,000","316,000","265,000","-915,000","-4,106,000","-8,783,000","-59,713,000",
	OtherNonOperatingIncomeExpenses,"2,759,000","223,000","-400,000","-373,000","3,309,000","581,000","-557,000","-216,000","-1,914,000","-10,985,000","-414,000","-393,000","-1,061,000","-2,946,000","-483,000","-861,000","-1,383,000","-497,000","-1,519,000","-1,437,000","223,000","338,000","19,000","158,000","387,000","-130,000","-1,908,000","-1,840,000","-1,609,000","-220,000","-1,444,000","-366,000","568,000","-756,000","-117,000","-1,909,000","396,000","-448,000",,,,,,,,,,,,,,,,,
PretaxIncome,"691,526,000","166,578,000","165,364,000","174,271,000","185,313,000","163,986,000","147,285,000","82,065,000","52,855,000","83,359,000","94,961,000","80,533,000","60,754,000","96,683,000","96,594,000","72,613,000","45,186,000","83,098,000","60,631,000","39,859,000","21,100,000","66,061,000","41,526,000","32,864,000","15,931,000","15,554,000","53,254,000","23,472,000","30,703,000","66,854,000","54,862,000","82,422,000","54,224,000","78,458,000","74,045,000","46,789,000","79,424,000","49,682,000","41,867,000","15,699,000","49,104,000","29,148,000","37,505,000","15,376,000","4,937,000","18,683,000","23,076,000","12,911,000","2,550,000","11,963,000","14,428,000","11,104,000","5,899,000","-528,134,000","-4,520,000"
TaxProvision,"134,957,000","20,616,000","32,611,000","46,362,000","35,368,000","39,006,000","32,050,000","18,473,000","9,444,000","13,423,000","20,064,000","18,827,000","14,985,000","19,986,000","20,072,000","18,382,000","11,416,000","607,000","20,581,000","14,114,000","8,251,000","24,416,000","15,514,000","11,921,000","5,719,000","6,372,000","19,218,000","8,628,000","11,018,000","17,464,000","18,365,000","28,397,000","19,523,000","29,940,000","26,952,000","18,535,000","28,750,000","21,395,000","16,326,000","6,364,000","19,044,000","-237,983,000","126,000","87,000","93,000","70,000","78,000","77,000","82,000","15,000","112,000","107,000","105,000","-12,369,000","8,625,000"
NetIncomeCommonStockholders,"533,392,000","131,480,000","124,013,000","128,783,000","149,116,000","126,035,000","115,781,000","64,575,000","42,938,000","70,676,000","74,089,000","61,202,000","47,293,000","74,487,000","68,864,000","50,956,000","25,980,000","82,084,000","39,709,000","25,660,000","13,456,000","40,600,000","26,183,000","20,888,000","10,208,000","9,182,000","34,036,000","14,844,000","19,685,000","49,390,000","36,497,000","54,025,000","34,701,000","48,518,000","47,093,000","28,254,000","50,674,000","28,287,000","25,541,000","9,335,000","30,060,000","267,131,000","37,379,000","15,289,000","4,844,000","18,613,000","22,998,000","12,834,000","-152,397,000","-18,365,000","-14,742,000","-17,054,000","-21,126,000","-540,090,000","-80,172,000"
	NetIncome,"533,392,000","131,480,000","124,013,000","128,783,000","149,116,000","126,035,000","115,781,000","64,575,000","42,938,000","70,676,000","74,089,000","61,202,000","47,293,000","74,487,000","68,864,000","50,956,000","25,980,000","82,084,000","39,709,000","25,660,000","13,456,000","40,600,000","26,183,000","20,888,000","10,208,000","9,182,000","34,036,000","14,844,000","19,685,000","49,390,000","36,497,000","54,025,000","34,701,000","48,518,000","47,093,000","28,254,000","50,674,000","28,287,000","25,541,000","9,335,000","30,060,000","267,131,000","37,379,000","15,289,000","4,844,000","18,613,000","22,998,000","12,834,000","2,468,000","11,948,000","14,316,000","10,997,000","5,794,000","-515,765,000","-13,145,000"
		NetIncomeIncludingNoncontrollingInterests,"556,569,000","145,962,000","132,753,000","127,909,000","149,945,000","124,980,000","115,235,000","63,592,000","43,411,000","69,936,000","74,897,000","61,706,000","45,769,000","76,697,000","76,522,000","54,231,000","33,770,000","82,491,000","40,050,000","25,745,000","12,849,000","41,645,000","26,012,000","20,943,000","10,212,000","9,182,000","34,036,000","14,844,000","19,685,000","49,390,000","36,497,000","54,025,000","34,701,000","48,518,000","47,093,000","28,254,000","50,674,000","28,287,000","25,541,000","9,335,000","30,060,000","267,131,000","37,379,000","15,289,000","4,844,000","18,613,000","22,998,000","12,834,000","2,468,000","11,948,000","14,316,000","10,997,000","5,794,000","-515,765,000","-13,145,000"
			NetIncomeContinuousOperations,"556,569,000","145,962,000","132,753,000","127,909,000","149,945,000","124,980,000","115,235,000","63,592,000","43,411,000","69,936,000","74,897,000","61,706,000","45,769,000","76,697,000","76,522,000","54,231,000","33,770,000","82,491,000","40,050,000","25,745,000","12,849,000","41,645,000","26,012,000","20,943,000","10,212,000","9,182,000","34,036,000","14,844,000","19,685,000","49,390,000","36,497,000","54,025,000","34,701,000","48,518,000","47,093,000","28,254,000","50,674,000","28,287,000","25,541,000","9,335,000","30,060,000","267,131,000","37,379,000","15,289,000","4,844,000","18,613,000","22,998,000","12,834,000","2,468,000","11,948,000","14,316,000","10,997,000","5,794,000","-515,765,000","-13,145,000"
		MinorityInterests,"-23,177,000","-14,482,000","-8,740,000","874,000","-829,000","1,055,000","546,000","983,000","-473,000","740,000","-808,000","-504,000","1,524,000","-2,210,000","-7,658,000","-3,275,000","-7,790,000","-407,000","-341,000","-85,000","607,000","-1,045,000","171,000","-55,000","-4,000",,,,,,,,,,,,,,,,,,,,,,,,,,,,,,
	OtherunderPreferredStockDividend,"2,701,000",,,,,,"-811,000","1,570,000","1,522,000","-1,062,000","1,485,000","756,000","-2,432,000","1,088,000","6,912,000","2,305,000","7,665,000",,,,"-614,000",,,,,,,,,,,,,,,,,,,,,,,,,"0",,,"154,865,000","40,134,000","29,058,000","28,051,000","26,920,000","23,540,000",
DilutedNIAvailtoComStockholders,"533,392,000","131,480,000","124,013,000","128,783,000","149,116,000","126,035,000","115,781,000","64,575,000","42,938,000","70,676,000","74,089,000","61,202,000","47,293,000","74,487,000","68,864,000","50,956,000","25,980,000","82,084,000","39,709,000","25,660,000","13,456,000","40,600,000","26,183,000","20,888,000","10,208,000","9,182,000","34,036,000","14,844,000","19,685,000","49,390,000","36,497,000","54,025,000","34,701,000","48,518,000","47,093,000","28,254,000","50,674,000","28,287,000","25,541,000","9,335,000","30,060,000","267,131,000","37,379,000","15,289,000","4,844,000","18,613,000","22,998,000","12,834,000","-152,397,000","-18,365,000","-14,742,000","-17,054,000","-21,126,000","-540,090,000","-80,172,000"
BasicEPS,,"2.09","1.98","2.06","2.39","2.02","1.86","1.04","0.69","1.14","1.2","0.99","0.77","1.21","1.12","0.83","0.42","1.31","0.64","0.42","0.22","0.64","0.41","0.32","0.15","0.14","0.5","0.22","0.29","0.72","0.53","0.79","0.51","0.71","0.69","0.41","0.75","0.42","0.38","0.14","0.45",,"0.56","0.23","0.07",,"0.34","0.19","-4.26","-0.922","-0.74","-0.857","-1.061",,
DilutedEPS,,"2.04","1.93","2.01","2.33","1.97","1.82","1.02","0.68","1.12","1.18","0.98","0.76","1.2","1.11","0.82","0.42","1.3","0.64","0.41","0.21","0.64","0.4","0.31","0.15","0.14","0.49","0.21","0.28","0.7","0.52","0.77","0.5","0.69","0.67","0.4","0.73","0.41","0.37","0.14","0.44",,"0.55","0.23","0.07",,"0.34","0.19","-4.26","-0.922","-0.74","-0.857","-1.061",,
BasicAverageShares,,"62,992,455","62,690,437","62,605,166","62,478,734","62,389,159","62,353,473","62,267,083","62,126,481","62,056,624","61,973,447","61,921,711","61,762,260","61,669,467","61,579,564","61,534,423","61,943,495","61,883,857","61,758,190","62,146,393","62,366,263","63,021,966","64,615,935","65,870,714","66,099,755","66,482,219","68,175,466","68,961,877","68,806,337","68,598,310","68,556,051","68,538,251","68,421,800","68,203,811","68,198,006","68,140,330","67,864,475","67,515,127","67,415,363","67,309,260","67,200,480",,"67,134,999","67,134,999","67,107,560",,"67,094,447","67,093,250","35,748,290","19,908,540","19,908,540","19,908,540","19,908,540",,
DilutedAverageShares,,"64,487,071","64,208,116","64,088,709","64,099,073","63,985,879","63,761,380","63,364,253","63,283,737","63,219,078","62,770,592","62,405,863","62,223,638","62,201,066","62,220,298","62,054,447","62,474,936","62,500,072","62,316,788","62,635,437","62,936,126","63,533,112","65,126,117","66,388,581","66,600,040","67,472,321","69,182,465","70,063,063","70,088,935","70,170,300","70,033,224","70,087,976","70,008,490","69,918,699","69,887,025","69,809,599","69,554,941","69,477,244","69,166,501","68,645,533","68,637,927",,"67,646,423","67,718,654","67,344,349",,"67,231,403","67,200,565","35,748,290","19,908,540","65,578,790","65,578,790","65,578,790",,
TotalOperatingIncomeAsReported,"721,136,000","175,481,000","173,579,000","182,952,000","189,124,000","171,054,000","155,637,000","89,553,000","62,862,000","104,508,000","105,556,000","90,926,000","71,173,000","108,848,000","106,519,000","85,467,000","56,347,000","94,073,000","72,859,000","52,287,000","31,845,000","77,231,000","56,340,000","44,082,000","26,964,000","27,316,000","67,867,000","39,467,000","44,911,000","79,115,000","70,794,000","78,160,000","65,306,000","91,218,000","87,289,000","76,433,000","96,525,000","67,780,000",,,,,,,,,,,,,,,,,
TotalExpenses,"2,994,583,000","870,125,000","769,119,000","737,029,000","618,310,000","590,028,000","545,718,000","457,295,000","413,053,000","486,424,000","495,579,000","450,990,000","399,180,000","462,518,000","452,996,000","409,482,000","341,287,000","393,929,000","384,394,000","343,089,000","299,969,000","340,190,000","316,781,000","323,294,000","259,571,000","289,827,000","291,424,000","248,893,000","266,907,000","324,882,000","281,511,000","289,326,000","276,702,000","285,018,000","275,980,000","270,255,000","303,047,000","274,242,000","241,462,000","201,979,000","235,068,000","231,448,000","195,146,000","139,563,000","112,838,000","134,833,000","130,896,000","121,601,000","115,254,000","124,642,000","113,673,000","124,791,000","126,630,000","149,451,000","142,524,000"
NetIncomeFromContinuingAndDiscontinuedOperation,"533,392,000","131,480,000","124,013,000","128,783,000","149,116,000","126,035,000","115,781,000","64,575,000","42,938,000","70,676,000","74,089,000","61,202,000","47,293,000","74,487,000","68,864,000","50,956,000","25,980,000","82,084,000","39,709,000","25,660,000","13,456,000","40,600,000","26,183,000","20,888,000","10,208,000","9,182,000","34,036,000","14,844,000","19,685,000","49,390,000","36,497,000","54,025,000","34,701,000","48,518,000","47,093,000","28,254,000","50,674,000","28,287,000","25,541,000","9,335,000","30,060,000","267,131,000","37,379,000","15,289,000","4,844,000","18,613,000","22,998,000","12,834,000","2,468,000","11,948,000","14,316,000","10,997,000","5,794,000","-515,765,000","-13,145,000"
NormalizedIncome,"550,201,205","149,935,328.099","123,880,505","129,213,858","148,628,173","125,836,081.922","115,545,618","64,063,500","42,149,840","70,716,270.733","73,676,353","60,855,768","46,604,758","73,853,960.003","68,561,456","51,696,277","25,729,755","82,246,802.041","39,733,457","25,723,308","13,565,620","41,012,283.041","26,544,202","20,885,456","10,454,785","34,212,200","34,108,860.33","16,989,145.194","20,538,171","49,565,089.449","37,956,560.68","50,800,751.923","34,676,040","48,518,618.395","47,495,591.249","36,389,200.325","51,836,436","27,398,450","25,742,316.789","16,871,100","32,958,013.196","267,114,750","38,179,302.28","15,799,097.36","5,045,138.343","19,723,822.405","23,151,479.459","13,055,670.049","6,747,802.353","12,096,813.174","13,280,104.242","6,243,253.602","-4,076,131.548","-3,303,769.488","-13,126,800"
InterestIncome,,,,,,,,,,,,,,,,,,,,,,,,,,,,,,,,,,,,,,,"6,000","29,000","19,000","26,000","25,000","23,000",,,,,,,,,,,
InterestExpense,"32,953,000","9,529,000","7,980,000","7,721,000","7,723,000","7,910,000","8,096,000","7,932,000","9,053,000","10,116,000","10,704,000","10,452,000","10,272,000","10,017,000","9,824,000","11,002,000","10,113,000","10,314,000","10,672,000","10,893,000","10,788,000","10,854,000","11,299,000","11,380,000","11,035,000","10,602,000","10,210,000","10,763,000","11,268,000","11,804,000","12,294,000","11,428,000","11,689,000","12,003,000","12,494,000","14,263,000","15,675,000","16,613,000","16,933,000","9,894,000","5,674,000","5,888,000","5,895,000","5,934,000","6,001,000","6,645,000","6,540,000","5,720,000","8,492,000","17,210,000","17,204,000","18,482,000","17,966,000","26,556,000","27,023,000"
NetInterestIncome,"-32,953,000","-9,529,000","-7,980,000","-7,721,000","-7,723,000","-7,910,000","-8,096,000","-7,932,000","-9,053,000","-10,116,000","-10,704,000","-10,452,000","-10,272,000","-10,017,000","-9,824,000","-11,002,000","-10,113,000","-10,314,000","-10,672,000","-10,893,000","-10,788,000","-10,854,000","-14,256,000","-11,380,000","-11,035,000","-10,602,000","-12,591,000","-10,763,000","-11,268,000","-11,804,000","-12,294,000","4,586,000","-11,689,000","-12,003,000","-12,494,000","-14,263,000","-15,675,000","-16,667,000","-16,927,000","-9,865,000","-5,655,000","-5,862,000","-5,870,000","-5,911,000","-6,001,000","-6,410,000","-6,540,000","-5,720,000","-8,492,000","-17,210,000","-17,204,000","-18,482,000","-17,966,000","-26,556,000","-27,023,000"
EBIT,"724,479,000","176,107,000","173,344,000","181,992,000","193,036,000","171,896,000","155,381,000","89,997,000","61,908,000","93,475,000","105,665,000","90,985,000","71,026,000","106,700,000","106,418,000","83,615,000","55,299,000","93,412,000","71,303,000","50,752,000","31,888,000","76,915,000","52,825,000","44,244,000","26,966,000","26,156,000","63,464,000","34,235,000","41,971,000","78,658,000","67,156,000","93,850,000","65,913,000","90,461,000","86,539,000","61,052,000","95,099,000","66,295,000","58,800,000","25,593,000","54,778,000","35,036,000","43,400,000","21,310,000","10,938,000","25,328,000","29,616,000","18,631,000","11,042,000","29,173,000","31,632,000","29,586,000","23,865,000","-501,578,000","22,503,000"
EBITDA,"816,520,000"
ReconciledCostOfRevenue,"2,334,947,000","692,822,000","595,694,000","570,069,000","476,362,000","451,134,000","415,930,000","328,729,000","295,260,000","359,287,000","375,530,000","338,589,000","300,913,000","353,492,000","355,467,000","312,575,000","251,594,000","302,310,000","293,918,000","255,059,000","215,914,000","257,647,000","229,960,000","237,796,000","183,479,000","222,264,000","224,653,000","188,314,000","205,376,000","261,905,000","218,510,000","231,315,000","219,264,000","227,568,000","220,963,000","213,174,000","243,545,000","213,692,000","182,652,000","149,706,000","181,563,000","166,804,000","148,541,000","99,006,000","74,868,000","95,354,000","91,356,000","83,772,000","77,409,000","88,423,000","77,807,000","87,449,000","91,004,000","112,581,000","107,408,000"
ReconciledDepreciation,"92,041,000","29,359,000","23,216,000","21,229,000","18,237,000","18,686,000","17,168,000","16,803,000","16,116,000","18,068,000","15,494,000","14,740,000","12,607,000","12,284,000","11,841,000","11,600,000","11,683,000","13,297,000","13,108,000","12,986,000","12,597,000","13,075,000","14,900,000","13,650,000","12,793,000","10,573,000","10,597,000","10,129,000","9,034,000","8,985,000","8,789,000","8,381,000","8,575,000","9,272,000","9,846,000","8,906,000","8,750,000","11,142,000","14,510,000","14,290,000","14,218,000","14,489,000","14,111,000","13,860,000","13,663,000","14,918,000","15,011,000","14,859,000","14,652,000","14,994,000","15,060,000","14,894,000","14,727,000","13,880,000","13,819,000"
NetIncomeFromContinuingOperationNetMinorityInterest,"533,392,000","131,480,000","124,013,000","128,783,000","149,116,000","126,035,000","115,781,000","64,575,000","42,938,000","70,676,000","74,089,000","61,202,000","47,293,000","74,487,000","68,864,000","50,956,000","25,980,000","82,084,000","39,709,000","25,660,000","13,456,000","40,600,000","26,183,000","20,888,000","10,208,000","9,182,000","34,036,000","14,844,000","19,685,000","49,390,000","36,497,000","54,025,000","34,701,000","48,518,000","47,093,000","28,254,000","50,674,000","28,287,000","25,541,000","9,335,000","30,060,000","267,131,000","37,379,000","15,289,000","4,844,000","18,613,000","22,998,000","12,834,000","2,468,000","11,948,000","14,316,000","10,997,000","5,794,000","-515,765,000","-13,145,000"
TotalUnusualItemsExcludingGoodwill,"-20,881,000","-21,062,000","165,000","-587,000","603,000","261,000","301,000","660,000","960,000","-48,000","523,000","452,000","914,000","798,000","382,000","-991,000","335,000","-164,000","-37,000","-98,000","-180,000","-654,000","-577,000","4,000","-385,000","-41,717,000","-114,000","-3,392,000","-1,331,000","-237,000","-2,194,000","4,919,000","39,000","-1,000","-633,000","-13,472,000","-1,822,000","1,367,000","-330,000","-11,594,000","-4,734,000","25,000","-803,000","-513,000","-205,000","-1,115,000","-154,000","-223,000","-4,422,000","-149,000","1,044,000","4,800,000","10,049,000","-524,751,000","-28,000"
TotalUnusualItems,"-20,881,000","-21,062,000","165,000","-587,000","603,000","261,000","301,000","660,000","960,000","-48,000","523,000","452,000","914,000","798,000","382,000","-991,000","335,000","-164,000","-37,000","-98,000","-180,000","-654,000","-577,000","4,000","-385,000","-41,717,000","-114,000","-3,392,000","-1,331,000","-237,000","-2,194,000","4,919,000","39,000","-1,000","-633,000","-13,472,000","-1,822,000","1,367,000","-330,000","-11,594,000","-4,734,000","25,000","-803,000","-513,000","-205,000","-1,115,000","-154,000","-223,000","-4,422,000","-149,000","1,044,000","4,800,000","10,049,000","-524,751,000","-28,000"
NormalizedEBITDA,"837,401,000","226,528,000","196,395,000","203,808,000","210,670,000","190,321,000","172,248,000","106,140,000","77,064,000","111,591,000","120,636,000","105,273,000","82,719,000","118,186,000","117,877,000","96,206,000","66,647,000","106,873,000","84,448,000","63,836,000","44,665,000","90,644,000","68,302,000","57,890,000","40,144,000","78,446,000","74,175,000","47,756,000","52,336,000","87,880,000","78,139,000","97,312,000","74,449,000","99,734,000","97,018,000","83,430,000","105,671,000","76,070,000","73,640,000","51,477,000","73,730,000","49,500,000","58,314,000","35,683,000","24,806,000","41,361,000","44,781,000","33,713,000","30,116,000","44,316,000","45,648,000","39,680,000","28,543,000","37,053,000","36,350,000"
TaxRateForCalcs,"0.195","0.124","0.197","0.266","0.191","0.238","0.218","0.225","0.179","0.161","0.211","0.234","0.247","0.207","0.208","0.253","0.253","0.007","0.339","0.354","0.391","0.37","0.374","0.364","0.359","0.4","0.361","0.368","0.359","0.261","0.335","0.345","0.36","0.382","0.364","0.396","0.362","0.35","0.39","0.35","0.388","0.35","0.003","0.006","0.019","0.004","0.003","0.006","0.032","0.001","0.008","0.01","0.018","0.023","0.35"
TaxEffectOfUnusualItems,"-4,071,795","-2,606,671.901","32,505","-156,142","115,173","62,081.922","65,618","148,500","171,840","-7,729.267","110,353","105,768","225,758","164,960.003","79,456","-250,723","84,755","-1,197.959","-12,543","-34,692","-70,380","-241,716.959","-215,798","1,456","-138,215","-16,686,800","-41,139.67","-1,246,854.806","-477,829","-61,910.551","-734,439.32","1,694,751.923","14,040","-381.605","-230,408.751","-5,336,799.675","-659,564","478,450","-128,683.211","-4,057,900","-1,835,986.804","8,750","-2,697.72","-2,902.64","-3,861.657","-4,177.595","-520.541","-1,329.951","-142,197.647","-186.826","8,104.242","46,253.602","178,868.452","-12,289,769.488","-9,800"