name,ttm,12/31/2021,09/30/2021,06/30/2021,03/31/2021,12/31/2020,09/30/2020,06/30/2020,03/31/2020,12/31/2019,09/30/2019,06/30/2019,03/31/2019,12/31/2018,09/30/2018,06/30/2018,03/31/2018,12/31/2017,09/30/2017,06/30/2017,03/31/2017,11/30/2016,08/31/2016,05/31/2016,02/29/2016,11/30/2015,08/31/2015,05/31/2015,02/28/2015,11/30/2014,08/31/2014,05/31/2014,02/28/2014,11/30/2013,08/31/2013,05/31/2013,02/28/2013,11/30/2012,08/31/2012,05/31/2012,02/29/2012,11/30/2011,08/31/2011,05/31/2011,02/28/2011,11/30/2010,08/31/2010,05/31/2010,02/28/2010,11/30/2009,08/31/2009,05/31/2009,02/28/2009,11/30/2008,08/31/2008,05/31/2008,02/29/2008,11/30/2007,08/31/2007,05/31/2007,02/28/2007,11/30/2006,08/31/2006,05/31/2006,02/28/2006,11/30/2005,08/31/2005,05/31/2005,02/28/2005,11/30/2004,08/31/2004,05/31/2004,02/29/2004,11/30/2003,08/31/2003,05/31/2003,02/28/2003,11/30/2002,08/31/2002,05/31/2002,02/28/2002,11/30/2001,08/31/2001,05/31/2001,02/28/2001,11/30/2000
TotalRevenue,"8,523,762,000","2,193,981,000","2,202,337,000","2,137,437,000","1,990,007,000","1,930,193,000","1,917,815,000","1,671,952,000","1,903,598,000","1,987,761,000","1,105,941,000","935,152,000","883,039,000","880,555,000","857,670,000","833,164,000","794,977,000","1,054,253,000","1,038,907,000","962,240,000","919,762,000","941,821,000","939,492,000","747,064,000","679,940,000","722,350,000","748,796,000","706,549,000","664,983,000","697,291,000","704,895,000","673,977,000","616,452,000","634,122,000","629,685,000","618,352,000","578,746,000","588,538,000","590,287,000","597,032,000","533,539,000","530,505,000","542,771,000","519,755,000","456,382,000","443,526,000","440,138,000","425,050,000","398,535,000","408,951,000","441,310,000","402,041,000","392,663,000","401,063,000","405,757,000","343,832,000","310,641,000","308,776,000","310,980,000","280,100,000","260,418,000","260,697,000","260,308,000","238,768,000","225,159,000","219,673,000","224,456,000","207,665,000","195,526,000","188,549,000","192,591,000","181,849,000","162,560,000","148,447,000","136,464,000","134,322,000","124,573,000","129,461,000","127,728,000","120,971,000","115,283,000","115,617,000","110,955,000","102,699,000","80,674,000","82,631,000"
	OperatingRevenue,"8,523,762,000","2,193,981,000","2,202,337,000","2,137,437,000","1,990,007,000","1,930,193,000","1,917,815,000","1,671,952,000","1,903,598,000","1,987,761,000","1,105,941,000","935,152,000","883,039,000","880,555,000","857,670,000","833,164,000","794,977,000","1,054,253,000","1,038,907,000","962,240,000","919,762,000","941,821,000","939,492,000","747,064,000","679,940,000","722,350,000","748,796,000","706,549,000","664,983,000","697,291,000","704,895,000","673,977,000","616,452,000","634,122,000","629,685,000","618,352,000","578,746,000","588,538,000","590,287,000","597,032,000","533,539,000","530,505,000","542,771,000","519,755,000","456,382,000","443,526,000","440,138,000","425,050,000","398,535,000","408,951,000","441,310,000","402,041,000","392,663,000","401,063,000","405,757,000","343,832,000","310,641,000","308,776,000","310,980,000","280,100,000","260,418,000","260,697,000","260,308,000","238,768,000","225,159,000","219,673,000","224,456,000","207,665,000","195,526,000","188,549,000","192,591,000","181,849,000","162,560,000","148,447,000","136,464,000","134,322,000","124,573,000","129,461,000","127,728,000","120,971,000","115,283,000","115,617,000","110,955,000","102,699,000","80,674,000","82,631,000"
CostOfRevenue,"3,773,725,000","967,997,000","944,172,000","936,310,000","925,246,000","922,195,000","900,921,000","893,740,000","933,871,000","1,038,578,000","427,720,000","302,276,000","305,230,000","313,071,000","265,013,000","264,544,000","252,386,000","509,068,000","493,883,000","469,149,000","455,936,000","468,383,000","462,626,000","345,680,000","258,728,000","270,565,000","272,666,000","254,217,000","250,255,000","257,796,000","259,839,000","253,373,000","232,937,000","235,170,000","230,745,000","229,951,000","217,465,000","210,268,000","204,391,000","213,071,000","194,218,000","185,931,000","191,536,000","191,439,000","168,332,000","154,205,000","151,041,000","152,322,000","146,202,000","144,881,000","162,828,000","153,537,000","146,760,000","154,311,000","144,177,000","125,129,000","117,661,000","116,513,000","116,309,000","107,326,000","103,555,000","105,766,000","98,190,000","89,063,000","88,863,000","86,912,000","93,183,000","90,104,000","87,378,000","79,350,000","80,440,000","88,144,000","71,773,000","67,274,000","62,162,000","66,327,000","62,682,000","64,395,000","66,886,000","65,774,000","64,141,000","60,718,000","61,493,000","65,843,000","44,607,000","43,250,000"
GrossProfit,"4,750,037,000","1,225,984,000","1,258,165,000","1,201,127,000","1,064,761,000","1,007,998,000","1,016,894,000","778,212,000","969,727,000","949,183,000","678,221,000","632,876,000","577,809,000","567,484,000","592,657,000","568,620,000","542,591,000","545,185,000","545,024,000","493,091,000","463,826,000","473,438,000","476,866,000","401,384,000","421,212,000","451,785,000","476,130,000","452,332,000","414,728,000","439,495,000","445,056,000","420,604,000","383,515,000","398,952,000","398,940,000","388,401,000","361,281,000","378,270,000","385,896,000","383,961,000","339,321,000","344,574,000","351,235,000","328,316,000","288,050,000","289,321,000","289,097,000","272,728,000","252,333,000","264,070,000","278,482,000","248,504,000","245,903,000","246,752,000","261,580,000","218,703,000","192,980,000","192,263,000","194,671,000","172,774,000","156,863,000","154,931,000","162,118,000","149,705,000","136,296,000","132,761,000","131,273,000","117,561,000","108,148,000","109,199,000","112,151,000","93,705,000","90,787,000","81,173,000","74,302,000","67,995,000","61,891,000","65,066,000","60,842,000","55,197,000","51,142,000","54,899,000","49,462,000","36,856,000","36,067,000","39,381,000"
OperatingExpense,"3,391,161,000","905,008,000","858,082,000","838,569,000","789,502,000","756,016,000","726,475,000","670,638,000","725,748,000","753,021,000","504,184,000","411,150,000","378,317,000","400,498,000","369,495,000","377,883,000","386,421,000","395,610,000","372,553,000","361,239,000","358,856,000","368,171,000","355,760,000","345,182,000","313,407,000","328,620,000","338,358,000","348,732,000","310,113,000","315,511,000","320,658,000","331,687,000","286,224,000","287,045,000","291,556,000","319,032,000","270,507,000","276,177,000","281,419,000","289,711,000","246,973,000","247,994,000","242,625,000","240,172,000","209,851,000","206,178,000","206,990,000","201,243,000","178,484,000","175,368,000","185,836,000","33,395,000","180,117,000","163,987,000","168,483,000","151,918,000","133,069,000","133,518,000","127,436,000","118,620,000","105,670,000","102,628,000","98,591,000","97,304,000","88,161,000","81,728,000","79,876,000","74,345,000","69,929,000","68,421,000","70,537,000","59,576,000","60,355,000","51,947,000","45,541,000","44,327,000","40,108,000","41,311,000","35,525,000","23,257,000","33,147,000","34,117,000","26,775,000","23,447,000","24,101,000","23,409,000"
	SellingGeneralAndAdministration,"3,391,161,000","905,008,000","858,082,000","838,569,000","789,502,000","756,016,000","726,475,000","670,638,000","725,748,000","753,021,000","504,184,000","411,150,000","378,317,000","400,498,000","369,495,000","377,883,000","386,421,000","395,610,000","372,553,000","361,239,000","358,856,000","368,171,000","355,760,000","345,182,000","313,407,000","328,620,000","338,358,000","348,732,000","310,113,000","315,511,000","320,658,000","331,687,000","286,224,000","294,045,000","291,556,000","290,568,000","271,696,000","276,177,000","281,419,000","289,711,000","246,973,000","247,994,000","242,625,000","240,172,000","209,851,000","206,178,000","206,990,000","201,243,000","178,484,000","175,368,000","185,836,000","181,059,000","180,117,000","163,987,000","168,483,000","151,918,000","133,069,000","133,518,000","127,436,000","118,620,000","105,670,000","102,628,000","98,591,000","97,304,000","88,161,000","81,728,000","79,876,000","74,345,000","69,929,000","68,421,000","70,537,000","59,576,000","60,355,000","51,947,000","45,541,000","44,327,000","40,108,000","41,311,000","35,525,000","34,250,000","33,147,000","34,117,000","26,775,000","30,639,000","24,101,000","23,409,000"
	OtherOperatingExpenses,,,,,,,,,,,,,,,,,,,,,,,,,,,,,,,,"0",,"-7,000,000",,"28,464,000","-1,189,000",,,,,,,,,,,,,,,,,,,,,,,,,,,,,,,,,,,,,,,,,,,,,,,,,
OperatingIncome,"1,358,876,000","320,976,000","400,083,000","362,558,000","275,259,000","251,982,000","290,419,000","107,574,000","243,979,000","196,162,000","174,037,000","221,726,000","199,492,000","166,986,000","223,162,000","190,737,000","156,170,000","149,575,000","172,471,000","131,852,000","104,970,000","105,267,000","121,106,000","56,202,000","107,805,000","123,165,000","137,772,000","103,600,000","104,615,000","123,984,000","124,398,000","88,917,000","97,291,000","111,907,000","107,384,000","69,369,000","90,774,000","102,093,000","104,477,000","94,250,000","92,348,000","96,580,000","108,610,000","88,144,000","78,199,000","83,143,000","82,107,000","71,485,000","73,849,000","88,702,000","92,646,000","215,109,000","65,786,000","82,765,000","93,097,000","66,785,000","59,911,000","58,745,000","67,235,000","54,154,000","51,193,000","52,303,000","63,527,000","52,401,000","48,135,000","51,033,000","51,397,000","43,216,000","38,219,000","40,778,000","41,614,000","34,129,000","30,432,000","29,226,000","28,761,000","23,668,000","21,783,000","23,755,000","25,317,000","31,940,000","17,995,000","20,782,000","22,687,000","13,409,000","11,966,000","15,972,000"
NetNonOperatingInterestIncomeExpense,"-314,331,000","-84,456,000","-75,867,000","-75,101,000","-78,907,000","-76,799,000","-52,993,000","-80,068,000","-90,138,000","-72,976,000","-84,929,000","-59,440,000","-56,147,000","-52,616,000","-43,222,000","-45,152,000","-33,911,000","-41,550,000","-38,417,000","-46,529,000","-39,690,000","-51,095,000","-604,000","-26,889,000","-12,208,000","-12,834,000","-12,101,000","-8,332,000","-12,269,000","-9,068,000","-9,818,000","-7,358,000","-13,513,000","-2,737,000","-4,541,000","-4,418,000","-4,527,000","-12,422,000","-1,562,000","-1,367,000","-1,330,000","-2,619,000","-1,586,000","-1,171,000","-2,684,000","-227,000","-3,304,000","-2,885,000","-2,822,000","-3,733,000","-3,440,000","67,000","-1,022,000",,,,,,,,,,,,,,,,,,,,,,,,,,,,,,,,,
	InterestIncomeNonOperating,"19,320,000","3,311,000","6,320,000","5,455,000","4,234,000","8,274,000","29,983,000","2,787,000","2,506,000","11,071,000","11,232,000","6,176,000","2,934,000","3,322,000","3,134,000","2,568,000","11,694,000","2,875,000","2,347,000","1,832,000","1,607,000","1,353,000","42,473,000","1,758,000","1,092,000","1,292,000","1,142,000","1,315,000","1,160,000","1,282,000","1,192,000","2,093,000","2,944,000","5,288,000","3,338,000","3,647,000","2,536,000","2,187,000","1,983,000","2,818,000","2,368,000","2,259,000","2,501,000","3,535,000","1,631,000","4,072,000","1,537,000","1,930,000","1,319,000","690,000","731,000","690,000","1,200,000",,,,,,,,,,,,,,,,,,,,,,,,,,,,,,,,,
	InterestExpenseNonOperating,"333,651,000","87,767,000","82,187,000","80,556,000","83,141,000","85,073,000","82,976,000","82,855,000","92,644,000","84,047,000","96,161,000","65,616,000","59,081,000","55,938,000","46,356,000","47,720,000","45,605,000","44,425,000","40,764,000","48,361,000","41,297,000","52,448,000","43,077,000","28,647,000","13,300,000","14,126,000","13,243,000","9,647,000","13,429,000","10,350,000","11,010,000","9,451,000","16,457,000","8,025,000","7,879,000","8,065,000","7,063,000","14,609,000","3,545,000","4,185,000","3,698,000","4,878,000","4,087,000","4,706,000","4,315,000","4,299,000","4,841,000","4,815,000","4,141,000","4,423,000","4,171,000","623,000","2,222,000",,,,,,,,,,,,,,,,,,,,,,,,,,,,,,,,,
OtherIncomeExpense,,,,,,,,,,,,,,,,,,,,,,,,,,,,,,,,,,,,,,"14,489,000","-23,989,000",,,,,,,,,,,,,,"-147,664,000",,,"0",,"-314,000","-1,003,000",,,,,"0",,"-1,005,000","-873,000",,,,,"-4,945,000",,"-3,123,000","-1,580,000",,,,,,,,,,,"-1,233,000"
	SpecialIncomeCharges,,,,,,,,,,,,,,,,,,,,,,,,,,,,,,,,,,,,,,"14,489,000","-23,989,000",,,,,,,"0",,,,"0","0","-147,664,000","-147,664,000",,,"0",,"-314,000","-1,003,000",,,,,"0",,"-1,005,000","-873,000",,,,,"-4,945,000",,"-3,123,000","-1,580,000",,,,,,,,,,,"-1,233,000"
		RestructuringAndMergernAcquisition,,,,,,,,,,,,,,,,,,,,,,,,,,,,,,,,,,,,,,,,,,,,,,,,,,,,,,,,"0",,"314,000","1,003,000",,,,,"0",,"1,005,000","873,000",,,,,"4,945,000",,"3,123,000","1,580,000",,,,,,,,,,,
		ImpairmentOfCapitalAssets,,,,,,,,,,,,,,,,,,,,,,,,,,,,,,,,,,,,,,,,,,,,,,,,,,,,,"147,664,000",,,,,,,,,,,,,,,,,,,,,,,,,,,,,,,,,
PretaxIncome,"1,044,545,000","236,520,000","324,216,000","287,457,000","196,352,000","175,183,000","237,426,000","27,506,000","153,841,000","123,186,000","89,108,000","162,286,000","143,345,000","114,370,000","179,940,000","145,585,000","122,259,000","108,025,000","134,054,000","85,323,000","65,280,000","54,172,000","120,502,000","29,313,000","95,597,000","110,331,000","125,671,000","95,268,000","92,346,000","114,916,000","114,580,000","81,559,000","83,778,000","109,170,000","102,843,000","64,951,000","86,247,000","104,160,000","78,926,000","8,445,000","91,018,000","93,961,000","107,024,000","86,973,000","75,515,000","82,916,000","78,803,000","68,600,000","71,027,000","84,969,000","89,206,000","67,512,000","-82,900,000","82,751,000","94,064,000","67,525,000","62,480,000","61,902,000","69,496,000","53,554,000","53,522,000","54,294,000","64,961,000","53,244,000","48,612,000","49,746,000","49,918,000","43,759,000","34,323,000","37,425,000","38,410,000","24,349,000","26,363,000","23,757,000","25,280,000","20,779,000","19,325,000","21,698,000","23,343,000","8,167,000","16,626,000","18,839,000","20,832,000","1,245,000","9,506,000","13,670,000"
TaxProvision,"169,034,000","37,434,000","50,117,000","60,808,000","20,675,000","17,980,000","42,834,000","836,000","15,502,000","22,425,000","-16,623,000","32,247,000","24,140,000","31,047,000","-6,089,000","27,856,000","24,673,000","-142,280,000","15,692,000","12,880,000","12,321,000","1,557,000","28,044,000","-11,866,000","22,685,000","27,253,000","32,623,000","25,158,000","23,031,000","29,660,000","30,146,000","23,293,000","23,657,000","29,313,000","31,135,000","18,585,000","23,433,000","28,789,000","24,764,000","-3,201,000","25,328,000","25,812,000","34,943,000","24,587,000","20,962,000","24,546,000","24,981,000","17,890,000","20,298,000","23,655,000","26,762,000","20,710,000","15,818,000","22,505,000","28,216,000","26,517,000","19,265,000","21,023,000","23,783,000","17,687,000","17,148,000","17,692,000","20,909,000","16,960,000","16,577,000","16,963,000","17,022,000","12,592,000","12,700,000","13,847,000","14,212,000","9,106,000","9,860,000","8,885,000","9,455,000","7,772,000","7,228,000","8,116,000","8,730,000","3,119,000","6,351,000","7,196,000","7,958,000","479,000","3,660,000","5,263,000"
EarningsFromEquityInterestNetOfTax,"112,353,000","18,092,000","31,364,000","40,164,000","22,733,000","27,615,000","35,638,000","12,774,000","12,269,000","13,541,000",,,,,,,,,,,,,,,,,,,,,,,,,,,,,,,,,,,,,,,,,,,,,,,,,,,,,,,,,,,,,,,,,,,,,,,,,,,,
NetIncomeCommonStockholders,"965,460,000","208,453,000","296,736,000","263,590,000","196,681,000","182,644,000","220,971,000","37,331,000","143,575,000","102,771,000","95,044,000","120,458,000","112,341,000","75,215,000","176,370,000","109,069,000","91,399,000","241,962,000","110,740,000","66,909,000","48,813,000","49,452,000","85,093,000","37,187,000","69,061,000","78,771,000","86,646,000","65,325,000","62,568,000","74,781,000","75,366,000","51,625,000","55,121,000","73,897,000","64,643,000","40,805,000","58,462,000","70,183,000","46,675,000","5,086,000","57,920,000","61,181,000","63,974,000","58,577,000","47,789,000","53,505,000","49,368,000","34,190,000","48,461,000","62,835,000","57,831,000","37,559,000","-106,776,000","48,907,000","57,527,000","40,811,000","40,055,000","38,313,000","43,575,000","33,178,000","34,296,000","34,002,000","41,509,000","34,062,000","30,111,000","30,613,000","30,738,000","23,497,000","21,623,000","23,578,000","24,198,000","15,243,000","16,503,000","14,872,000","15,825,000","13,007,000","12,097,000","13,582,000","14,613,000","-10,951,000","10,275,000","11,643,000","12,874,000","766,000","5,846,000","8,407,000"
	NetIncome,"965,460,000","208,453,000","296,736,000","263,590,000","196,681,000","182,644,000","220,971,000","37,331,000","143,575,000","102,771,000","95,044,000","120,458,000","112,341,000","75,215,000","176,370,000","109,069,000","91,399,000","241,962,000","110,740,000","66,909,000","48,813,000","49,452,000","85,093,000","37,187,000","69,061,000","78,771,000","86,646,000","65,325,000","62,568,000","74,781,000","75,366,000","51,625,000","55,121,000","73,897,000","64,643,000","40,805,000","58,462,000","70,183,000","46,675,000","5,086,000","57,920,000","61,181,000","63,974,000","58,577,000","47,789,000","53,505,000","49,368,000","34,190,000","48,461,000","62,835,000","57,831,000","37,559,000","-106,776,000","48,907,000","57,527,000","40,811,000","40,055,000","38,313,000","43,575,000","33,178,000","34,296,000","34,002,000","41,509,000","34,062,000","30,111,000","30,613,000","30,738,000","23,497,000","21,623,000","23,578,000","24,198,000","15,243,000","16,503,000","14,872,000","15,825,000","13,007,000","12,097,000","13,582,000","14,613,000","-10,951,000","10,275,000","11,643,000","12,874,000","766,000","5,846,000","8,407,000"
		NetIncomeIncludingNoncontrollingInterests,"987,864,000","217,178,000","305,463,000","266,813,000","198,410,000","184,818,000","230,230,000","39,444,000","150,608,000","114,302,000","105,731,000","130,039,000","119,205,000","83,323,000","186,029,000","117,729,000","97,586,000","250,305,000","118,362,000","72,443,000","52,959,000","52,615,000","92,458,000","41,179,000","72,912,000","83,078,000","93,048,000","70,110,000","69,315,000","85,256,000","84,434,000","58,266,000","60,121,000","79,857,000","71,708,000","46,366,000","62,814,000","75,371,000","54,162,000","11,646,000","65,690,000","68,149,000","72,081,000","62,357,000","54,123,000","57,883,000","53,794,000","39,031,000","51,451,000","66,182,000","62,444,000","46,802,000","-98,718,000","60,246,000","65,848,000","41,008,000","43,215,000","40,879,000","45,713,000","35,867,000","36,374,000","36,602,000","44,052,000","36,284,000","32,035,000","32,783,000","32,896,000","25,651,000","23,343,000","25,493,000","26,079,000","18,664,000","18,701,000","16,588,000","17,475,000","14,173,000","13,602,000","14,683,000","15,849,000","-9,846,000","11,315,000","12,744,000","14,109,000","2,241,000","7,141,000","9,640,000"
			NetIncomeContinuousOperations,"987,864,000","217,178,000","305,463,000","266,813,000","198,410,000","184,818,000","230,230,000","39,444,000","150,608,000","114,302,000","105,731,000","130,039,000","119,205,000","83,323,000","186,029,000","117,729,000","97,586,000","250,305,000","118,362,000","72,443,000","52,959,000","52,615,000","92,458,000","41,179,000","72,912,000","83,078,000","93,048,000","70,110,000","69,315,000","85,256,000","84,434,000","58,266,000","60,121,000","79,857,000","71,708,000","46,366,000","62,814,000","75,371,000","54,162,000","11,646,000","65,690,000","68,149,000","72,081,000","62,386,000","54,553,000","58,370,000","49,396,000","50,710,000","50,729,000","61,314,000","62,444,000","46,802,000","-98,718,000","48,907,000","57,527,000","40,811,000","40,055,000","38,313,000","43,575,000","33,178,000","34,296,000","34,002,000","41,509,000","34,062,000","30,111,000","30,613,000","30,738,000","23,497,000","21,623,000","23,578,000","24,198,000","15,243,000","16,503,000","14,872,000","15,825,000","13,007,000","12,097,000","13,582,000","14,613,000","5,048,000","10,275,000","11,643,000","12,874,000","766,000","5,846,000","9,640,000"
			NetIncomeDiscontinuousOperations,,,,,,,,,,,,,,,,,,,,,,,,,,,,,,,,,,,,,,,,"0","0","0","0","-29,000","-430,000","-487,000","-28,000","-11,679,000","722,000","4,868,000",,,,,,,,,,,,,,,,,,,,,,,,,,,,,,,,,,,,
			NetIncomeFromTaxLossCarryforward,,,,,,,,,,,,,,,,,,,,,,,,,,,,,,,,,,,,,,,,,,,,,,"4,378,000","4,426,000",,,,,,,,,,,,,,,,,,,,,,,,,,,,,,,,,,,,,,,
		MinorityInterests,"-22,404,000","-8,725,000","-8,727,000","-3,223,000","-1,729,000","-2,174,000","-9,259,000","-2,113,000","-7,033,000","-11,531,000","-10,687,000","-9,581,000","-6,864,000","-8,108,000","-9,659,000","-8,660,000","-6,187,000","-8,343,000","-7,622,000","-5,534,000","-4,146,000","-3,163,000","-7,365,000","-3,992,000","-3,851,000","-4,307,000","-6,402,000","-4,785,000","-6,747,000","-10,475,000","-9,068,000","-6,641,000","-5,000,000","-5,960,000","-7,065,000","-5,561,000","-4,352,000","-5,188,000","-7,487,000","-6,560,000","-7,770,000","-6,968,000","-8,107,000","-3,780,000","-6,334,000","-4,378,000","-4,426,000","-4,841,000","-2,990,000","-3,347,000","-4,613,000","-9,243,000","-8,058,000","-11,339,000","-8,321,000","-197,000","-3,160,000","-2,566,000","-2,138,000","-2,689,000","-2,078,000","-2,600,000","-2,543,000","-2,222,000","-1,924,000","-2,170,000","-2,158,000","-2,154,000","-1,720,000","-1,915,000","-1,881,000","-3,421,000","-2,198,000","-1,716,000","-1,650,000","-1,166,000","-1,505,000","-1,101,000","-1,236,000","-1,105,000","-1,040,000","-1,101,000","-1,235,000","-1,475,000","-1,295,000","-1,233,000"
DilutedNIAvailtoComStockholders,"965,460,000","208,453,000","296,736,000","263,590,000","196,681,000","182,644,000","220,971,000","37,331,000","143,575,000","102,771,000","95,044,000","120,458,000","112,341,000","75,215,000","176,370,000","109,069,000","91,399,000","241,962,000","110,740,000","66,909,000","48,813,000","49,452,000","85,093,000","37,187,000","69,061,000","78,771,000","86,646,000","65,325,000","62,568,000","74,781,000","75,366,000","51,625,000","55,121,000","73,897,000","64,643,000","40,805,000","58,462,000","70,183,000","46,675,000","5,086,000","57,920,000","61,181,000","63,974,000","58,577,000","47,789,000","53,505,000","49,368,000","34,190,000","48,461,000","62,835,000","57,831,000","37,559,000","-106,776,000","48,907,000","57,527,000","40,811,000","40,055,000","38,313,000","43,575,000","33,178,000","34,296,000","34,002,000","41,509,000","34,062,000","30,111,000","30,613,000","30,738,000","23,497,000","21,623,000","23,578,000","24,198,000","15,243,000","16,503,000","14,872,000","15,825,000","13,007,000","12,097,000","13,582,000","14,613,000","-10,951,000","10,275,000","11,643,000","12,874,000","766,000","5,846,000","8,407,000"
BasicEPS,,"0.72","1.02","0.89","0.66","0.61","0.74","0.12","0.48","0.34","0.54","0.77","0.71","0.48","1.12","0.69","0.57","1.52","0.72","0.44","0.32","0.32","0.55","0.27","0.53","0.61","0.665","0.495","0.47","0.555","0.555","0.365","0.385","0.51","0.44","0.27","0.375","0.445","0.295","0.485","0.37","0.39","0.4",,"0.3","0.335","0.31",,"0.3","0.385","0.36",,"-0.67","0.305","0.36",,"0.255","0.24","0.27",,"0.215","0.21","0.26",,"0.19","0.195","0.198",,"0.14","0.153","0.158",,"0.11","0.1","0.108",,"0.083","0.093","0.1",,"0.07","0.08","0.088",,"0.055","0.08"
DilutedEPS,,"0.72","1.01","0.89","0.66","0.61","0.74","0.12","0.48","0.34","0.54","0.77","0.71","0.47","1.11","0.68","0.57","1.51","0.71","0.44","0.32","0.32","0.55","0.26","0.53","0.6","0.66","0.495","0.465","0.55","0.55","0.36","0.38","0.51","0.435","0.265","0.375","0.445","0.295","0.485","0.365","0.39","0.395",,"0.295","0.335","0.305",,"0.295","0.38","0.355",,"-0.67","0.3","0.355",,"0.25","0.24","0.265",,"0.21","0.21","0.255",,"0.18","0.185","0.19",,"0.135","0.148","0.155",,"0.105","0.095","0.103",,"0.08","0.09","0.098",,"0.068","0.078","0.085",,"0.055","0.08"
BasicAverageShares,,"287,887,000","291,502,000","294,914,000","296,425,000","299,106,000","299,255,000","299,140,000","299,388,000","300,528,000","177,039,000","156,768,000","157,519,000","158,213,000","158,168,000","159,003,000","159,321,000","159,143,000","154,560,000","152,525,000","152,304,000","153,173,000","153,901,000","139,952,000","129,287,000","129,505,000","130,328,000","131,488,000","133,780,000","134,754,000","136,292,000","141,414,000","143,670,000","145,948,000","147,530,000","152,068,000","155,512,000","157,502,000","157,208,000","157,078,000","156,842,000","156,696,000","160,152,000",,"159,794,000","159,402,000","159,194,000",,"163,078,000","162,472,000","161,108,000",,"159,670,000","159,470,000","158,924,000",,"158,438,000","158,054,000","161,388,889",,"159,516,279","161,914,286","159,650,000",,"158,478,947","156,989,744","155,635,443",,"154,450,000","154,609,836","153,638,095",,"150,027,273","148,720,000","147,209,302",,"146,630,303","146,832,432","146,130,000",,"146,785,714","145,537,500","147,131,429",,"105,900,000","105,244,000"
DilutedAverageShares,,"288,466,000","292,507,000","296,139,000","297,671,000","300,493,000","300,491,000","300,246,000","300,838,000","302,342,000","177,543,000","157,262,000","158,018,000","158,711,000","158,706,000","159,677,000","160,035,000","159,827,000","155,402,000","153,555,000","153,255,000","153,991,000","154,875,000","140,948,000","130,160,000","130,353,000","131,146,000","132,392,000","134,612,000","135,474,000","137,234,000","142,644,000","144,868,000","147,008,000","148,578,000","153,302,000","156,648,000","158,288,000","158,086,000","158,384,000","158,130,000","157,752,000","161,662,000",,"161,466,000","160,688,000","160,678,000",,"165,272,000","164,376,000","162,596,000",,"159,670,000","162,264,000","162,212,000",,"161,300,000","161,012,000","164,433,962",,"163,314,286","161,914,286","162,780,392",,"167,283,333","165,475,676","161,778,947",,"160,170,370","159,850,847","156,116,129",,"157,171,429","156,547,368","154,390,244",,"151,212,500","150,911,111","149,876,923",,"152,222,222","150,232,258","151,458,824",,"105,900,000","105,244,000"
TotalOperatingIncomeAsReported,"1,358,876,000","320,976,000","400,083,000","362,558,000","275,259,000","251,982,000","290,419,000","107,574,000","243,979,000","196,162,000","174,037,000","221,726,000","199,492,000","166,986,000","223,162,000","190,737,000","156,170,000","149,575,000","172,471,000","131,852,000","104,970,000","105,267,000","121,106,000","56,202,000","107,805,000","123,165,000","137,772,000","103,600,000","104,615,000","123,984,000","124,398,000","88,917,000","97,291,000","111,907,000","107,384,000","69,369,000","90,774,000","116,582,000","80,488,000","9,812,000","92,348,000","96,580,000","108,610,000","88,144,000","78,199,000","83,143,000","82,107,000","71,485,000","73,849,000","88,702,000","92,646,000","67,445,000","-81,878,000","82,765,000","93,097,000","66,785,000","59,911,000","58,431,000","66,232,000","51,066,000","51,193,000","52,303,000","63,527,000","52,401,000","48,135,000","50,028,000","50,524,000","39,490,000","38,219,000","40,778,000","41,614,000","29,184,000","30,432,000","26,103,000","27,181,000","22,411,000","21,783,000","23,755,000","25,317,000","20,947,000","17,995,000","20,782,000","22,687,000","8,527,000","11,966,000","15,972,000"
TotalExpenses,"7,164,886,000","1,873,005,000","1,802,254,000","1,774,879,000","1,714,748,000","1,678,211,000","1,627,396,000","1,564,378,000","1,659,619,000","1,791,599,000","931,904,000","713,426,000","683,547,000","713,569,000","634,508,000","642,427,000","638,807,000","904,678,000","866,436,000","830,388,000","814,792,000","836,554,000","818,386,000","690,862,000","572,135,000","599,185,000","611,024,000","602,949,000","560,368,000","573,307,000","580,497,000","585,060,000","519,161,000","522,215,000","522,301,000","548,983,000","487,972,000","486,445,000","485,810,000","502,782,000","441,191,000","433,925,000","434,161,000","431,611,000","378,183,000","360,383,000","358,031,000","353,565,000","324,686,000","320,249,000","348,664,000","186,932,000","326,877,000","318,298,000","312,660,000","277,047,000","250,730,000","250,031,000","243,745,000","225,946,000","209,225,000","208,394,000","196,781,000","186,367,000","177,024,000","168,640,000","173,059,000","164,449,000","157,307,000","147,771,000","150,977,000","147,720,000","132,128,000","119,221,000","107,703,000","110,654,000","102,790,000","105,706,000","102,411,000","89,031,000","97,288,000","94,835,000","88,268,000","89,290,000","68,708,000","66,659,000"
NetIncomeFromContinuingAndDiscontinuedOperation,"965,460,000","208,453,000","296,736,000","263,590,000","196,681,000","182,644,000","220,971,000","37,331,000","143,575,000","102,771,000","95,044,000","120,458,000","112,341,000","75,215,000","176,370,000","109,069,000","91,399,000","241,962,000","110,740,000","66,909,000","48,813,000","49,452,000","85,093,000","37,187,000","69,061,000","78,771,000","86,646,000","65,325,000","62,568,000","74,781,000","75,366,000","51,625,000","55,121,000","73,897,000","64,643,000","40,805,000","58,462,000","70,183,000","46,675,000","5,086,000","57,920,000","61,181,000","63,974,000","58,577,000","47,789,000","53,505,000","44,942,000","34,190,000","48,461,000","62,835,000","57,831,000","37,559,000","-106,776,000","48,907,000","57,527,000","40,811,000","40,055,000","38,313,000","43,575,000","33,178,000","34,296,000","34,002,000","41,509,000","34,062,000","30,111,000","30,613,000","30,738,000","23,497,000","21,623,000","23,578,000","24,198,000","15,243,000","16,503,000","14,872,000","15,825,000","13,007,000","12,097,000","13,582,000","14,613,000","5,048,000","10,275,000","11,643,000","12,874,000","766,000","5,846,000","8,407,000"
NormalizedIncome,"965,460,000","208,453,000","296,736,000","263,590,000","196,681,000","182,644,000","220,971,000","37,331,000","143,575,000","102,771,000","95,044,000","120,458,000","112,341,000","75,215,000","176,370,000","109,069,000","91,399,000","241,962,000","110,740,000","66,909,000","48,813,000","49,452,000","85,093,000","37,187,000","69,061,000","78,771,000","86,646,000","65,325,000","62,568,000","74,781,000","75,366,000","51,625,000","55,121,000","73,897,000","64,643,000","40,805,000","58,462,000","59,698,644.979","63,137,157.185","5,086,000","57,920,000","61,181,000","63,974,000","58,606,000","48,219,000","53,992,000","44,970,000","45,869,000","47,739,000","57,967,000","57,831,000","139,925,550.065","-10,794,400","48,907,000","57,527,000","40,811,000","40,055,000","38,520,360.118","44,234,752.202","33,178,000","34,296,000","34,002,000","41,509,000","34,062,000","30,111,000","31,275,302.798","31,313,307.665","23,497,000","21,623,000","23,578,000","24,198,000","18,338,676.825","16,503,000","16,827,013.512","16,814,062.5","13,007,000","12,097,000","13,582,000","14,613,000","5,048,000","10,275,000","11,643,000","12,874,000","766,000","5,846,000","9,165,290.49"
InterestIncome,"19,320,000","3,311,000","6,320,000","5,455,000","4,234,000","8,274,000","29,983,000","2,787,000","2,506,000","11,071,000","11,232,000","6,176,000","2,934,000","3,322,000","3,134,000","2,568,000","11,694,000","2,875,000","2,347,000","1,832,000","1,607,000","1,353,000","42,473,000","1,758,000","1,092,000","1,292,000","1,142,000","1,315,000","1,160,000","1,282,000","1,192,000","2,093,000","2,944,000","5,288,000","3,338,000","3,647,000","2,536,000","2,187,000","1,983,000","2,818,000","2,368,000","2,259,000","2,501,000","3,535,000","1,631,000","4,072,000","1,537,000","1,930,000","1,319,000","690,000","731,000","690,000","1,200,000",,,,,,,,,,,,,,,,,,,,,,,,,,,,,,,,,
InterestExpense,"333,651,000","87,767,000","82,187,000","80,556,000","83,141,000","85,073,000","82,976,000","82,855,000","92,644,000","84,047,000","96,161,000","65,616,000","59,081,000","55,938,000","46,356,000","47,720,000","45,605,000","44,425,000","40,764,000","48,361,000","41,297,000","52,448,000","43,077,000","28,647,000","13,300,000","14,126,000","13,243,000","9,647,000","13,429,000","10,350,000","11,010,000","9,451,000","16,457,000","8,025,000","7,879,000","8,065,000","7,063,000","14,609,000","3,545,000","4,185,000","3,698,000","4,878,000","4,087,000","4,706,000","4,315,000","4,299,000","4,841,000","4,815,000","4,141,000","4,423,000","4,171,000","623,000","2,222,000",,,,,,,,,,,,,,,,,,,,,,,,,,,,,,,,,
NetInterestIncome,"-314,331,000","-84,456,000","-75,867,000","-75,101,000","-78,907,000","-76,799,000","-52,993,000","-80,068,000","-90,138,000","-72,976,000","-84,929,000","-59,440,000","-56,147,000","-52,616,000","-43,222,000","-45,152,000","-33,911,000","-41,550,000","-38,417,000","-46,529,000","-39,690,000","-51,095,000","-604,000","-26,889,000","-12,208,000","-12,834,000","-12,101,000","-8,332,000","-12,269,000","-9,068,000","-9,818,000","-7,358,000","-13,513,000","-2,737,000","-4,541,000","-4,418,000","-4,527,000","-12,422,000","-1,562,000","-1,367,000","-1,330,000","-2,619,000","-1,586,000","-1,171,000","-2,684,000","-227,000","-3,304,000","-2,885,000","-2,822,000","-3,733,000","-3,440,000","67,000","-1,022,000",,,,,,,,,,,,,,,,,,,,,,,,,,,,,,,,,
EBIT,"1,378,196,000","324,287,000","406,403,000","368,013,000","279,493,000","260,256,000","320,402,000","110,361,000","246,485,000","207,233,000","185,269,000","227,902,000","202,426,000","170,308,000","226,296,000","193,305,000","167,864,000","152,450,000","174,818,000","133,684,000","106,577,000","106,620,000","163,579,000","57,960,000","108,897,000","124,457,000","138,914,000","104,915,000","105,775,000","125,266,000","125,590,000","91,010,000","100,235,000","117,195,000","110,722,000","73,016,000","93,310,000","118,769,000","82,471,000","12,630,000","94,716,000","98,839,000","111,111,000","91,679,000","79,830,000","87,215,000","83,644,000","73,415,000","75,168,000","89,392,000","93,377,000","68,135,000","-80,678,000","82,765,000","93,097,000","66,785,000","59,911,000","58,745,000","67,235,000","54,154,000","51,193,000","52,303,000","63,527,000","52,401,000","48,135,000","51,033,000","51,397,000","43,216,000","38,219,000","40,778,000","41,614,000","34,129,000","30,432,000","29,226,000","28,761,000","23,668,000","21,783,000","23,755,000","25,317,000","31,940,000","17,995,000","20,782,000","22,687,000","13,409,000","11,966,000","15,972,000"
EBITDA,"3,069,580,000"
ReconciledCostOfRevenue,"3,773,725,000","967,997,000","944,172,000","936,310,000","925,246,000","922,195,000","900,921,000","893,740,000","933,871,000","1,038,578,000","427,720,000","302,276,000","305,230,000","313,071,000","265,013,000","264,544,000","252,386,000","509,068,000","493,883,000","469,149,000","455,936,000","468,383,000","462,626,000","345,680,000","258,728,000","270,565,000","272,666,000","254,217,000","250,255,000","257,796,000","259,839,000","253,373,000","232,937,000","235,170,000","230,745,000","229,951,000","217,465,000","210,268,000","204,391,000","213,071,000","194,218,000","185,931,000","191,536,000","191,439,000","168,332,000","154,205,000","151,041,000","152,322,000","146,202,000","144,881,000","162,828,000","153,537,000","146,760,000","154,311,000","144,177,000","125,129,000","117,661,000","116,513,000","116,309,000","107,326,000","103,555,000","105,766,000","98,190,000","89,063,000","88,863,000","86,912,000","93,183,000","90,104,000","87,378,000","79,350,000","80,440,000","88,144,000","71,773,000","67,274,000","62,162,000","66,327,000","62,682,000","64,395,000","66,886,000","65,774,000","64,141,000","60,718,000","61,493,000","65,843,000","44,607,000","43,250,000"
ReconciledDepreciation,"1,691,384,000","425,206,000","418,562,000","422,043,000","425,573,000","407,048,000","406,899,000","402,675,000","397,818,000","400,837,000","183,745,000","145,123,000","148,630,000","153,365,000","124,057,000","123,648,000","121,743,000","121,188,000","113,649,000","107,281,000","109,033,000","108,683,000","103,186,000","71,207,000","39,168,000","38,749,000","38,757,000","34,693,000","33,640,000","34,606,000","34,566,000","34,871,000","29,806,000","29,018,000","28,374,000","28,841,000","30,892,000","28,160,000","23,895,000","25,602,000","25,257,000","24,024,000","24,216,000","25,718,000","21,791,000","18,024,000","16,704,000","18,242,000","16,720,000","16,783,000","16,922,000","15,891,000","15,297,000","18,304,000","16,796,000","11,814,000","11,242,000","10,749,000","10,229,000","10,021,000","10,286,000","10,253,000","9,805,000","9,813,000","10,298,000","9,982,000","10,396,000","11,912,000","11,350,000","11,376,000","10,668,000","10,439,000","9,580,000","8,002,000","7,519,000","7,835,000","8,354,000","8,012,000","7,860,000","7,729,000","7,437,000","7,442,000","6,963,000","6,950,000","4,877,000",
NetIncomeFromContinuingOperationNetMinorityInterest,"965,460,000","208,453,000","296,736,000","263,590,000","196,681,000","182,644,000","220,971,000","37,331,000","143,575,000","102,771,000","95,044,000","120,458,000","112,341,000","75,215,000","176,370,000","109,069,000","91,399,000","241,962,000","110,740,000","66,909,000","48,813,000","49,452,000","85,093,000","37,187,000","69,061,000","78,771,000","86,646,000","65,325,000","62,568,000","74,781,000","75,366,000","51,625,000","55,121,000","73,897,000","64,643,000","40,805,000","58,462,000","70,183,000","46,675,000","5,086,000","57,920,000","61,181,000","63,974,000","58,606,000","48,219,000","53,992,000","44,970,000","45,869,000","47,739,000","57,967,000","57,831,000","37,559,000","-106,776,000","48,907,000","57,527,000","40,811,000","40,055,000","38,313,000","43,575,000","33,178,000","34,296,000","34,002,000","41,509,000","34,062,000","30,111,000","30,613,000","30,738,000","23,497,000","21,623,000","23,578,000","24,198,000","15,243,000","16,503,000","14,872,000","15,825,000","13,007,000","12,097,000","13,582,000","14,613,000","5,048,000","10,275,000","11,643,000","12,874,000","766,000","5,846,000","8,407,000"
TotalUnusualItemsExcludingGoodwill,,,,,,,,,,,,,,,,,,,,,,,,,,,,,,,,,,,,,,"14,489,000","-23,989,000",,,,,,,"0",,,,"0","0","-147,664,000","-147,664,000",,,"0",,"-314,000","-1,003,000",,,,,"0",,"-1,005,000","-873,000",,,,,"-4,945,000",,"-3,123,000","-1,580,000",,,,,,,,,,,"-1,233,000"
TotalUnusualItems,,,,,,,,,,,,,,,,,,,,,,,,,,,,,,,,,,,,,,"14,489,000","-23,989,000",,,,,,,"0",,,,"0","0","-147,664,000","-147,664,000",,,"0",,"-314,000","-1,003,000",,,,,"0",,"-1,005,000","-873,000",,,,,"-4,945,000",,"-3,123,000","-1,580,000",,,,,,,,,,,"-1,233,000"
NormalizedEBITDA,"3,069,580,000","749,493,000","824,965,000","790,056,000","705,066,000","667,304,000","727,301,000","513,036,000","644,303,000","608,070,000","369,014,000","373,025,000","351,056,000","323,673,000","350,353,000","316,953,000","289,607,000","273,638,000","288,467,000","240,965,000","215,610,000","215,303,000","266,765,000","129,167,000","148,065,000","163,206,000","177,671,000","139,608,000","139,415,000","159,872,000","160,156,000","125,881,000","130,041,000","146,213,000","139,096,000","101,857,000","124,202,000","132,440,000","130,355,000","38,232,000","119,973,000","122,863,000","135,327,000","117,397,000","101,621,000","105,239,000","100,348,000","91,657,000","91,888,000","106,175,000","110,299,000","231,690,000","82,283,000","101,069,000","109,893,000","78,599,000","71,153,000","69,808,000","78,467,000","64,175,000","61,479,000","62,556,000","73,332,000","62,214,000","58,433,000","62,020,000","62,666,000","55,128,000","49,569,000","52,154,000","52,282,000","49,513,000","40,012,000","40,351,000","37,860,000","31,503,000","30,137,000","31,767,000","33,177,000","39,669,000","25,432,000","28,224,000","29,650,000","20,359,000","16,843,000","17,205,000"
TaxRateForCalcs,"0.162","0.158","0.155","0.212","0.105","0.103","0.18","0.03","0.101","0.182","0.27","0.199","0.168","0.271","0.27","0.191","0.202","0.4","0.117","0.151","0.189","0.029","0.233","0.4","0.237","0.247","0.26","0.264","0.249","0.258","0.263","0.286","0.283","0.269","0.303","0.286","0.272","0.276","0.314","0.35","0.278","0.275","0.326","0.283","0.278","0.296","0.317","0.261","0.286","0.278","0.3","0.307","0.35","0.272","0.3","0.393","0.308","0.34","0.342","0.33","0.32","0.326","0.322","0.319","0.341","0.341","0.341","0.288","0.37","0.37","0.37","0.374","0.374","0.374","0.374","0.374","0.374","0.374","0.374","0.382","0.382","0.382","0.382","0.385","0.385","0.385"
TaxEffectOfUnusualItems,"0","0","0","0","0","0","0","0","0","0","0","0","0","0","0","0","0","0","0","0","0","0","0","0","0","0","0","0","0","0","0","0","0","0","0","0","0","4,004,644.979","-7,526,842.815","0","0","0","0","0","0","0","0","0","0","0","0","-45,297,449.935","-51,682,400","0","0","0","0","-106,639.882","-343,247.798","0","0","0","0","0","0","-342,697.202","-297,692.335","0","0","0","0","-1,849,323.175","0","-1,167,986.488","-590,937.5","0","0","0","0","0","0","0","0","0","0","-474,709.51"