name,ttm,12/31/2021,09/30/2021,06/30/2021,03/31/2021,12/31/2020,09/30/2020,06/30/2020,03/31/2020,12/31/2019,09/30/2019,06/30/2019,03/31/2019,12/31/2018,09/30/2018,06/30/2018,03/31/2018,12/31/2017,09/30/2017,06/30/2017,03/31/2017,12/31/2016,09/30/2016,06/30/2016,03/31/2016,12/31/2015,09/30/2015,06/30/2015,03/31/2015,12/31/2014,09/30/2014,06/30/2014,03/31/2014,12/31/2013,09/30/2013,06/30/2013,03/31/2013,12/31/2012,09/30/2012,06/30/2012,03/31/2012,12/31/2011,09/30/2011,06/30/2011,03/31/2011,12/31/2010,09/30/2010,06/30/2010,03/31/2010,12/31/2009,09/30/2009,06/30/2009,03/31/2009,11/30/2008,08/31/2008,05/31/2008,02/29/2008,11/30/2007,08/31/2007,05/31/2007,02/28/2007,11/30/2006,08/31/2006,05/31/2006,02/28/2006,11/30/2005,08/31/2005,05/31/2005,02/28/2005,11/30/2004,08/31/2004,05/31/2004,02/29/2004,11/30/2003,08/31/2003,05/31/2003,02/28/2003,11/30/2002,08/31/2002,05/31/2002,02/28/2002,11/30/2001,08/31/2001,05/31/2001,02/28/2001,11/30/2000,08/31/2000,05/31/2000,02/29/2000,11/30/1999,08/31/1999,05/31/1999,02/28/1999
TotalRevenue,"59,339,000,000","12,639,000,000","13,608,000,000","14,263,000,000","17,704,000,000","14,572,000,000","9,870,000,000","12,350,000,000","7,767,000,000","9,121,000,000","7,470,000,000","8,638,000,000","8,045,000,000","7,702,000,000","7,932,000,000","8,590,000,000","9,192,000,000","7,191,000,000","7,701,000,000","7,224,000,000","7,411,000,000","7,544,000,000","7,555,000,000","7,307,000,000","5,647,000,000","6,647,000,000","6,196,000,000","8,422,000,000","9,945,000,000","6,730,000,000","7,763,000,000","8,512,000,000","8,733,000,000","7,977,000,000","6,149,000,000","7,999,000,000","9,529,000,000","6,528,000,000","8,351,000,000","6,627,000,000","9,949,000,000","3,586,000,000","3,587,000,000","7,281,000,000","11,894,000,000","6,361,000,000","8,903,000,000","8,841,000,000","12,775,000,000","7,317,000,000","12,372,000,000","13,761,000,000","9,425,000,000","-4,576,000,000","6,043,000,000","9,422,000,000","8,335,000,000","7,983,000,000","12,334,000,000","10,182,000,000","12,730,000,000","7,422,000,000","7,584,000,000","10,241,000,000","10,433,000,000","6,403,000,000","7,393,000,000","4,927,000,000","6,515,000,000","4,634,000,000","4,647,000,000","5,638,000,000","6,032,000,000","4,058,000,000","3,793,000,000","3,985,000,000","4,187,000,000","2,888,000,000","3,649,000,000","3,851,000,000","3,598,000,000","3,427,000,000","3,661,000,000","3,990,000,000","4,733,000,000","3,415,000,000","4,527,000,000","4,155,000,000","4,493,000,000","3,473,000,000","3,408,000,000","3,469,000,000","152,000,000"
	OperatingRevenue,"59,339,000,000","12,639,000,000","13,608,000,000","14,263,000,000","17,704,000,000","14,572,000,000","9,870,000,000","12,350,000,000","7,767,000,000","9,121,000,000","7,470,000,000","8,638,000,000","8,045,000,000","7,702,000,000","7,932,000,000","8,590,000,000","9,192,000,000","7,191,000,000","7,701,000,000","7,224,000,000","7,411,000,000","7,544,000,000","7,555,000,000","7,307,000,000","5,647,000,000","6,647,000,000","6,196,000,000","8,422,000,000","9,945,000,000","6,730,000,000","7,763,000,000","8,512,000,000","8,733,000,000","7,977,000,000","6,149,000,000","7,999,000,000","9,529,000,000","6,528,000,000","8,351,000,000","6,627,000,000","9,949,000,000","3,586,000,000","3,587,000,000","7,281,000,000","11,894,000,000","6,361,000,000","8,903,000,000","8,841,000,000","12,775,000,000","7,317,000,000","12,372,000,000","13,761,000,000","9,425,000,000","-4,576,000,000","6,043,000,000","9,422,000,000","8,335,000,000","7,983,000,000","12,334,000,000","10,182,000,000","12,730,000,000","7,422,000,000","7,584,000,000","10,241,000,000","10,433,000,000","6,403,000,000","7,393,000,000","4,927,000,000","6,515,000,000","4,634,000,000","4,647,000,000","5,638,000,000","6,032,000,000","4,058,000,000","3,793,000,000","3,985,000,000","4,187,000,000","2,888,000,000","3,649,000,000","3,851,000,000","3,598,000,000","3,427,000,000","3,661,000,000","3,990,000,000","4,733,000,000","3,415,000,000","4,527,000,000","4,155,000,000","4,493,000,000","3,473,000,000","3,408,000,000","3,469,000,000","152,000,000"
PretaxIncome,"27,044,000,000","5,025,000,000","6,842,000,000","6,840,000,000","8,337,000,000","5,541,000,000","4,299,000,000","1,291,000,000","1,348,000,000","2,321,000,000","2,416,000,000","3,127,000,000","2,719,000,000","2,708,000,000","3,078,000,000","3,276,000,000","3,419,000,000","3,108,000,000","2,976,000,000","2,509,000,000","2,539,000,000","3,397,000,000","2,868,000,000","2,463,000,000","1,576,000,000","1,072,000,000","2,046,000,000","1,726,000,000","3,934,000,000","3,210,000,000","3,305,000,000","2,821,000,000","3,021,000,000","3,552,000,000","2,167,000,000","2,645,000,000","3,373,000,000","4,313,000,000","2,298,000,000","1,415,000,000","3,181,000,000","1,247,000,000","-730,000,000","1,612,000,000","4,040,000,000","3,474,000,000","2,811,000,000","1,448,000,000","5,159,000,000","7,377,000,000","4,794,000,000","5,029,000,000","2,629,000,000","-3,599,000,000","960,000,000","2,832,000,000","2,143,000,000","5,055,000,000","4,259,000,000","3,431,000,000","4,859,000,000","4,985,000,000","2,362,000,000","3,524,000,000","3,689,000,000","2,479,000,000","2,405,000,000","1,244,000,000","2,145,000,000","1,714,000,000","1,293,000,000","1,740,000,000","1,929,000,000","1,409,000,000","980,000,000","1,038,000,000","1,018,000,000","719,000,000","794,000,000","901,000,000","839,000,000","724,000,000","767,000,000","946,000,000","1,259,000,000","910,000,000","1,373,000,000","1,258,000,000","1,479,000,000","1,209,000,000","1,082,000,000","-1,487,000,000","1,188,000,000"
TaxProvision,"5,409,000,000","1,090,000,000","1,464,000,000","1,354,000,000","1,501,000,000","1,035,000,000","932,000,000","918,000,000","135,000,000","404,000,000","539,000,000","706,000,000","468,000,000","170,000,000","554,000,000","711,000,000","587,000,000","5,036,000,000","848,000,000","678,000,000","284,000,000","1,050,000,000","774,000,000","641,000,000","441,000,000","307,000,000","620,000,000","678,000,000","1,090,000,000","1,044,000,000","1,064,000,000","784,000,000","988,000,000","1,220,000,000","650,000,000","714,000,000","1,113,000,000","1,421,000,000","786,000,000","453,000,000","1,072,000,000","234,000,000","-337,000,000","525,000,000","1,305,000,000","1,087,000,000","913,000,000","835,000,000","1,703,000,000","2,429,000,000","1,606,000,000","1,594,000,000","815,000,000","-1,478,000,000","115,000,000","745,000,000","632,000,000","1,840,000,000","1,405,000,000","1,098,000,000","1,662,000,000","1,833,000,000","768,000,000","1,212,000,000","1,210,000,000","847,000,000","788,000,000","379,000,000","633,000,000","520,000,000","414,000,000","553,000,000","636,000,000","438,000,000","303,000,000","343,000,000","356,000,000","214,000,000","272,000,000","338,000,000","315,000,000","227,000,000","299,000,000","369,000,000","491,000,000","309,000,000","549,000,000","503,000,000","592,000,000","486,000,000","444,000,000","-1,827,000,000","181,000,000"
NetIncomeCommonStockholders,"21,151,000,000","3,809,000,000","5,284,000,000","5,347,000,000","6,711,000,000","4,362,000,000","3,233,000,000","197,000,000","1,123,000,000","1,724,000,000","1,793,000,000","2,198,000,000","2,182,000,000","2,322,000,000","2,453,000,000","2,348,000,000","2,737,000,000","-2,143,000,000","2,035,000,000","1,631,000,000","2,162,000,000","2,153,000,000","2,100,000,000","1,634,000,000","1,200,000,000","574,000,000","1,330,000,000","916,000,000","2,748,000,000","2,032,000,000","2,143,000,000","1,953,000,000","1,949,000,000","2,248,000,000","1,429,000,000","1,861,000,000","2,188,000,000","2,833,000,000","1,458,000,000","927,000,000","2,074,000,000","978,000,000","-428,000,000","1,052,000,000","908,000,000","2,227,000,000","1,737,000,000","453,000,000","3,296,000,000","4,787,000,000","3,028,000,000","2,718,000,000","1,659,000,000","-2,287,000,000","810,000,000","2,051,000,000","1,467,000,000","3,166,000,000","2,806,000,000","2,287,000,000","3,148,000,000","3,104,000,000","1,555,000,000","2,286,000,000","2,453,000,000","1,624,000,000","1,608,000,000","865,000,000","1,512,000,000","1,194,000,000","879,000,000","1,187,000,000","1,293,000,000","971,000,000","677,000,000","695,000,000","662,000,000","505,000,000","522,000,000","563,000,000","524,000,000","497,000,000","468,000,000","577,000,000","768,000,000","601,000,000","824,000,000","755,000,000","887,000,000","723,000,000","638,000,000","340,000,000","1,007,000,000"
	NetIncome,"21,635,000,000","3,935,000,000","5,378,000,000","5,486,000,000","6,836,000,000","4,506,000,000","3,367,000,000","373,000,000","1,213,000,000","1,917,000,000","1,877,000,000","2,421,000,000","2,251,000,000","2,538,000,000","2,524,000,000","2,565,000,000","2,832,000,000","-1,928,000,000","2,128,000,000","1,831,000,000","2,255,000,000","2,347,000,000","2,094,000,000","1,822,000,000","1,135,000,000","765,000,000","1,426,000,000","1,048,000,000","2,844,000,000","2,166,000,000","2,241,000,000","2,037,000,000","2,033,000,000","2,332,000,000","1,517,000,000","1,931,000,000","2,260,000,000","2,892,000,000","1,512,000,000","962,000,000","2,109,000,000","1,013,000,000","-393,000,000","1,087,000,000","2,735,000,000","2,387,000,000","1,898,000,000","613,000,000","3,456,000,000","4,948,000,000","3,188,000,000","3,435,000,000","1,814,000,000","-2,121,000,000","845,000,000","2,087,000,000","1,511,000,000","3,215,000,000","2,854,000,000","2,333,000,000","3,197,000,000","3,152,000,000","1,594,000,000","2,312,000,000","2,479,000,000","1,632,000,000","1,617,000,000","865,000,000","1,512,000,000","1,194,000,000","879,000,000","1,187,000,000","1,293,000,000","971,000,000","677,000,000","695,000,000","662,000,000","505,000,000","522,000,000","563,000,000","524,000,000","497,000,000","468,000,000","577,000,000","768,000,000","601,000,000","824,000,000","755,000,000","887,000,000","723,000,000","638,000,000","340,000,000","1,007,000,000"
		NetIncomeIncludingNoncontrollingInterests,"21,635,000,000","3,935,000,000","5,378,000,000","5,486,000,000","6,836,000,000","4,506,000,000","3,367,000,000","373,000,000","1,213,000,000","1,917,000,000","1,877,000,000","2,421,000,000","2,251,000,000","2,538,000,000","2,524,000,000","2,565,000,000","2,832,000,000","-1,928,000,000","2,128,000,000","1,831,000,000","2,255,000,000","2,347,000,000","2,094,000,000","1,822,000,000","1,135,000,000","765,000,000","1,426,000,000","1,048,000,000","2,844,000,000","2,166,000,000","2,241,000,000","2,037,000,000","2,033,000,000","2,332,000,000","1,517,000,000","1,931,000,000","2,260,000,000","2,892,000,000","1,512,000,000","962,000,000","2,109,000,000","1,013,000,000","-393,000,000","1,087,000,000","2,735,000,000","2,387,000,000","1,898,000,000","613,000,000","3,456,000,000","4,948,000,000","3,188,000,000","3,435,000,000","1,814,000,000","-2,121,000,000","845,000,000","2,087,000,000","1,511,000,000","3,215,000,000","2,854,000,000","2,333,000,000","3,197,000,000","3,152,000,000","1,594,000,000","2,312,000,000","2,479,000,000","1,632,000,000","1,617,000,000","865,000,000","1,512,000,000","1,194,000,000","879,000,000","1,187,000,000","1,293,000,000","971,000,000","677,000,000","695,000,000","662,000,000","505,000,000","522,000,000","563,000,000","524,000,000","497,000,000","468,000,000","577,000,000","768,000,000","601,000,000","824,000,000","755,000,000","887,000,000","723,000,000","638,000,000","340,000,000","1,007,000,000"
			NetIncomeContinuousOperations,"21,635,000,000","3,935,000,000","5,378,000,000","5,486,000,000","6,836,000,000","4,506,000,000","3,367,000,000","373,000,000","1,213,000,000","1,917,000,000","1,877,000,000","2,421,000,000","2,251,000,000","2,538,000,000","2,524,000,000","2,565,000,000","2,832,000,000","-1,928,000,000","2,128,000,000","1,831,000,000","2,255,000,000","2,347,000,000","2,094,000,000","1,822,000,000","1,135,000,000","765,000,000","1,426,000,000","1,048,000,000","2,844,000,000","2,166,000,000","2,241,000,000","2,037,000,000","2,033,000,000","2,332,000,000","1,517,000,000","1,931,000,000","2,260,000,000","2,892,000,000","1,512,000,000","962,000,000","2,109,000,000","1,013,000,000","-393,000,000","1,087,000,000","2,735,000,000","2,387,000,000","1,898,000,000","613,000,000","3,456,000,000","4,948,000,000","3,188,000,000","3,435,000,000","1,814,000,000","-2,121,000,000","845,000,000","2,087,000,000","1,511,000,000","3,215,000,000","2,854,000,000","2,333,000,000","3,197,000,000","3,152,000,000","1,594,000,000","2,312,000,000","2,479,000,000","1,632,000,000","1,617,000,000","865,000,000","1,512,000,000","1,194,000,000","879,000,000","1,187,000,000","1,293,000,000","971,000,000","677,000,000","695,000,000","662,000,000","505,000,000","522,000,000","563,000,000","524,000,000","497,000,000","468,000,000","577,000,000","768,000,000","601,000,000","824,000,000","755,000,000","887,000,000","723,000,000","638,000,000","340,000,000","1,007,000,000"
	PreferredStockDividends,"484,000,000","126,000,000","94,000,000","139,000,000","125,000,000","144,000,000","134,000,000","176,000,000","90,000,000","193,000,000","84,000,000","223,000,000","69,000,000","216,000,000","71,000,000","217,000,000","95,000,000","215,000,000","93,000,000","200,000,000","93,000,000","194,000,000","-6,000,000","188,000,000","-65,000,000","191,000,000","96,000,000","132,000,000","96,000,000","134,000,000","98,000,000","84,000,000","84,000,000","84,000,000","88,000,000","70,000,000","72,000,000","59,000,000","54,000,000","35,000,000","35,000,000","35,000,000","35,000,000","35,000,000","1,827,000,000","160,000,000","161,000,000","160,000,000","160,000,000","161,000,000","160,000,000","717,000,000","155,000,000","166,000,000","35,000,000","36,000,000","44,000,000","49,000,000","48,000,000","46,000,000","49,000,000","48,000,000","39,000,000","26,000,000","26,000,000","8,000,000","9,000,000",,,,,,,,,,,,,,,,,,,,,,,,,,
DilutedNIAvailtoComStockholders,"21,151,000,000","3,809,000,000","5,284,000,000","5,347,000,000","6,711,000,000","4,362,000,000","3,233,000,000","197,000,000","1,123,000,000","1,724,000,000","1,793,000,000","2,198,000,000","2,182,000,000","2,322,000,000","2,453,000,000","2,348,000,000","2,737,000,000","-2,143,000,000","2,035,000,000","1,631,000,000","2,162,000,000","2,153,000,000","2,100,000,000","1,634,000,000","1,200,000,000","574,000,000","1,330,000,000","916,000,000","2,748,000,000","2,032,000,000","2,143,000,000","1,953,000,000","1,949,000,000","2,248,000,000","1,429,000,000","1,861,000,000","2,188,000,000","2,833,000,000","1,458,000,000","927,000,000","2,074,000,000","978,000,000","-428,000,000","1,052,000,000","908,000,000","2,227,000,000","1,737,000,000","453,000,000","3,296,000,000","4,787,000,000","3,028,000,000","2,718,000,000","1,659,000,000","-2,287,000,000","810,000,000","2,051,000,000","1,467,000,000","3,166,000,000","2,806,000,000","2,287,000,000","3,148,000,000","3,104,000,000","1,555,000,000","2,286,000,000","2,453,000,000","1,624,000,000","1,608,000,000","865,000,000","1,512,000,000","1,194,000,000","879,000,000","1,187,000,000","1,293,000,000","971,000,000","677,000,000","695,000,000","662,000,000","505,000,000","522,000,000","563,000,000","524,000,000","497,000,000","468,000,000","577,000,000","768,000,000","601,000,000","824,000,000","755,000,000","887,000,000","723,000,000","638,000,000","340,000,000","1,007,000,000"
BasicEPS,,"10.96","15.14","15.22","18.8","12.23","9.77","6.29","3.12","4.74","4.83","5.86","5.73","6.11","6.35","6.04","7.02","-5.51","5.09","4","5.23","5.17","4.96","3.77","2.71","1.28","2.95","2.01","6.05","4.5","4.69","4.21","4.15","4.8","3.07","3.92","4.53","5.87","2.95","1.83","4.05","1.91","-0.84","1.96","1.66","4.1","3.19","0.82","6.02","9.01","5.74","5.27","3.48","-4.97","1.89","4.8","3.39",,"6.54","5.25","7.08",,"3.46","5.08","5.36",,"3.4","1.78","3.06",,"1.8","2.43","2.63",,"1.39","1.43","1.35",,"1.05","1.13","1.05",,"0.92","1.12","1.49",,"1.71","1.56","1.83",,"1.34","0.72","2.265"
DilutedEPS,,"10.81","14.93","15.02","18.6","12.08","9.68","6.26","3.11","4.69","4.79","5.81","5.71","6.04","6.28","5.98","6.95","-5.51","5.02","3.95","5.15","5.08","4.88","3.72","2.68","1.27","2.9","1.98","5.94","4.38","4.57","4.1","4.02","4.6","2.88","3.7","4.29","5.6","2.85","1.78","3.92","1.84","-0.84","1.85","1.56","3.79","2.98","0.78","5.59","8.2","5.25","4.93","3.39","-4.97","1.81","4.58","3.23",,"6.13","4.93","6.67",,"3.26","4.78","5.08",,"3.25","1.71","2.94",,"1.74","2.31","2.5",,"1.32","1.36","1.29",,"1","1.06","0.98",,"0.87","1.06","1.4",,"1.62","1.48","1.76",,"1.32","0.71","2.265"
BasicAverageShares,,"346,600,000","348,300,000","350,800,000","356,600,000","356,000,000","355,900,000","355,700,000","358,000,000","362,400,000","370,000,000","374,500,000","379,800,000","379,500,000","385,400,000","387,800,000","389,100,000","389,800,000","398,200,000","406,100,000","412,500,000","415,200,000","422,400,000","431,900,000","440,800,000","442,200,000","449,000,000","451,400,000","453,300,000","450,400,000","455,500,000","461,700,000","468,600,000","467,100,000","463,400,000","473,200,000","482,100,000","481,500,000","491,200,000","501,500,000","510,800,000","508,000,000","518,200,000","531,900,000","540,600,000","541,000,000","541,200,000","539,800,000","546,000,000","530,500,000","525,900,000","514,100,000","477,400,000","459,900,000","427,600,000","427,500,000","432,800,000",,"429,000,000","435,800,000","444,500,000",,"449,400,000","449,700,000","457,300,000",,"473,300,000","485,400,000","494,300,000",,"489,200,000","487,900,000","492,000,000",,"488,500,000","485,800,000","489,300,000",,"494,900,000","496,800,000","500,200,000",,"508,100,000","513,800,000","515,400,000",,"481,252,647","484,380,052","484,576,498",,"476,119,403","472,222,222","444,686,000"
DilutedAverageShares,,"352,300,000","353,900,000","356,000,000","360,900,000","361,000,000","359,900,000","359,100,000","361,100,000","367,300,000","374,300,000","378,000,000","382,400,000","384,300,000","390,500,000","392,600,000","393,800,000","389,800,000","405,700,000","413,300,000","420,100,000","423,500,000","430,200,000","439,200,000","447,400,000","451,900,000","458,600,000","461,600,000","462,900,000","463,400,000","469,200,000","475,900,000","484,600,000","488,700,000","496,400,000","503,500,000","509,800,000","505,600,000","510,900,000","520,300,000","529,200,000","531,800,000","518,200,000","569,500,000","583,000,000","587,500,000","582,700,000","580,400,000","590,000,000","584,000,000","576,900,000","551,000,000","489,200,000","459,900,000","448,300,000","447,400,000","453,500,000",,"457,400,000","464,100,000","471,900,000",,"477,400,000","478,300,000","483,300,000",,"494,200,000","506,200,000","515,100,000",,"505,000,000","513,500,000","517,100,000",,"511,700,000","510,200,000","512,000,000",,"520,400,000","531,000,000","534,400,000",,"539,700,000","545,800,000","548,600,000",,"508,894,645","510,262,727","505,387,044",,"483,333,333","478,873,239","444,686,000"
NetIncomeFromContinuingAndDiscontinuedOperation,"21,635,000,000","3,935,000,000","5,378,000,000","5,486,000,000","6,836,000,000","4,506,000,000","3,367,000,000","373,000,000","1,213,000,000","1,917,000,000","1,877,000,000","2,421,000,000","2,251,000,000","2,538,000,000","2,524,000,000","2,565,000,000","2,832,000,000","-1,928,000,000","2,128,000,000","1,831,000,000","2,255,000,000","2,347,000,000","2,094,000,000","1,822,000,000","1,135,000,000","765,000,000","1,426,000,000","1,048,000,000","2,844,000,000","2,166,000,000","2,241,000,000","2,037,000,000","2,033,000,000","2,332,000,000","1,517,000,000","1,931,000,000","2,260,000,000","2,892,000,000","1,512,000,000","962,000,000","2,109,000,000","1,013,000,000","-393,000,000","1,087,000,000","2,735,000,000","2,387,000,000","1,898,000,000","613,000,000","3,456,000,000","4,948,000,000","3,188,000,000","3,435,000,000","1,814,000,000","-2,121,000,000","845,000,000","2,087,000,000","1,511,000,000","3,215,000,000","2,854,000,000","2,333,000,000","3,197,000,000","3,152,000,000","1,594,000,000","2,312,000,000","2,479,000,000","1,632,000,000","1,617,000,000","865,000,000","1,512,000,000","1,194,000,000","879,000,000","1,187,000,000","1,293,000,000","971,000,000","677,000,000","695,000,000","662,000,000","505,000,000","522,000,000","563,000,000","524,000,000","497,000,000","468,000,000","577,000,000","768,000,000","601,000,000","824,000,000","755,000,000","887,000,000","723,000,000","638,000,000","340,000,000","1,007,000,000"
NormalizedIncome,"22,176,600,000","4,084,569,154.229","5,418,873,428.822","5,669,512,000","6,896,680,000","4,553,979,426.096","3,567,500,581.531","2,533,800,000","1,377,700,000","2,800,752,692.805","1,913,514,486.755","2,472,098,816.757","2,281,636,000","3,021,607,090.103","2,635,521,767.381","2,680,879,120.879","2,868,432,000","-1,926,200,000","2,140,870,967.742","1,847,055,001.993","2,378,432,000","2,450,635,560.789","2,127,585,774.059","1,915,208,282.582","1,190,440,000","2,174,398,320.896","1,715,939,393.939","1,928,417,149.479","2,980,647,000","2,166,000,000","2,241,000,000","2,037,000,000","2,033,000,000","2,332,000,000","1,517,000,000","1,931,000,000","2,260,000,000","2,892,000,000","1,512,000,000","962,000,000","2,109,000,000","-33,306,335.204","41,200,000","1,501,705,334.988","2,735,000,000","2,387,000,000","1,898,000,000","613,000,000","3,456,000,000","4,948,000,000","3,188,000,000","3,435,000,000","1,814,000,000","-2,121,000,000","845,000,000","2,087,000,000","1,511,000,000","3,215,000,000","2,854,000,000","2,333,000,000","3,197,000,000","3,152,000,000","1,594,000,000","2,312,000,000","2,479,000,000","1,632,000,000","1,617,000,000","865,000,000","1,512,000,000","1,194,000,000","879,000,000","1,187,000,000","1,293,000,000","971,000,000","677,000,000","695,000,000","662,000,000","505,000,000","522,000,000","563,000,000","524,000,000","497,000,000","468,000,000","577,000,000","768,000,000","601,000,000","824,000,000","755,000,000","887,000,000","723,000,000","638,000,000","340,000,000","1,007,000,000"
InterestIncome,"12,120,000,000","3,010,000,000","3,117,000,000","2,939,000,000","3,054,000,000","2,973,000,000","2,932,000,000","3,034,000,000","4,750,000,000","4,922,000,000","5,459,000,000","5,760,000,000","5,597,000,000","5,468,000,000","5,061,000,000","4,920,000,000","4,230,000,000","3,736,000,000","3,411,000,000","3,220,000,000","2,746,000,000","2,424,000,000","2,389,000,000","2,530,000,000","2,348,000,000","2,148,000,000","2,119,000,000","2,150,000,000","2,035,000,000","2,134,000,000","2,297,000,000","2,579,000,000","2,594,000,000","2,391,000,000","2,398,000,000","2,663,000,000","2,608,000,000","2,864,000,000","2,629,000,000","3,055,000,000","2,833,000,000","3,032,000,000","3,354,000,000","3,681,000,000","3,107,000,000","3,069,000,000","2,937,000,000","3,302,000,000","3,001,000,000","3,075,000,000","3,000,000,000","3,470,000,000","4,362,000,000","6,173,000,000","8,717,000,000","9,498,000,000","11,245,000,000","11,518,000,000","12,810,000,000","11,282,000,000","10,358,000,000","9,756,000,000","9,351,000,000","8,544,000,000","7,535,000,000","6,486,000,000","5,721,000,000","4,867,000,000","4,176,000,000","3,754,000,000","2,905,000,000","2,710,000,000","2,545,000,000","2,411,000,000","2,841,000,000","2,867,000,000","2,632,000,000","2,780,000,000","2,919,000,000","3,056,000,000","2,514,000,000","3,185,000,000","3,964,000,000","4,334,000,000","5,137,000,000","4,817,000,000","4,551,000,000","4,334,000,000","3,694,000,000","3,453,000,000","3,238,000,000","3,018,000,000","3,013,000,000"
InterestExpense,"5,650,000,000","1,215,000,000","1,553,000,000","1,310,000,000","1,572,000,000","1,563,000,000","1,848,000,000","2,090,000,000","3,437,000,000","3,857,000,000","4,451,000,000","4,689,000,000","4,379,000,000","4,477,000,000","4,205,000,000","3,918,000,000","3,312,000,000","2,838,000,000","2,681,000,000","2,432,000,000","2,230,000,000","2,088,000,000","1,775,000,000","1,776,000,000","1,465,000,000","1,448,000,000","1,277,000,000","1,487,000,000","1,176,000,000","1,173,000,000","1,248,000,000","1,579,000,000","1,557,000,000","1,590,000,000","1,558,000,000","1,837,000,000","1,683,000,000","1,891,000,000","1,793,000,000","1,965,000,000","1,852,000,000","1,967,000,000","1,998,000,000","2,268,000,000","1,749,000,000","1,731,000,000","1,809,000,000","1,683,000,000","1,583,000,000","1,307,000,000","1,310,000,000","1,428,000,000","2,455,000,000","5,260,000,000","7,582,000,000","8,221,000,000","10,294,000,000","10,793,000,000","11,469,000,000","10,169,000,000","9,550,000,000","8,719,000,000","8,395,000,000","7,761,000,000","6,813,000,000","5,742,000,000","4,940,000,000","4,022,000,000","3,449,000,000","2,821,000,000","2,156,000,000","2,038,000,000","1,873,000,000","1,771,000,000","1,922,000,000","2,000,000,000","1,907,000,000","2,160,000,000","2,223,000,000","2,383,000,000","2,102,000,000","2,691,000,000","3,699,000,000","4,168,000,000","4,769,000,000","4,574,000,000","4,324,000,000","4,041,000,000","3,471,000,000","3,239,000,000","3,032,000,000","2,886,000,000","2,861,000,000"
NetInterestIncome,"6,470,000,000","1,795,000,000","1,564,000,000","1,629,000,000","1,482,000,000","1,410,000,000","1,084,000,000","944,000,000","1,313,000,000","1,065,000,000","1,008,000,000","1,071,000,000","1,218,000,000","991,000,000","856,000,000","1,002,000,000","918,000,000","898,000,000","730,000,000","788,000,000","516,000,000","336,000,000","614,000,000","754,000,000","883,000,000","700,000,000","842,000,000","663,000,000","859,000,000","961,000,000","1,049,000,000","1,000,000,000","1,037,000,000","801,000,000","840,000,000","826,000,000","925,000,000","973,000,000","836,000,000","1,090,000,000","981,000,000","1,065,000,000","1,356,000,000","1,413,000,000","1,358,000,000","1,338,000,000","1,128,000,000","1,619,000,000","1,418,000,000","1,768,000,000","1,690,000,000","2,042,000,000","1,907,000,000","913,000,000","1,135,000,000","1,277,000,000","951,000,000","725,000,000","1,341,000,000","1,113,000,000","808,000,000","1,037,000,000","956,000,000","783,000,000","722,000,000","744,000,000","781,000,000","845,000,000","727,000,000","933,000,000","749,000,000","672,000,000","672,000,000","640,000,000","919,000,000","867,000,000","725,000,000","620,000,000","696,000,000","673,000,000","412,000,000","494,000,000","265,000,000","166,000,000","368,000,000","243,000,000","227,000,000","293,000,000","223,000,000","214,000,000","206,000,000","132,000,000","152,000,000"
ReconciledDepreciation,"2,015,000,000","488,000,000","509,000,000","520,000,000","498,000,000","498,000,000","468,000,000","499,000,000","437,000,000","464,000,000","473,000,000","399,000,000","368,000,000","377,000,000","317,000,000","335,000,000","299,000,000","350,000,000","280,000,000","265,000,000","257,000,000","267,000,000","247,000,000","245,000,000","239,000,000","285,000,000","222,000,000","265,000,000","219,000,000","352,000,000","301,000,000","294,000,000","390,000,000","474,000,000","280,000,000","266,000,000","302,000,000","500,000,000","396,000,000","409,000,000","433,000,000","514,000,000","389,000,000","372,000,000","594,000,000","731,000,000","358,000,000","440,000,000","375,000,000","394,000,000","373,000,000","527,000,000","649,000,000","579,000,000","392,000,000","311,000,000","343,000,000","331,000,000","283,000,000","281,000,000","272,000,000","266,000,000","251,000,000","259,000,000","219,000,000","216,000,000","210,000,000","230,000,000","198,000,000","157,000,000","148,000,000","152,000,000","167,000,000","337,000,000","170,000,000","185,000,000","189,000,000","199,000,000","192,000,000","185,000,000","168,000,000","242,000,000","226,000,000","209,000,000","196,000,000","164,000,000","119,000,000","102,000,000","101,000,000","108,000,000","71,000,000","61,000,000","97,000,000"
NetIncomeFromContinuingOperationNetMinorityInterest,"21,635,000,000","3,935,000,000","5,378,000,000","5,486,000,000","6,836,000,000","4,506,000,000","3,367,000,000","373,000,000","1,213,000,000","1,917,000,000","1,877,000,000","2,421,000,000","2,251,000,000","2,538,000,000","2,524,000,000","2,565,000,000","2,832,000,000","-1,928,000,000","2,128,000,000","1,831,000,000","2,255,000,000","2,347,000,000","2,094,000,000","1,822,000,000","1,135,000,000","765,000,000","1,426,000,000","1,048,000,000","2,844,000,000","2,166,000,000","2,241,000,000","2,037,000,000","2,033,000,000","2,332,000,000","1,517,000,000","1,931,000,000","2,260,000,000","2,892,000,000","1,512,000,000","962,000,000","2,109,000,000","1,013,000,000","-393,000,000","1,087,000,000","2,735,000,000","2,387,000,000","1,898,000,000","613,000,000","3,456,000,000","4,948,000,000","3,188,000,000","3,435,000,000","1,814,000,000","-2,121,000,000","845,000,000","2,087,000,000","1,511,000,000","3,215,000,000","2,854,000,000","2,333,000,000","3,197,000,000","3,152,000,000","1,594,000,000","2,312,000,000","2,479,000,000","1,632,000,000","1,617,000,000","865,000,000","1,512,000,000","1,194,000,000","879,000,000","1,187,000,000","1,293,000,000","971,000,000","677,000,000","695,000,000","662,000,000","505,000,000","522,000,000","563,000,000","524,000,000","497,000,000","468,000,000","577,000,000","768,000,000","601,000,000","824,000,000","755,000,000","887,000,000","723,000,000","638,000,000","340,000,000","1,007,000,000"
TotalUnusualItemsExcludingGoodwill,"-677,000,000","-191,000,000","-52,000,000","-226,000,000","-74,000,000","-59,000,000","-256,000,000","-2,960,000,000","-183,000,000","-1,070,000,000","-47,000,000","-66,000,000","-37,000,000","-516,000,000","-136,000,000","-148,000,000","-44,000,000","-3,000,000","-18,000,000","-22,000,000","-139,000,000","-150,000,000","-46,000,000","-126,000,000","-77,000,000","-1,975,000,000","-416,000,000","-1,450,000,000","-189,000,000","-161,000,000",,,,"-561,000,000",,,,"240,000,000",,,,"1,288,000,000","-668,000,000","-615,000,000",,"-324,000,000",,,,"-30,000,000",,,,"-275,000,000",,,,,,,,,,,,,,,,,,,,,,,,,,,,,,,,,,,,,,,
TotalUnusualItems,"-677,000,000","-191,000,000","-52,000,000","-226,000,000","-74,000,000","-59,000,000","-256,000,000","-2,960,000,000","-183,000,000","-1,070,000,000","-47,000,000","-66,000,000","-37,000,000","-516,000,000","-136,000,000","-148,000,000","-44,000,000","-3,000,000","-18,000,000","-22,000,000","-139,000,000","-150,000,000","-46,000,000","-126,000,000","-77,000,000","-1,975,000,000","-416,000,000","-1,450,000,000","-189,000,000","-161,000,000",,,,"-561,000,000",,,,"240,000,000",,,,"1,288,000,000","-668,000,000","-615,000,000",,"-324,000,000",,,,"-30,000,000",,,,"-275,000,000",,,,,,,,,,,,,,,,,,,,,,,,,,,,,,,,,,,,,,,
TaxRateForCalcs,"0.2","0.217","0.214","0.188","0.18","0.187","0.217","0.27","0.1","0.174","0.223","0.226","0.172","0.063","0.18","0.217","0.172","0.4","0.285","0.27","0.112","0.309","0.27","0.26","0.28","0.286","0.303","0.393","0.277","0.325","0.322","0.278","0.327","0.343","0.3","0.27","0.33","0.329","0.342","0.32","0.337","0.188","0.35","0.326","0.323","0.313","0.325","0.35","0.33","0.329","0.335","0.317","0.31","0.35","0.12","0.263","0.295","0.364","0.33","0.32","0.342","0.368","0.325","0.344","0.328","0.342","0.328","0.305","0.295","0.303","0.32","0.318","0.33","0.311","0.309","0.33","0.35","0.298","0.343","0.375","0.375","0.314","0.39","0.39","0.39","0.34","0.4","0.4","0.4","0.4","0.4","0.4","0.152"
TaxEffectOfUnusualItems,"-135,400,000","-41,430,845.771","-11,126,571.178","-42,488,000","-13,320,000","-11,020,573.904","-55,499,418.469","-799,200,000","-18,300,000","-186,247,307.195","-10,485,513.245","-14,901,183.243","-6,364,000","-32,392,909.897","-24,478,232.619","-32,120,879.121","-7,568,000","-1,200,000","-5,129,032.258","-5,944,998.007","-15,568,000","-46,364,439.211","-12,414,225.941","-32,791,717.418","-21,560,000","-565,601,679.104","-126,060,606.061","-569,582,850.521","-52,353,000","0","0","0","0","0","0","0","0","0","0","0","0","241,693,664.796","-233,800,000","-200,294,665.012","0","0","0","0","0","0","0","0","0","0","0","0","0","0","0","0","0","0","0","0","0","0","0","0","0","0","0","0","0","0","0","0","0","0","0","0","0","0","0","0","0","0","0","0","0","0","0","0","0"