name,ttm,12/31/2021,09/30/2021,06/30/2021,03/31/2021,12/31/2020,09/30/2020,06/30/2020,03/31/2020,12/31/2019,09/30/2019,06/30/2019,03/31/2019,12/31/2018,09/30/2018,06/30/2018,03/31/2018,12/31/2017,09/30/2017,06/30/2017,03/31/2017,12/31/2016,09/30/2016,06/30/2016,03/31/2016,12/31/2015,09/30/2015,06/30/2015,03/31/2015,12/31/2014,09/30/2014,06/30/2014,03/31/2014,12/31/2013,09/30/2013,06/30/2013,03/31/2013,12/31/2012,09/30/2012,06/30/2012,03/31/2012,12/31/2011,09/30/2011,06/30/2011,03/31/2011,12/31/2010,09/30/2010,06/30/2010,03/31/2010,12/31/2009,09/30/2009,06/30/2009,03/31/2009,12/31/2008,09/30/2008,06/30/2008,03/31/2008,12/31/2007,09/30/2007,06/30/2007,03/31/2007,12/31/2006,09/30/2006,06/30/2006,03/31/2006,12/31/2005,09/30/2005,06/30/2005,03/31/2005,12/31/2004,09/30/2004,06/30/2004,03/31/2004,12/31/2003,09/30/2003,06/30/2003,03/31/2003,12/31/2002,09/30/2002,06/30/2002,03/31/2002,12/31/2001,09/30/2001,06/30/2001,03/31/2001,12/31/2000,09/30/2000,06/30/2000,03/31/2000,12/31/1999,09/30/1999,06/30/1999,03/31/1999,12/31/1998,09/30/1998,06/30/1998,03/31/1998,12/31/1997,09/30/1997,06/30/1997,03/31/1997,12/31/1996,09/30/1996,06/30/1996,03/31/1996,12/31/1995,09/30/1995,06/30/1995,03/31/1995,12/31/1994,09/30/1994,06/30/1994,03/31/1994,12/31/1993,09/30/1993,06/30/1993,03/31/1993,12/31/1992,09/30/1992,06/30/1992,03/31/1992,12/31/1991,09/30/1991,06/30/1991,03/31/1991,12/31/1990,09/30/1990,06/30/1990,03/31/1990,12/31/1989,09/30/1989,06/30/1989,03/31/1989,12/31/1988,09/30/1988,06/30/1988,03/31/1988,12/31/1987,09/30/1987,06/30/1987,03/31/1987,12/31/1986,09/30/1986,06/30/1986,03/31/1986,12/31/1985,09/30/1985
TotalRevenue,"13,022,000,000","3,359,000,000","3,372,000,000","3,207,000,000","3,084,000,000","2,941,000,000","3,018,000,000","2,837,000,000","3,001,000,000","2,847,000,000","2,947,000,000","2,893,000,000","2,799,000,000","2,762,958,000","2,831,429,000","2,860,212,000","2,766,401,000","2,632,461,000","2,635,999,000","2,615,269,000","2,541,129,000","2,470,710,000","2,596,288,000","2,563,668,000","2,506,538,000","2,478,258,000","2,532,900,000","2,522,565,000","2,439,661,000","2,510,959,000","2,562,263,000","2,506,104,000","2,385,627,000","2,377,232,000","2,398,530,000","2,381,561,000","2,280,435,000","2,226,120,000","2,281,205,000","2,249,275,000","2,193,445,000","2,076,904,000","2,114,647,000","2,003,022,000","1,883,612,000","1,826,696,000","1,899,412,000","1,783,696,000","1,672,354,000","1,633,815,000","1,589,665,000","1,533,263,000","1,465,248,000","1,592,655,000","1,839,475,000","1,756,856,000","1,661,046,000","1,611,753,000","1,658,592,000","1,601,011,000","1,546,658,000","1,462,158,000","1,519,499,000","1,482,880,000","1,419,117,000","1,390,606,000","1,428,342,000","1,372,808,000","1,334,880,000","1,264,955,000","1,301,057,000","1,255,974,000","1,227,799,000","1,154,415,000","1,200,669,000","1,172,661,000","1,139,269,000","1,120,441,000","1,203,400,000","1,194,792,000","1,125,265,000","1,110,499,000","1,199,358,000","1,225,040,000","1,219,420,000","1,298,098,000","1,241,730,000","1,242,022,000","1,195,194,000","1,121,500,000","1,175,400,000","1,146,200,000","1,090,800,000","1,045,200,000","1,120,000,000","1,119,000,000","1,057,100,000","1,032,900,000","1,066,900,000","1,051,200,000","985,600,000","904,100,000","901,900,000","888,600,000","842,600,000","806,600,000","850,000,000","813,500,000","806,800,000","768,900,000","779,300,000","768,600,000","706,400,000","663,000,000","698,800,000","660,400,000","606,200,000","598,600,000","627,200,000","606,300,000","532,300,000","519,700,000","541,200,000","540,300,000","475,900,000","488,600,000","503,500,000","495,700,000","447,400,000","448,600,000","438,400,000","446,900,000","393,600,000","384,600,000","408,100,000","395,900,000","346,900,000","337,700,000","351,100,000","345,300,000","286,800,000","295,400,000","305,100,000","298,500,000","260,600,000","248,500,000","286,600,000"
	OperatingRevenue,"13,022,000,000","3,359,000,000","3,372,000,000","3,207,000,000","3,084,000,000","2,941,000,000","3,018,000,000","2,837,000,000","3,001,000,000","2,847,000,000","2,947,000,000","2,893,000,000","2,799,000,000","2,762,958,000","2,831,429,000","2,860,212,000","2,766,401,000","2,632,461,000","2,635,999,000","2,615,269,000","2,541,129,000","2,470,710,000","2,596,288,000","2,563,668,000","2,506,538,000","2,478,258,000","2,532,900,000","2,522,565,000","2,439,661,000","2,510,959,000","2,562,263,000","2,506,104,000","2,385,627,000","2,377,232,000","2,398,530,000","2,381,561,000","2,280,435,000","2,226,120,000","2,281,205,000","2,249,275,000","2,193,445,000","2,076,904,000","2,114,647,000","2,003,022,000","1,883,612,000","1,826,696,000","1,899,412,000","1,783,696,000","1,672,354,000","1,633,815,000","1,589,665,000","1,533,263,000","1,465,248,000","1,592,655,000","1,839,475,000","1,756,856,000","1,661,046,000","1,611,753,000","1,658,592,000","1,601,011,000","1,546,658,000","1,462,158,000","1,519,499,000","1,482,880,000","1,419,117,000","1,390,606,000","1,428,342,000","1,372,808,000","1,334,880,000","1,264,955,000","1,301,057,000","1,255,974,000","1,227,799,000","1,154,415,000","1,200,669,000","1,172,661,000","1,139,269,000","1,120,441,000","1,203,400,000","1,194,792,000","1,125,265,000","1,110,499,000","1,199,358,000","1,225,040,000","1,219,420,000","1,298,098,000","1,241,730,000","1,242,022,000","1,195,194,000","1,121,500,000","1,175,400,000","1,146,200,000","1,090,800,000","1,045,200,000","1,120,000,000","1,119,000,000","1,057,100,000","1,032,900,000","1,066,900,000","1,051,200,000","985,600,000","904,100,000","901,900,000","888,600,000","842,600,000","806,600,000","850,000,000","813,500,000","806,800,000","768,900,000","779,300,000","768,600,000","706,400,000","663,000,000","698,800,000","660,400,000","606,200,000","598,600,000","627,200,000","606,300,000","532,300,000","519,700,000","541,200,000","540,300,000","475,900,000","488,600,000","503,500,000","495,700,000","447,400,000","448,600,000","438,400,000","446,900,000","393,600,000","384,600,000","408,100,000","395,900,000","346,900,000","337,700,000","351,100,000","345,300,000","286,800,000","295,400,000","305,100,000","298,500,000","260,600,000","248,500,000","286,600,000"
CostOfRevenue,"8,302,000,000","2,106,000,000","2,122,000,000","2,083,000,000","1,991,000,000","1,914,000,000","1,944,000,000","1,821,000,000","1,880,000,000","1,765,000,000","1,848,000,000","1,772,000,000","1,704,000,000","1,696,893,000","1,752,194,000","1,749,271,000","1,674,642,000","1,611,232,000","1,618,819,000","1,575,313,000","1,521,937,000","1,481,018,000","1,556,536,000","1,523,609,000","1,461,485,000","1,475,883,000","1,471,021,000","1,449,133,000","1,345,918,000","1,456,158,000","1,459,479,000","1,425,418,000","1,309,656,000","1,370,835,000","1,347,164,000","1,334,577,000","1,248,699,000","1,256,595,000","1,287,245,000","1,270,932,000","1,219,113,000","1,171,119,000","1,201,648,000","1,140,628,000","1,053,998,000","1,063,564,000","1,109,688,000","1,036,610,000","966,612,000","949,617,000","929,720,000","908,295,000","835,833,000","912,592,000","1,097,127,000","1,050,979,000","981,112,000","940,272,000","999,003,000","960,546,000","914,570,000","860,727,000","920,412,000","899,575,000","848,790,000","803,232,000","880,180,000","845,679,000","836,004,000","744,878,000","821,774,000","796,147,000","780,334,000","728,405,000","786,530,000","768,589,000","745,413,000","707,380,000","800,840,000","795,230,000","742,236,000","706,890,000","803,507,000","830,124,000","824,509,000","992,109,000","767,409,000","780,601,000","744,695,000","686,900,000","726,800,000","705,600,000","663,800,000","626,200,000","693,700,000","692,600,000","652,200,000","616,800,000","674,300,000","660,200,000","611,400,000","547,500,000","565,200,000","560,600,000","522,400,000","487,900,000","532,500,000","508,300,000","496,000,000","467,900,000","492,600,000","482,000,000","433,500,000","397,000,000","431,900,000","403,300,000","367,400,000","345,100,000","399,900,000","378,100,000","336,900,000","322,900,000","346,700,000","345,900,000","300,100,000","299,900,000","324,800,000","319,500,000","281,800,000","278,600,000","281,700,000","286,300,000",,,,,,,,,,,,,,,
GrossProfit,"4,720,000,000","1,253,000,000","1,250,000,000","1,124,000,000","1,093,000,000","1,027,000,000","1,074,000,000","1,016,000,000","1,121,000,000","1,082,000,000","1,099,000,000","1,121,000,000","1,095,000,000","1,066,065,000","1,079,235,000","1,110,941,000","1,091,759,000","1,021,229,000","1,017,180,000","1,039,956,000","1,019,192,000","989,692,000","1,039,752,000","1,040,059,000","1,045,053,000","1,002,375,000","1,061,879,000","1,073,432,000","1,093,743,000","1,054,801,000","1,102,784,000","1,080,686,000","1,075,971,000","1,006,397,000","1,051,366,000","1,046,984,000","1,031,736,000","969,525,000","993,960,000","978,343,000","974,332,000","905,785,000","912,999,000","862,394,000","829,614,000","763,132,000","789,724,000","747,086,000","705,742,000","684,198,000","659,945,000","624,968,000","629,415,000","680,063,000","742,348,000","705,877,000","679,934,000","671,481,000","659,589,000","640,465,000","632,088,000","601,431,000","599,087,000","583,305,000","570,327,000","587,374,000","548,162,000","527,129,000","498,876,000","520,077,000","479,283,000","459,827,000","447,465,000","426,010,000","414,139,000","404,072,000","393,856,000","413,061,000","402,560,000","399,562,000","383,029,000","403,609,000","395,851,000","394,916,000","394,911,000","305,989,000","474,321,000","461,421,000","450,499,000","434,600,000","448,600,000","440,600,000","427,000,000","419,000,000","426,300,000","426,400,000","404,900,000","416,100,000","392,600,000","391,000,000","374,200,000","356,600,000","336,700,000","328,000,000","320,200,000","318,700,000","317,500,000","305,200,000","310,800,000","301,000,000","286,700,000","286,600,000","272,900,000","266,000,000","266,900,000","257,100,000","238,800,000","253,500,000","227,300,000","228,200,000","195,400,000","196,800,000","194,500,000","194,400,000","175,800,000","188,700,000","178,700,000","176,200,000","165,600,000","170,000,000","156,700,000","160,600,000",,,,,,,,,,,,,,,
OperatingExpense,"3,173,000,000","836,000,000","812,000,000","790,000,000","735,000,000","752,000,000","694,000,000","811,000,000","962,000,000","901,000,000","761,000,000","741,000,000","732,000,000","776,003,000","890,113,000","766,955,000","756,929,000","781,290,000","736,010,000","807,891,000","723,704,000","815,464,000","717,165,000","734,470,000","727,961,000","750,749,000","721,150,000","716,715,000","742,496,000","788,287,000","717,271,000","739,935,000","721,632,000","749,634,000","704,651,000","696,912,000","688,431,000","711,087,000","739,634,000","664,343,000","669,971,000","684,292,000","609,959,000","597,112,000","567,000,000","551,730,000","538,451,000","532,171,000","522,857,000","518,837,000","473,225,000","471,039,000","470,201,000","499,506,000","510,891,000","521,042,000","494,111,000","504,320,000","485,257,000","473,890,000","469,503,000","453,634,000","447,774,000","438,761,000","435,910,000","439,622,000","412,567,000","400,163,000","390,200,000","395,856,000","371,839,000","352,936,000","346,717,000","317,821,000","319,818,000","311,292,000","302,449,000","306,259,000","302,370,000","305,298,000","293,069,000","298,720,000","300,474,000","301,228,000","311,222,000","210,125,000","382,743,000","388,520,000","375,722,000","381,400,000","368,300,000","353,100,000","330,800,000","305,600,000","330,100,000","325,600,000","307,400,000","308,800,000","296,800,000","293,000,000","282,200,000","263,300,000","250,800,000","245,600,000","236,300,000","232,100,000","233,400,000","237,900,000","232,600,000","230,900,000","213,500,000","215,400,000","202,600,000","196,400,000","199,700,000","197,700,000","182,800,000","193,600,000","165,400,000","167,500,000","149,500,000","141,500,000","144,000,000","141,100,000","130,700,000","134,200,000","128,100,000","124,000,000","119,200,000","116,800,000","110,100,000","111,700,000",,,,,,,,,,,,,,,
	SellingGeneralAndAdministration,"3,173,000,000","836,000,000","812,000,000","790,000,000","735,000,000","752,000,000","694,000,000","811,000,000","962,000,000","901,000,000","761,000,000","741,000,000","732,000,000","776,003,000","890,113,000","766,955,000","756,929,000","781,290,000","736,010,000","807,891,000","723,704,000","815,464,000","717,165,000","734,470,000","727,961,000","750,749,000","721,150,000","716,715,000","742,496,000","788,287,000","717,271,000","739,935,000","721,632,000","749,634,000","704,651,000","696,912,000","688,431,000","711,087,000","739,634,000","664,343,000","669,971,000","684,292,000","609,959,000","597,112,000","567,000,000","551,730,000","538,451,000","532,171,000","522,857,000","518,837,000","473,225,000","471,039,000","470,201,000","499,506,000","510,891,000","521,042,000","494,111,000","504,320,000","485,257,000","473,890,000","469,503,000","453,634,000","447,774,000","438,761,000","435,910,000","439,622,000","412,567,000","400,163,000","390,200,000","395,856,000","371,839,000","352,936,000","346,717,000","317,821,000","319,818,000","311,292,000","302,449,000","306,259,000","302,370,000","305,298,000","293,069,000","298,720,000","300,474,000","301,228,000","311,222,000","185,848,000","356,037,000","361,562,000","346,770,000","357,900,000","342,400,000","328,500,000","306,600,000","291,900,000","309,100,000","301,200,000","287,600,000","289,500,000","277,300,000","273,000,000","261,300,000","244,300,000","233,700,000","227,200,000","216,500,000","215,600,000","216,900,000","219,100,000","213,500,000","203,800,000","200,300,000","197,600,000","185,400,000","183,800,000","184,200,000","182,300,000","172,400,000","170,800,000","165,400,000","154,400,000","140,600,000","133,500,000","136,300,000","132,900,000","121,600,000","127,200,000","119,600,000","115,200,000","110,400,000","109,400,000","102,000,000","102,800,000",,,,,,,,,,,,,,,
	DepreciationAmortizationDepletionIncomeStatement,,,,,,,,,,,,,,,,,,,,,,,,,,,,,,,,,,,,,,,,,,,,,,,,,,,,,,,,,,,,,,,,,,,,,,,,,,,,,,,,,,,,,,"24,277,000","26,706,000","26,958,000","28,952,000","23,500,000","25,900,000","24,600,000","24,200,000","13,700,000","21,000,000","24,400,000","19,800,000","19,300,000","19,500,000","20,000,000","20,900,000","19,000,000","17,100,000","18,400,000","19,800,000","16,500,000","16,500,000","18,800,000","19,100,000","27,100,000","13,200,000","17,800,000","17,200,000","12,600,000","15,500,000","15,400,000","10,400,000","22,800,000",,"13,100,000","8,900,000","8,000,000","7,700,000","8,200,000","9,100,000","7,000,000","8,500,000","8,800,000","8,800,000","7,400,000","8,100,000","8,900,000",,,,,,,,,,,,,,,
		DepreciationAndAmortizationInIncomeStatement,,,,,,,,,,,,,,,,,,,,,,,,,,,,,,,,,,,,,,,,,,,,,,,,,,,,,,,,,,,,,,,,,,,,,,,,,,,,,,,,,,,,,,"24,277,000","26,706,000","26,958,000","28,952,000","23,500,000","25,900,000","24,600,000","24,200,000","13,700,000","21,000,000","24,400,000","19,800,000","19,300,000","19,500,000","20,000,000","20,900,000","19,000,000","17,100,000","18,400,000","19,800,000","16,500,000","16,500,000","18,800,000","19,100,000","27,100,000","13,200,000","17,800,000","17,200,000","12,600,000","15,500,000","15,400,000","10,400,000","22,800,000",,"13,100,000","8,900,000","8,000,000","7,700,000","8,200,000","9,100,000","7,000,000","8,500,000","8,800,000","8,800,000","7,400,000","8,100,000","8,900,000",,,,,,,,,,,,,,,
OperatingIncome,"1,547,000,000","417,000,000","438,000,000","334,000,000","358,000,000","275,000,000","380,000,000","205,000,000","159,000,000","181,000,000","338,000,000","380,000,000","363,000,000","290,062,000","189,122,000","343,986,000","334,830,000","239,939,000","281,170,000","232,065,000","295,488,000","174,228,000","322,587,000","305,589,000","317,092,000","251,626,000","340,729,000","356,717,000","351,247,000","266,514,000","385,513,000","340,751,000","354,339,000","256,763,000","346,715,000","350,072,000","343,305,000","258,438,000","254,326,000","314,000,000","304,361,000","221,493,000","303,040,000","265,282,000","262,614,000","211,402,000","251,273,000","214,915,000","182,885,000","165,361,000","186,720,000","153,929,000","159,214,000","180,557,000","231,457,000","184,835,000","185,823,000","167,161,000","174,332,000","166,575,000","162,585,000","147,797,000","151,313,000","144,544,000","134,417,000","147,752,000","135,595,000","126,966,000","108,676,000","124,221,000","107,444,000","106,891,000","100,748,000","108,189,000","94,321,000","92,780,000","91,407,000","106,802,000","100,190,000","94,264,000","89,960,000","104,889,000","95,377,000","93,688,000","83,689,000","95,864,000","91,578,000","72,901,000","74,777,000","53,200,000","80,300,000","87,500,000","96,200,000","113,400,000","96,200,000","100,800,000","97,500,000","107,300,000","95,800,000","98,000,000","92,000,000","93,300,000","85,900,000","82,400,000","83,900,000","86,600,000","84,100,000","67,300,000","78,200,000","70,100,000","73,200,000","71,200,000","70,300,000","69,600,000","67,200,000","59,400,000","56,000,000","59,900,000","61,900,000","60,700,000","45,900,000","55,300,000","50,500,000","53,300,000","45,100,000","54,500,000","50,600,000","52,200,000","46,400,000","53,200,000","46,600,000","48,900,000","393,600,000","-973,100,000","408,100,000","395,900,000","346,900,000","-825,800,000","351,100,000","345,300,000","286,800,000","-734,900,000","305,100,000","298,500,000","260,600,000","-712,100,000","286,600,000"
NetNonOperatingInterestIncomeExpense,"-87,000,000","-22,000,000","-22,000,000","-22,000,000","-21,000,000","-21,000,000","-23,000,000","-28,000,000","-21,000,000","-19,000,000","-20,000,000","-21,000,000","-19,000,000","-15,703,000","-20,350,000","-21,910,000","-24,037,000","-20,604,000","-21,058,000","-19,440,000","-16,786,000","-17,533,000","-17,877,000","-16,644,000","-13,560,000","-13,620,000","-13,435,000","-3,907,000","-1,444,000","-1,712,000","-1,747,000","-2,344,000","-2,223,000","-2,405,000","-2,912,000","-2,405,000","-2,268,000","-4,604,000","-4,044,000","-2,308,000","-2,462,000","-2,146,000","-2,026,000","-1,453,000","-1,398,000","-1,613,000","-1,630,000","-1,940,000","-1,789,000","-1,722,000","-1,824,000","-2,045,000","-1,817,000",,,,,,,,,,,,,,,,,,,,,,,,,,,,,,,,,,,,,,,,,,,,,,,,,,,,,,,,,,,,,,,,,,,,,,,,,,,,,,,,,,,,,,,,,,,,,,
	InterestIncomeNonOperating,,,,,,,,,,,"1,000,000","1,000,000","2,000,000","2,355,000","2,003,000","1,014,000","628,000","1,205,000","707,000","465,000","193,000","243,000","147,000","162,000","165,000","232,000","464,000","277,000","192,000","384,000","630,000","413,000","640,000","718,000","822,000","796,000","898,000","756,000","707,000","602,000","595,000","508,000","553,000","527,000","480,000","370,000","324,000","280,000","241,000","310,000","374,000","273,000","401,000",,,,,,,,,,,,,,,,,,,,,,,,,,,,,,,,,,,,,,,,,,,,,,,,,,,,,,,,,,,,,,,,,,,,,,,,,,,,,,,,,,,,,,,,,,,,,,
	InterestExpenseNonOperating,"87,000,000","22,000,000","22,000,000","22,000,000","21,000,000","21,000,000","23,000,000","28,000,000","21,000,000","15,000,000","21,000,000","22,000,000","21,000,000","18,058,000","22,353,000","22,924,000","24,665,000","21,809,000","21,765,000","19,905,000","16,979,000","17,776,000","18,024,000","16,806,000","13,725,000","13,852,000","13,899,000","4,184,000","1,636,000","2,096,000","2,377,000","2,757,000","2,863,000","3,123,000","3,734,000","3,201,000","3,166,000","5,360,000","4,751,000","2,910,000","3,057,000","2,654,000","2,579,000","1,980,000","1,878,000","1,983,000","1,954,000","2,220,000","2,030,000","2,032,000","2,198,000","2,318,000","2,218,000",,,,,,,,,,,,,,,,,,,,,,,,,,,,,,,,,,,,,,,,,,,,,,,,,,,,,,,,,,,,,,,,,,,,,,,,,,,,,,,,,,,,,,,,,,,,,,
	TotalOtherFinanceCost,,,,,,,,,,"19,000,000",,,,,,,,,,,,,,,,,,,,,,,,,,,,,,,,,,,,,,,,,,,,,,,,,,,,,,,,,,,,,,,,,,,,,,,,,,,,,,,,,,,,,,,,,,,,,,,,,,,,,,,,,,,,,,,,,,,,,,,,,,,,,,,,,,,,,,,,,
OtherIncomeExpense,"25,000,000","6,000,000","6,000,000","7,000,000","6,000,000","5,000,000","5,000,000","7,000,000","4,000,000","8,000,000","4,000,000","7,000,000","7,000,000","5,270,000","2,245,000","1,284,000","-3,799,000","-11,878,000","-10,114,000","-5,429,000","-8,029,000","-11,386,000","-11,525,000","-5,965,000","-5,948,000","-3,073,000","-7,847,000","-4,124,000","-2,164,000","-3,089,000","-1,131,000","18,000","-503,000","-63,000","58,000","-147,000","887,000","-7,000","438,000","-963,000","614,000","6,731,000","-555,000","-3,000","-52,000","359,000","201,000","-179,000","-26,000","184,000","48,524,000","-258,000","1,071,000","-3,442,000","24,000","2,074,000","1,306,000","1,757,000","429,000","180,000","-309,000","447,000","405,000","3,446,000","1,084,000","-3,025,000","975,000","53,000","4,663,000","2,011,000","870,000","420,000","546,000","-3,354,000","1,217,000","1,899,000","-2,701,000","-664,000","1,351,000","-1,809,000","9,333,000","551,000","475,000","-68,114,000","-5,428,000","-6,258,000","-1,639,000","26,793,000","91,000","-600,000","1,400,000","400,000",,"-700,000","-400,000","400,000","200,000","200,000","500,000","200,000","1,000,000","2,000,000","1,700,000","700,000","100,000","400,000","-400,000","-200,000","300,000","-53,400,000","-700,000","400,000","-300,000","-900,000",,"-300,000","900,000","-100,000","-100,000","300,000","1,000,000","2,000,000","1,400,000","1,500,000","2,000,000","2,400,000","1,600,000","800,000","1,600,000","1,200,000","1,000,000","1,100,000",,,,,,,,,,,,,,,
	EarningsFromEquityInterest,,,,,,,,,,,,,"0","-729,000","-3,731,000","-3,043,000","-11,497,000","-12,641,000","-10,635,000","-6,121,000","-8,374,000","-9,046,000","-10,333,000","-5,427,000","-6,388,000","-1,467,000","-5,972,000","-4,302,000",,,,,,,,,,"0",,,,"53,000","129,000","32,000","100,000","75,000","-6,000","-171,000","-80,000","136,000","578,000","707,000","76,000","807,000","755,000","1,343,000","737,000","1,663,000","470,000","225,000","-342,000","411,000","480,000","862,000","1,207,000","688,000","811,000","890,000","420,000","693,000","505,000","143,000","-345,000","-408,000","-56,000","-769,000","-1,055,000","-985,000","-779,000","-541,000",,"-853,000","-339,000","-21,497,000",,,,,,,,,,,,,,,,,,,,,,,,,,,,,,,,,,,,,,,,,,,,,,,,,,,,,,,,,,,,,,,
	SpecialIncomeCharges,,,,,,,,,,,,,,,,,,,,,,,,,,,,,,,,,,,,,,,"438,000","-963,000","614,000","6,678,000","-684,000","-35,000","-152,000","284,000","207,000","-8,000","-26,000","48,000","47,946,000","-965,000","995,000","-4,249,000","-731,000","731,000","569,000","94,000","-41,000","-45,000","33,000","36,000","-75,000","2,584,000","-123,000","-3,713,000","164,000","-837,000","4,243,000","1,318,000","365,000","277,000","891,000","-2,946,000","1,273,000","2,668,000","-1,646,000","321,000","2,130,000","-1,268,000","9,333,000","1,404,000","814,000","-46,617,000","-5,428,000","-6,258,000","-1,639,000","26,793,000","91,000","-600,000","1,400,000","400,000",,"-700,000","-400,000","400,000","200,000","200,000","500,000","200,000","1,000,000","2,000,000","1,700,000","700,000","100,000","400,000","-400,000","-200,000","300,000","-53,400,000","-700,000","400,000","-300,000","-900,000",,"-300,000","900,000","-100,000","-100,000","300,000","1,000,000","2,000,000","1,400,000","1,500,000","2,000,000","2,400,000","1,600,000","800,000","1,600,000","1,200,000","1,000,000","1,100,000",,,,,,,,,,,,,,,
		RestructuringAndMergernAcquisition,,,,,,,,,,,,,,,,,,,,,,,,,,,,,,,,,,,,,,,,,,,,,,,,,,,,,,,,,,,,,,,,,,,,,,,,,,,,,,,,,,"-930,000",,"40,000,000",,,,,,,,,,,,,,,,,,,,,,,,,,,,,,,,,,,,,,,,,,,,,,,,,,,,,,,,,,,,,,,
		OtherSpecialCharges,,,,,,,,,,,,,,,,,,,,,,,,,,,,,,,,,,,,,,,,,,,,,,,"-207,000",,,,,,,,,,,,,,,,,,,,,,,,,,,,,,,,,,,"-474,000",,"6,617,000",,,,,,,,,,,,,,,,,,,,,,,,,,,,,,,,,,,,,,,,,,,,,,,,,,,,,,,,,,,,,,,
	OtherNonOperatingIncomeExpenses,"25,000,000","6,000,000","6,000,000","7,000,000","6,000,000","5,000,000","5,000,000","7,000,000","4,000,000","8,000,000","4,000,000","7,000,000","7,000,000","5,999,000","5,976,000","4,327,000","7,698,000","763,000","521,000","692,000","345,000","-2,340,000","-1,192,000","-538,000","440,000","-1,606,000","-1,875,000","178,000","-2,164,000","-3,089,000","-1,131,000","18,000","-503,000","-63,000","58,000","-147,000","887,000","-7,000",,,,,,,,,,,,,,,,,,,,,,,,,,,,,,,,,,,,,,,,,,,,,,,,,,,,,,,,,,,,,,,,,,,,,,,,,,,,,,,,,,,,,,,,,,,,,,,,,,,,,,,,,,,,,
PretaxIncome,"1,485,000,000","401,000,000","422,000,000","319,000,000","343,000,000","259,000,000","362,000,000","184,000,000","142,000,000","170,000,000","322,000,000","366,000,000","351,000,000","279,629,000","171,017,000","323,360,000","306,994,000","207,457,000","249,998,000","207,196,000","270,673,000","145,309,000","293,185,000","282,980,000","297,584,000","234,933,000","319,447,000","348,686,000","347,639,000","261,713,000","382,635,000","338,425,000","351,613,000","254,295,000","343,861,000","347,520,000","341,924,000","253,827,000","250,720,000","310,729,000","302,513,000","226,078,000","300,459,000","263,826,000","261,164,000","210,148,000","249,844,000","212,796,000","180,990,000","163,823,000","233,420,000","151,626,000","158,468,000","173,648,000","228,690,000","184,380,000","186,500,000","168,704,000","177,184,000","170,252,000","165,721,000","152,983,000","156,804,000","152,869,000","140,367,000","149,015,000","139,380,000","128,983,000","115,296,000","127,797,000","108,866,000","107,363,000","101,113,000","104,449,000","94,763,000","93,834,000","88,044,000","105,844,000","101,290,000","91,965,000","98,738,000","104,917,000","94,396,000","23,162,000","74,805,000","84,800,000","83,983,000","93,549,000","69,263,000","47,200,000","76,900,000","85,000,000","94,600,000","110,900,000","94,300,000","99,600,000","96,100,000","106,200,000","94,900,000","96,800,000","91,800,000","94,900,000","87,400,000","82,800,000","83,800,000","85,600,000","82,100,000","66,000,000","78,400,000","16,200,000","72,100,000","70,900,000","69,500,000","68,100,000","66,800,000","58,600,000","56,500,000","59,300,000","61,400,000","60,100,000","46,400,000","56,900,000","51,500,000","54,400,000","46,500,000","56,400,000","51,800,000","52,800,000","47,500,000","53,900,000","47,400,000","49,900,000",,,,,,,,,,,,,,,
TaxProvision,"371,000,000","100,000,000","107,000,000","76,000,000","88,000,000","74,000,000","106,000,000","55,000,000","-43,000,000","53,000,000","78,000,000","94,000,000","89,000,000","60,202,000","55,972,000","75,617,000","66,209,000","45,642,000","79,182,000","100,237,000","87,820,000","76,969,000","99,776,000","103,535,000","105,940,000","85,762,000","122,825,000","123,451,000","133,493,000","110,599,000","149,585,000","129,348,000","132,558,000","94,902,000","130,786,000","126,767,000","127,397,000","95,341,000","92,916,000","117,628,000","113,055,000","74,370,000","116,412,000","92,257,000","102,076,000","76,947,000","98,547,000","83,129,000","81,573,000","66,459,000","88,856,000","59,160,000","62,090,000","65,733,000","88,667,000","71,201,000","72,262,000","64,312,000","68,034,000","65,461,000","63,934,000","54,050,000","52,310,000","59,130,000","54,134,000","45,181,000","51,271,000","47,394,000","42,504,000","37,741,000","41,177,000","40,744,000","38,554,000","42,711,000","37,927,000","37,841,000","35,640,000","43,266,000","41,337,000","37,466,000","40,280,000","43,404,000","38,374,000","8,342,000","32,630,000","36,877,000","35,876,000","37,887,000","28,052,000","19,100,000","31,100,000","34,400,000","38,300,000","44,900,000","38,200,000","40,300,000","38,900,000","43,000,000","38,400,000","39,200,000","37,200,000","38,300,000","35,100,000","33,300,000","33,700,000","34,400,000","33,000,000","26,500,000","31,500,000","15,200,000","29,100,000","28,600,000","28,000,000","27,100,000","28,100,000","23,200,000","22,400,000","23,500,000","24,300,000","24,100,000","18,100,000","22,200,000","19,900,000","21,300,000","18,200,000","22,100,000","20,300,000","20,700,000","18,600,000","21,000,000","18,600,000","19,600,000",,,,,,,,,,,,,,,
EarningsFromEquityInterestNetOfTax,,,,,,,,,,,,,,,,,,,,,,,,,,,,,,,,,,,,,,,,,,,,,,,,,"-80,000",,,,,,,,,,,,,,,,,,,,,,,,,,,,,,,,,,,,,,,,,,,,,,,,,,,,,,,,,,,,,,,,,,,,,,,,,,,,,,,,,,,,,,,,,,,,,,,,,,
NetIncomeCommonStockholders,"1,043,000,000","283,000,000","297,000,000","225,000,000","238,000,000","168,000,000","240,000,000","114,000,000","173,000,000","103,000,000","233,000,000","260,000,000","250,000,000","207,811,000","103,494,000","235,163,000","229,537,000","149,918,000","160,597,000","97,277,000","173,266,000","60,167,000","184,241,000","171,130,000","184,966,000","143,873,000","190,387,000","218,388,000","208,786,000","147,268,000","227,709,000","203,522,000","213,705,000","154,811,000","207,788,000","214,569,000","208,197,000","143,922,000","155,394,000","190,704,000","187,516,000","148,484,000","182,121,000","169,885,000","157,933,000","132,210,000","150,405,000","129,077,000","99,173,000","97,058,000","144,564,000","92,466,000","96,378,000","107,915,000","140,023,000","113,179,000","114,238,000","104,392,000","109,150,000","104,791,000","101,787,000","98,933,000","104,494,000","93,739,000","86,233,000","103,834,000","88,109,000","81,589,000","72,792,000","90,056,000","67,689,000","66,619,000","62,559,000","61,738,000","56,836,000","55,993,000","52,404,000","62,578,000","59,953,000","54,499,000","58,458,000","61,513,000","56,022,000","14,820,000","42,175,000","47,923,000","48,107,000","55,662,000","41,211,000","28,100,000","45,800,000","50,600,000","56,300,000","66,000,000","56,100,000","59,300,000","57,200,000","63,200,000","56,500,000","57,600,000","54,600,000","56,600,000","52,300,000","49,500,000","50,100,000","51,200,000","49,100,000","39,500,000","46,900,000","1,000,000","43,000,000","42,300,000","41,500,000","41,600,000","38,700,000","35,400,000","32,700,000","35,800,000","37,100,000","36,000,000","28,300,000","34,700,000","31,600,000","33,100,000","28,300,000","34,300,000","31,500,000","32,100,000","28,900,000","32,900,000","28,800,000","30,300,000",,,,,,,,,,,,,,,
	NetIncome,"1,043,000,000","283,000,000","297,000,000","225,000,000","238,000,000","168,000,000","240,000,000","114,000,000","173,000,000","103,000,000","233,000,000","260,000,000","253,000,000","209,107,000","104,377,000","236,981,000","231,535,000","151,059,000","162,006,000","97,921,000","174,744,000","60,666,000","185,873,000","172,676,000","186,713,000","145,232,000","192,201,000","220,548,000","211,015,000","148,839,000","230,322,000","205,915,000","216,653,000","156,749,000","210,789,000","217,660,000","211,838,000","156,267,000","155,394,000","190,704,000","187,516,000","148,484,000","182,121,000","169,885,000","157,933,000","132,210,000","150,405,000","129,077,000","99,173,000","97,058,000","144,564,000","92,466,000","96,378,000","107,915,000","140,023,000","113,179,000","114,238,000","104,392,000","109,150,000","104,791,000","101,787,000","98,933,000","104,494,000","93,739,000","86,233,000","103,834,000","88,109,000","81,589,000","72,792,000","90,056,000","67,689,000","66,619,000","62,559,000","61,738,000","56,836,000","55,993,000","52,404,000","62,578,000","59,953,000","54,499,000","58,458,000","61,513,000","56,022,000","14,820,000","42,175,000","47,923,000","48,107,000","55,662,000","41,211,000","28,100,000","45,800,000","50,600,000","56,300,000","66,000,000","56,100,000","59,300,000","57,200,000","63,200,000","56,500,000","57,600,000","54,600,000","56,600,000","52,300,000","49,500,000","50,100,000","51,200,000","49,100,000","39,500,000","46,900,000","1,000,000","43,000,000","42,300,000","41,500,000","41,600,000","38,700,000","35,400,000","32,700,000","35,800,000","37,100,000","36,000,000","28,300,000","34,700,000","31,600,000","33,100,000","28,300,000","34,300,000","31,500,000","32,100,000","28,900,000","32,900,000","28,800,000","30,300,000",,,,,,,,,,,,,,,
		NetIncomeIncludingNoncontrollingInterests,"1,114,000,000","301,000,000","315,000,000","243,000,000","255,000,000","185,000,000","256,000,000","129,000,000","185,000,000","117,000,000","244,000,000","272,000,000","262,000,000","219,427,000","115,045,000","247,743,000","240,785,000","161,815,000","170,816,000","106,959,000","182,853,000","68,340,000","193,409,000","179,445,000","191,644,000","149,171,000","196,622,000","225,235,000","214,146,000","151,114,000","233,050,000","209,077,000","219,055,000","159,393,000","213,075,000","220,753,000","214,527,000","158,486,000","157,804,000","193,101,000","189,458,000","151,708,000","184,047,000","171,569,000","159,088,000","133,201,000","151,297,000","129,667,000","99,417,000","97,364,000","144,564,000","92,466,000","96,378,000","107,915,000","140,023,000","113,179,000","114,238,000","104,392,000","109,150,000","104,791,000","101,787,000","98,933,000","104,494,000","93,739,000","86,233,000","103,834,000","88,109,000","81,589,000","72,792,000","90,056,000","67,689,000","66,619,000","62,559,000","61,738,000","56,836,000","55,993,000","52,404,000","62,578,000","59,953,000","54,499,000","58,458,000","61,513,000","56,022,000","14,820,000","42,175,000","47,923,000","48,107,000","55,662,000","41,211,000","28,100,000","45,800,000","50,600,000","56,300,000","66,000,000","56,100,000","59,300,000","57,200,000","63,200,000","56,500,000","57,600,000","54,600,000","56,600,000","52,300,000","49,500,000","50,100,000","51,200,000","49,100,000","39,500,000","46,900,000","1,000,000","43,000,000","42,300,000","41,500,000","41,600,000","38,700,000","35,400,000","32,700,000","35,800,000","37,100,000","36,000,000","28,300,000","34,700,000","31,600,000","33,100,000","28,300,000","34,300,000","31,500,000","32,100,000","28,900,000","32,900,000","28,800,000","30,300,000","27,600,000","25,900,000","29,800,000","29,100,000","24,100,000","24,000,000","23,300,000","24,200,000","19,000,000","21,300,000","18,500,000","18,800,000","27,500,000","19,500,000","18,700,000"
			NetIncomeContinuousOperations,"1,114,000,000","301,000,000","315,000,000","243,000,000","255,000,000","185,000,000","256,000,000","129,000,000","185,000,000","117,000,000","244,000,000","272,000,000","262,000,000","219,427,000","115,045,000","247,743,000","240,785,000","161,815,000","170,816,000","106,959,000","182,853,000","68,340,000","193,409,000","179,445,000","191,644,000","149,171,000","196,622,000","225,235,000","214,146,000","151,114,000","233,050,000","209,077,000","219,055,000","159,393,000","213,075,000","220,753,000","214,527,000","158,486,000","157,804,000","193,101,000","189,458,000","151,708,000","184,047,000","171,569,000","159,088,000","133,201,000","151,297,000","129,667,000","99,417,000","97,364,000","144,564,000","92,466,000","96,378,000","107,915,000","140,023,000","113,179,000","114,238,000","104,392,000","109,150,000","104,791,000","101,787,000","98,933,000","104,494,000","93,739,000","86,233,000","103,834,000","88,109,000","81,589,000","72,792,000","90,056,000","67,689,000","66,619,000","62,559,000","61,738,000","56,836,000","55,993,000","52,404,000","62,578,000","59,953,000","54,499,000","58,458,000","61,513,000","56,022,000","14,820,000","42,175,000","47,923,000","48,107,000","55,662,000","41,211,000","28,100,000","45,800,000","50,600,000","56,300,000","66,000,000","56,100,000","59,300,000","57,200,000","63,200,000","56,500,000","57,600,000","54,600,000","56,600,000","52,300,000","49,500,000","50,100,000","51,200,000","49,100,000","39,500,000","46,900,000","1,000,000","43,000,000","42,300,000","41,500,000","41,000,000","38,700,000","35,400,000","34,100,000","35,800,000","37,100,000","36,000,000","28,300,000","34,700,000","31,600,000","33,100,000","28,300,000","34,300,000","31,500,000","32,100,000","28,900,000","32,900,000","28,800,000","30,300,000","27,600,000","25,900,000","29,800,000","29,100,000","24,100,000","24,000,000","23,300,000","24,200,000","19,000,000","21,300,000","18,500,000","18,800,000","16,200,000","15,500,000","18,700,000"
			NetIncomeDiscontinuousOperations,,,,,,,,,,,,,,,,,,,,,,,,,,,,,,,,,,,,,,,,,,,,,,,,,,,,,,,,,,,,,,,,,,,,,,,,,,,,,,,,,,,,,,,,,,,,,,,,,,,,,,,,,,,,,,,,,,,,,,,,,,,,,,,,,,,,,,,,,,,,,,"0",,,"11,300,000",,
			NetIncomeExtraordinary,,,,,,,,,,,,,,,,,,,,,,,,,,,,,,,,,,,,,,,,,,,,,,,,,,,,,,,,,,,,,,,,,,,,,,,,,,,,,,"0",,,,,,,,,,,,,,,,,,,,,,,,,,,,,,,,,,,,"600,000",,,"-1,400,000",,,,,,,,,,,,,,,,,,,,,,,,,,,,,,
		MinorityInterests,"-71,000,000","-18,000,000","-18,000,000","-18,000,000","-17,000,000","-17,000,000","-16,000,000","-15,000,000","-12,000,000","-14,000,000","-11,000,000","-12,000,000","-9,000,000","-10,320,000","-10,668,000","-10,762,000","-9,250,000","-10,756,000","-8,810,000","-9,038,000","-8,109,000","-7,674,000","-7,536,000","-6,769,000","-4,931,000","-3,939,000","-4,421,000","-4,687,000","-3,131,000","-2,275,000","-2,728,000","-3,162,000","-2,402,000","-2,644,000","-2,286,000","-3,093,000","-2,689,000","-2,219,000","-2,410,000","-2,397,000","-1,942,000","-3,224,000","-1,926,000","-1,684,000","-1,155,000","-991,000","-892,000","-590,000","-244,000",,,,,,,,,,,,,,,,,,,,,,,,,,,,,,,,,,,,,,,,,,,,,,,,,,,,,,,,,,,,,,,,,,,,,,,,,,,,,,,,,,,,,,,,,,,,,,,,,,
	OtherunderPreferredStockDividend,"8,000,000","2,000,000",,,,"1,000,000","2,000,000","1,000,000",,"1,000,000",,"2,000,000","3,000,000","1,296,000","883,000","1,818,000","1,998,000","1,141,000","1,409,000","644,000","1,478,000","499,000","1,632,000","1,546,000","1,747,000","1,359,000","1,814,000","2,160,000","2,229,000","1,571,000","2,613,000","2,393,000","2,948,000","1,938,000","3,001,000","3,091,000","3,641,000","2,705,000",,,,,,,,,,,,,,,,,,,,,,,,,,,,,,,,,,,,,,,,,,,,,,,,,,,,,,,,,,,,,,,,,,,,,,,,,,,,,,,,,,,,,,,,,,,,,,,,,,,,,,,,,,,,,
AverageDilutionEarnings,,,,,,,,,,,,,"0","-22,000","1,000","11,000","8,000","5,000","3,000","1,000","8,000","-1,000","7,000","6,000","7,000","3,000","9,000","14,000","16,000","9,000","22,000","21,000","29,000","17,000","32,000","35,000","46,000",,,,,,,,,,,,,,,,,,,,,,,,,,,,,,,,,,,,,,,,,,,,,,,,,,,,,,,,,,,,,,,,,,,,,,,,,,,,,,,,,,,,,,,,,,,,,,,,,,,,,,,,,,,,,,
DilutedNIAvailtoComStockholders,"1,043,000,000","283,000,000","297,000,000","225,000,000","238,000,000","168,000,000","240,000,000","114,000,000","173,000,000","103,000,000","233,000,000","260,000,000","250,000,000","207,789,000","103,495,000","235,174,000","229,545,000","149,923,000","160,600,000","97,278,000","173,274,000","60,166,000","184,248,000","171,136,000","184,973,000","143,876,000","190,396,000","218,402,000","208,802,000","147,277,000","227,731,000","203,543,000","213,734,000","154,828,000","207,820,000","214,604,000","208,243,000","144,086,000","155,394,000","190,704,000","187,516,000","148,484,000","182,121,000","169,885,000","157,933,000","132,210,000","150,405,000","129,077,000","99,173,000","97,058,000","144,564,000","92,466,000","96,378,000","107,915,000","140,023,000","113,179,000","114,238,000","104,392,000","109,150,000","104,791,000","101,787,000","98,933,000","104,494,000","93,739,000","86,233,000","103,834,000","88,109,000","81,589,000","72,792,000","90,056,000","67,689,000","66,619,000","62,559,000","61,738,000","56,836,000","55,993,000","52,404,000","62,578,000","59,953,000","54,499,000","58,458,000","61,513,000","56,022,000","14,820,000","42,175,000","47,923,000","48,107,000","55,662,000","41,211,000","28,100,000","45,800,000","50,600,000","56,300,000","66,000,000","56,100,000","59,300,000","57,200,000","63,200,000","56,500,000","57,600,000","54,600,000","56,600,000","52,300,000","49,500,000","50,100,000","51,200,000","49,100,000","39,500,000","46,900,000","1,000,000","43,000,000","42,300,000","41,500,000","41,600,000","38,700,000","35,400,000","32,700,000","35,800,000","37,100,000","36,000,000","28,300,000","34,700,000","31,600,000","33,100,000","28,300,000","34,300,000","31,500,000","32,100,000","28,900,000","32,900,000","28,800,000","30,300,000",,,,,,,,,,,,,,,
BasicEPS,,"5.47","5.68","4.3","4.51","3.14","4.43","2.11","3.2","1.89","4.27","4.69","4.5","3.71","1.84","4.19","4.09","2.64","2.8","1.68","2.95","1.02","3.07","2.81","3","2.32","2.94","3.28","3.11","2.17","3.33","2.97","3.11","2.24","2.99","3.08","2.99","2.21","2.19","2.68","2.63",,"2.56","2.39","2.23",,"2.1","1.76","1.34",,"1.91","1.23","1.27",,"1.84","1.48","1.47",,"1.33","1.25","1.21",,"1.2","1.05","0.96",,"0.98","0.91","0.81",,"0.75","0.74","0.69",,"0.63","0.61","0.58",,"0.65","0.59","0.63",,"0.6","0.16","0.45",,"0.52","0.6","0.44",,"0.49","0.54","0.61",,"0.58","0.61","0.59",,"0.57","0.57","0.53",,"0.51","0.49","0.49",,"0.48","0.39","0.46",,"0.42","0.42","0.41",,"0.38","0.34","0.31",,"0.35","0.34","0.27",,"0.29","0.31","0.27",,"0.29","0.29","0.27",,"0.27","0.28","0.26",,"0.27","0.27","0.22",,"0.2","0.21","0.17",,"0.16","0.17","0.14",,"0.16"
DilutedEPS,,"5.44","5.65","4.27","4.48","3.12","4.41","2.1","3.19","1.88","4.25","4.67","4.48","3.68","1.82","4.16","4.07","2.63","2.79","1.67","2.93","1.01","3.05","2.79","2.98","2.3","2.92","3.25","3.07","2.14","3.3","2.94","3.07","2.2","2.95","3.03","2.94","2.17","2.15","2.63","2.57",,"2.51","2.34","2.18",,"2.06","1.73","1.31",,"1.88","1.21","1.25",,"1.79","1.43","1.43",,"1.29","1.21","1.17",,"1.16","1.02","0.93",,"0.97","0.89","0.79",,"0.74","0.72","0.69",,"0.62","0.6","0.57",,"0.64","0.57","0.61",,"0.59","0.15","0.45",,"0.51","0.59","0.44",,"0.49","0.53","0.6",,"0.57","0.6","0.58",,"0.56","0.57","0.52",,"0.51","0.48","0.49",,"0.48","0.39","0.46",,"0.42","0.42","0.41",,"0.38","0.34","0.31",,"0.35","0.34","0.27",,"0.29","0.31","0.27",,"0.29","0.29","0.27",,"0.27","0.28","0.26",,"0.27","0.27","0.22",,"0.2","0.21","0.17",,"0.16","0.17","0.14",,"0.16"
BasicAverageShares,,"51,400,000","51,800,000","52,200,000","52,300,000","53,300,000","53,600,000","53,500,000","53,600,000","53,800,000","54,125,184","55,100,000","55,600,000","56,058,000","56,340,000","56,110,000","56,063,000","56,681,000","57,317,000","58,013,000","58,720,000","59,171,000","60,017,000","60,891,000","61,669,000","62,100,000","64,720,000","66,652,000","67,230,000","67,899,000","68,296,000","68,454,000","68,700,000","69,140,000","69,461,000","69,665,000","69,562,000","69,557,000","69,625,000","69,937,000","70,133,000",,"69,846,000","69,609,000","69,403,000",,"69,924,000","71,692,000","72,577,000",,"74,048,000","73,443,000","74,260,401",,"75,967,774","76,542,071","77,933,996",,"82,233,231","84,130,074","83,979,114",,"87,258,559","89,342,642","89,637,735",,"89,064,690","89,489,470","90,395,437",,"90,295,071","90,236,332","90,219,290",,"90,650,797","90,834,004","90,865,346",,"91,871,851","92,751,999","92,618,855",,"93,360,391","93,757,352","93,026,308",,"93,097,895","93,054,100","92,917,780",,"93,469,388","93,703,704","92,295,082",,"96,724,138","97,213,115","96,949,153",,"99,122,807","101,052,632","103,018,868",,"102,549,020","101,020,408","102,244,898",,"102,291,667","101,282,051","101,956,522",,"102,380,952","100,714,286","101,219,512",,"101,842,105","104,117,647","105,483,871",,"106,000,000","105,882,353","104,814,815",,"108,965,517","106,774,194","104,814,815",,"108,620,690","110,689,655","107,037,037",,"106,666,667","108,214,286","110,316,000",,"110,700,000","110,848,000","112,604,000",,"115,584,000","115,584,000","115,588,000",,"115,840,000","115,860,000","115,676,000",,"115,628,000"
DilutedAverageShares,,"51,700,000","52,100,000","52,500,000","52,600,000","53,600,000","53,900,000","53,700,000","53,800,000","54,100,000","54,354,904","55,400,000","55,900,000","56,377,000","56,804,000","56,553,000","56,403,000","56,954,000","57,521,000","58,287,000","59,203,000","59,566,000","60,416,000","61,302,000","62,100,000","62,550,000","65,289,000","67,317,000","67,982,000","68,705,000","69,112,000","69,342,000","69,677,000","70,191,000","70,547,000","70,801,000","70,775,000","70,809,000","70,961,000","71,308,000","71,656,000",,"71,280,000","71,123,000","70,907,000",,"71,168,000","72,931,000","73,855,000",,"75,203,000","74,559,000","75,142,460",,"78,279,422","79,012,567","80,131,555",,"84,864,258","86,775,154","86,758,949",,"89,682,032","92,104,424","92,484,701",,"91,130,323","91,080,031","92,460,093",,"91,691,179","91,723,607","91,273,433",,"92,524,441","92,369,529","92,584,753",,"93,589,859","95,384,343","95,428,131",,"94,905,733","95,252,754","94,297,365",,"94,074,751","94,447,965","94,416,374",,"93,469,388","95,471,698","93,833,333",,"98,421,053","98,833,333","98,620,690",,"100,892,857","101,052,632","105,000,000",,"102,549,020","103,125,000","102,244,898",,"102,291,667","101,282,051","101,956,522",,"102,380,952","100,714,286","101,219,512",,"101,842,105","104,117,647","105,483,871",,"106,000,000","105,882,353","104,814,815",,"108,965,517","106,774,194","104,814,815",,"108,620,690","110,689,655","107,037,037",,"106,666,667","108,214,286","110,316,000",,"110,700,000","110,848,000","112,604,000",,"115,584,000","115,584,000","115,588,000",,"115,840,000","115,860,000","115,676,000",,"115,628,000"
TotalOperatingIncomeAsReported,"1,547,000,000","417,000,000","438,000,000","334,000,000","358,000,000","275,000,000","380,000,000","205,000,000","159,000,000","181,000,000","338,000,000","380,000,000","363,000,000","290,062,000","189,122,000","343,986,000","334,830,000","239,939,000","281,170,000","232,065,000","295,488,000","174,228,000","322,587,000","305,589,000","317,092,000","251,626,000","340,729,000","356,717,000","351,247,000","266,514,000","385,513,000","340,751,000","354,339,000","256,763,000","346,715,000","350,072,000","343,305,000","258,438,000","254,326,000","314,000,000","304,361,000","221,493,000","303,040,000","265,282,000","262,614,000","211,402,000","251,273,000","214,915,000","182,885,000","165,361,000","186,720,000","153,929,000","159,214,000","180,557,000","231,457,000","184,835,000","185,823,000","167,161,000","174,332,000","166,575,000","162,585,000","147,797,000","151,313,000","144,544,000","134,417,000","147,752,000","135,595,000","126,966,000","108,676,000","124,447,000","107,444,000","106,891,000","100,748,000","108,753,000","94,321,000","92,780,000","91,407,000","108,741,000","100,190,000","94,264,000","89,960,000","105,819,000","95,377,000","53,688,000","83,689,000","95,864,000","91,578,000","72,901,000","74,777,000","53,200,000","80,300,000","87,500,000","96,200,000","113,400,000","96,200,000","100,800,000","97,500,000","107,300,000","95,800,000","98,000,000","92,000,000","93,300,000","85,900,000","82,400,000","83,900,000","86,600,000","84,100,000","67,300,000","78,200,000","70,100,000","73,200,000","71,200,000","70,300,000","69,600,000","67,200,000","59,400,000","56,000,000","59,900,000","61,900,000","60,700,000","45,900,000","55,300,000","50,500,000","53,300,000","45,100,000","54,500,000","50,600,000","52,200,000","46,400,000","53,200,000","46,600,000","48,900,000",,,,,,,,,,,,,,,
TotalExpenses,"11,475,000,000","2,942,000,000","2,934,000,000","2,873,000,000","2,726,000,000","2,666,000,000","2,638,000,000","2,632,000,000","2,842,000,000","2,666,000,000","2,609,000,000","2,513,000,000","2,436,000,000","2,472,896,000","2,642,307,000","2,516,226,000","2,431,571,000","2,392,522,000","2,354,829,000","2,383,204,000","2,245,641,000","2,296,482,000","2,273,701,000","2,258,079,000","2,189,446,000","2,226,632,000","2,192,171,000","2,165,848,000","2,088,414,000","2,244,445,000","2,176,750,000","2,165,353,000","2,031,288,000","2,120,469,000","2,051,815,000","2,031,489,000","1,937,130,000","1,967,682,000","2,026,879,000","1,935,275,000","1,889,084,000","1,855,411,000","1,811,607,000","1,737,740,000","1,620,998,000","1,615,294,000","1,648,139,000","1,568,781,000","1,489,469,000","1,468,454,000","1,402,945,000","1,379,334,000","1,306,034,000","1,412,098,000","1,608,018,000","1,572,021,000","1,475,223,000","1,444,592,000","1,484,260,000","1,434,436,000","1,384,073,000","1,314,361,000","1,368,186,000","1,338,336,000","1,284,700,000","1,242,854,000","1,292,747,000","1,245,842,000","1,226,204,000","1,140,734,000","1,193,613,000","1,149,083,000","1,127,051,000","1,046,226,000","1,106,348,000","1,079,881,000","1,047,862,000","1,013,639,000","1,103,210,000","1,100,528,000","1,035,305,000","1,005,610,000","1,103,981,000","1,131,352,000","1,135,731,000","1,202,234,000","1,150,152,000","1,169,121,000","1,120,417,000","1,068,300,000","1,095,100,000","1,058,700,000","994,600,000","931,800,000","1,023,800,000","1,018,200,000","959,600,000","925,600,000","971,100,000","953,200,000","893,600,000","810,800,000","816,000,000","806,200,000","758,700,000","720,000,000","765,900,000","746,200,000","728,600,000","698,800,000","706,100,000","697,400,000","636,100,000","593,400,000","631,600,000","601,000,000","550,200,000","538,700,000","565,300,000","545,600,000","486,400,000","464,400,000","490,700,000","487,000,000","430,800,000","434,100,000","452,900,000","443,500,000","401,000,000","395,400,000","391,800,000","398,000,000",,,,,,,,,,,,,,,
NetIncomeFromContinuingAndDiscontinuedOperation,"1,043,000,000","283,000,000","297,000,000","225,000,000","238,000,000","168,000,000","240,000,000","114,000,000","173,000,000","103,000,000","233,000,000","260,000,000","253,000,000","209,107,000","104,377,000","236,981,000","231,535,000","151,059,000","162,006,000","97,921,000","174,744,000","60,666,000","185,873,000","172,676,000","186,713,000","145,232,000","192,201,000","220,548,000","211,015,000","148,839,000","230,322,000","205,915,000","216,653,000","156,749,000","210,789,000","217,660,000","211,838,000","156,267,000","155,394,000","190,704,000","187,516,000","148,484,000","182,121,000","169,885,000","157,933,000","132,210,000","150,405,000","129,077,000","99,173,000","97,058,000","144,564,000","92,466,000","96,378,000","107,915,000","140,023,000","113,179,000","114,238,000","104,392,000","109,150,000","104,791,000","101,787,000","98,933,000","104,494,000","93,739,000","86,233,000","103,834,000","88,109,000","81,589,000","72,792,000","90,056,000","67,689,000","66,619,000","62,559,000","61,738,000","56,836,000","55,993,000","52,404,000","62,578,000","59,953,000","54,499,000","58,458,000","61,513,000","56,022,000","14,820,000","42,175,000","47,923,000","48,107,000","55,662,000","41,211,000","28,100,000","45,800,000","50,600,000","56,300,000","66,000,000","56,100,000","59,300,000","57,200,000","63,200,000","56,500,000","57,600,000","54,600,000","56,600,000","52,300,000","49,500,000","50,100,000","51,200,000","49,100,000","39,500,000","46,900,000","1,000,000","43,000,000","42,300,000","41,500,000","41,000,000","38,700,000","35,400,000","34,100,000","35,800,000","37,100,000","36,000,000","28,300,000","34,700,000","31,600,000","33,100,000","28,300,000","34,300,000","31,500,000","32,100,000","28,900,000","32,900,000","28,800,000","30,300,000",,,,,,,,,,,,,,,
NormalizedIncome,"1,043,000,000","283,000,000","297,000,000","225,000,000","238,000,000","168,000,000","240,000,000","114,000,000","173,000,000","103,000,000","233,000,000","260,000,000","253,000,000","209,107,000","104,377,000","236,981,000","231,535,000","151,059,000","162,006,000","97,921,000","174,744,000","60,666,000","185,873,000","172,676,000","186,713,000","145,232,000","192,201,000","220,548,000","211,015,000","148,839,000","230,322,000","205,915,000","216,653,000","156,749,000","210,789,000","217,660,000","211,838,000","156,267,000","155,118,321.347","191,302,451.586","187,131,463.759","144,002,776.599","182,539,986.111","169,907,760.892","158,025,590.771","132,029,988.37","150,279,647.864","129,081,874.791","99,189,900","97,026,800","114,869,605.586","93,054,485.418","95,772,855.05","110,555,576.54","140,470,578.875","112,730,286.208","113,889,466.906","104,333,833.934","109,175,257.077","104,818,697.736","101,766,731.169","98,909,719.06","104,543,979.911","92,154,495.777","86,308,563.765","106,421,227.071","88,005,327.479","82,118,449.563","70,113,186.719","89,127,231.656","67,462,056.005","66,447,120.833","62,007,734.891","63,505,600","56,072,200","54,392,200","53,391,600","62,385,400","58,675,000","55,259,800","52,858,200","60,670,600","55,533,600","44,647,473.448","45,431,800","51,677,800","49,090,400","39,586,200","41,156,400","28,460,000","44,960,000","50,360,000","56,300,000","66,420,000","56,340,000","59,060,000","57,080,000","63,080,000","56,200,000","57,480,000","54,000,000","55,400,000","51,280,000","49,080,000","50,040,000","50,960,000","49,340,000","39,620,000","46,720,000","33,040,000","43,420,000","42,060,000","41,680,000","41,541,850.22","38,700,000","35,581,228.669","33,556,814.159","35,860,370.995","37,160,423.453","35,820,000","27,690,086.207","33,480,316.344","30,740,970.874","32,187,316.176","27,082,795.699","32,840,425.532","30,527,027.027","31,613,636.364","27,926,526.316","32,167,532.468","28,192,405.063","29,632,064.128",,,,,,,,,,,,,,,
InterestIncome,,,,,,,,,,,"1,000,000","1,000,000","2,000,000","2,355,000","2,003,000","1,014,000","628,000","1,205,000","707,000","465,000","193,000","243,000","147,000","162,000","165,000","232,000","464,000","277,000","192,000","384,000","630,000","413,000","640,000","718,000","822,000","796,000","898,000","756,000","707,000","602,000","595,000","508,000","553,000","527,000","480,000","370,000","324,000","280,000","241,000","310,000","374,000","273,000","401,000",,,,,,,,,,,,,,,,,,,,,,,,,,,,,,,,,,,,,,,,,,,,,,,,,,,,,,,,,,,,,,,,,,,,,,,,,,,,,,,,,,,,,,,,,,,,,,
InterestExpense,"87,000,000","22,000,000","22,000,000","22,000,000","21,000,000","21,000,000","23,000,000","28,000,000","21,000,000","15,000,000","21,000,000","22,000,000","21,000,000","18,058,000","22,353,000","22,924,000","24,665,000","21,809,000","21,765,000","19,905,000","16,979,000","17,776,000","18,024,000","16,806,000","13,725,000","13,852,000","13,899,000","4,184,000","1,636,000","2,096,000","2,377,000","2,757,000","2,863,000","3,123,000","3,734,000","3,201,000","3,166,000","5,360,000","4,751,000","2,910,000","3,057,000","2,654,000","2,579,000","1,980,000","1,878,000","1,983,000","1,954,000","2,220,000","2,030,000","2,032,000","2,198,000","2,318,000","2,218,000",,,,,,,,,,,,,,,,,,,,,,,,,,,,,,,,,,,,,,,,,,,,,,,,,,,,,,,,,,,,,,,,,,,,,,,,,,,,,,,,,,,,,,,,,,,,,,
NetInterestIncome,"-87,000,000","-22,000,000","-22,000,000","-22,000,000","-21,000,000","-21,000,000","-23,000,000","-28,000,000","-21,000,000","-19,000,000","-20,000,000","-21,000,000","-19,000,000","-15,703,000","-20,350,000","-21,910,000","-24,037,000","-20,604,000","-21,058,000","-19,440,000","-16,786,000","-17,533,000","-17,877,000","-16,644,000","-13,560,000","-13,620,000","-13,435,000","-3,907,000","-1,444,000","-1,712,000","-1,747,000","-2,344,000","-2,223,000","-2,405,000","-2,912,000","-2,405,000","-2,268,000","-4,604,000","-4,044,000","-2,308,000","-2,462,000","-2,146,000","-2,026,000","-1,453,000","-1,398,000","-1,613,000","-1,630,000","-1,940,000","-1,789,000","-1,722,000","-1,824,000","-2,045,000","-1,817,000",,,,,,,,,,,,,,,,,,,,,,,,,,,,,,,,,,,,,,,,,,,,,,,,,,,,,,,,,,,,,,,,,,,,,,,,,,,,,,,,,,,,,,,,,,,,,,
EBIT,"1,572,000,000","423,000,000","444,000,000","341,000,000","364,000,000","280,000,000","385,000,000","212,000,000","163,000,000","185,000,000","343,000,000","388,000,000","372,000,000","297,687,000","193,370,000","346,284,000","331,659,000","229,266,000","271,763,000","227,101,000","287,652,000","163,085,000","311,209,000","299,786,000","311,309,000","248,785,000","333,346,000","352,870,000","349,275,000","263,809,000","385,012,000","341,182,000","354,476,000","257,418,000","347,595,000","350,721,000","345,090,000","259,187,000","255,471,000","313,639,000","305,570,000","228,732,000","303,038,000","265,806,000","263,042,000","212,131,000","251,798,000","215,016,000","183,020,000","165,855,000","235,618,000","153,944,000","160,686,000","185,588,000","231,457,000","184,835,000","185,823,000","167,161,000","174,332,000","166,575,000","162,585,000","147,797,000","151,313,000","144,544,000","134,417,000","147,752,000","135,595,000","126,966,000","108,676,000","124,221,000","107,444,000","106,891,000","100,748,000","108,189,000","94,321,000","92,780,000","91,407,000","106,802,000","100,190,000","94,264,000","89,960,000","104,889,000","95,377,000","93,688,000","83,689,000","95,864,000","91,578,000","72,901,000","74,777,000","53,200,000","80,300,000","87,500,000","96,200,000","113,400,000","96,200,000","100,800,000","97,500,000","107,300,000","95,800,000","98,000,000","92,000,000","93,300,000","85,900,000","82,400,000","83,900,000","86,600,000","84,100,000","67,300,000","78,200,000","70,100,000","73,200,000","71,200,000","70,300,000","69,600,000","67,200,000","59,400,000","56,000,000","59,900,000","61,900,000","60,700,000","45,900,000","55,300,000","50,500,000","53,300,000","45,100,000","54,500,000","50,600,000","52,200,000","46,400,000","53,200,000","46,600,000","48,900,000","393,600,000","-973,100,000","408,100,000","395,900,000","346,900,000","-825,800,000","351,100,000","345,300,000","286,800,000","-734,900,000","305,100,000","298,500,000","260,600,000","-712,100,000","286,600,000"
EBITDA,"1,757,000,000"
ReconciledCostOfRevenue,"8,302,000,000","2,106,000,000","2,122,000,000","2,083,000,000","1,991,000,000","1,914,000,000","1,944,000,000","1,821,000,000","1,880,000,000","1,765,000,000","1,848,000,000","1,772,000,000","1,704,000,000","1,696,893,000","1,752,194,000","1,749,271,000","1,674,642,000","1,611,232,000","1,618,819,000","1,575,313,000","1,521,937,000","1,481,018,000","1,556,536,000","1,523,609,000","1,461,485,000","1,475,883,000","1,471,021,000","1,449,133,000","1,345,918,000","1,456,158,000","1,459,479,000","1,425,418,000","1,309,656,000","1,370,835,000","1,347,164,000","1,334,577,000","1,248,699,000","1,256,595,000","1,287,245,000","1,270,932,000","1,219,113,000","1,171,119,000","1,201,648,000","1,140,628,000","1,053,998,000","1,063,564,000","1,109,688,000","1,036,610,000","966,612,000","949,617,000","929,720,000","908,295,000","835,833,000","912,592,000","1,097,127,000","1,050,979,000","981,112,000","940,272,000","999,003,000","960,546,000","914,570,000","860,727,000","920,412,000","899,575,000","848,790,000","803,232,000","880,180,000","845,679,000","836,004,000","744,878,000","821,774,000","796,147,000","780,334,000","728,405,000","786,530,000","768,589,000","745,413,000","707,380,000","800,840,000","795,230,000","742,236,000","706,890,000","803,507,000","830,124,000","824,509,000","992,109,000","767,409,000","780,601,000","744,695,000","686,900,000","726,800,000","705,600,000","663,800,000","626,200,000","693,700,000","692,600,000","652,200,000","616,800,000","674,300,000","660,200,000","611,400,000","547,500,000","565,200,000","560,600,000","522,400,000","487,900,000","532,500,000","508,300,000","496,000,000","467,900,000","501,200,000","482,000,000","433,500,000","397,000,000","431,600,000","398,300,000","367,400,000","345,100,000","399,900,000","378,100,000","336,900,000","322,900,000","346,700,000","345,900,000","300,100,000","299,900,000","324,800,000","319,500,000","281,800,000","278,600,000","281,700,000","286,300,000",,,,,,,,,,,,,,,
ReconciledDepreciation,"185,000,000","48,000,000","45,000,000","49,000,000","43,000,000","45,000,000","42,000,000","50,000,000","45,000,000","58,000,000","58,000,000","56,000,000","57,000,000","65,398,000","63,871,000","63,800,000","63,931,000","69,726,000","66,143,000","65,946,000","62,249,000","71,462,000","63,899,000","57,202,000","56,294,000","63,767,000","57,263,000","54,526,000","52,411,000","60,575,000","53,955,000","48,020,000","45,776,000","54,449,000","45,351,000","41,868,000","38,945,000","45,711,000","39,896,000","36,763,000","36,679,000","45,627,000","37,529,000","33,473,000","32,571,000","40,455,000","37,322,000","36,052,000","35,849,000","43,438,000","35,588,000","34,872,000","33,633,000","38,805,000","35,870,000","33,339,000","31,556,000","38,400,000","32,872,000","30,804,000","29,923,000","34,196,000","29,548,000","27,707,000","27,117,000","29,433,000","26,553,000","26,362,000","26,434,000","21,917,000","25,643,000","24,343,000","26,353,000","18,598,000","22,182,000","24,577,000","24,896,000","22,522,000","23,186,000","23,596,000","24,184,000","27,110,000","24,841,000","25,786,000","25,472,000","24,277,000","26,706,000","26,958,000","28,952,000","23,500,000","25,900,000","24,600,000","24,200,000","13,700,000","21,000,000","24,400,000","19,800,000","19,300,000","19,500,000","20,000,000","20,900,000","19,000,000","17,100,000","18,400,000","19,800,000","16,500,000","16,500,000","18,800,000","19,100,000","27,100,000","4,600,000","17,800,000","17,200,000","12,600,000","15,800,000","20,400,000","10,400,000","22,800,000","4,300,000","13,100,000","8,900,000","8,000,000","7,700,000","8,200,000","9,100,000","7,000,000","8,500,000","8,800,000","8,800,000","7,400,000","8,100,000","8,900,000",,,,,,,,,,,,,,,
NetIncomeFromContinuingOperationNetMinorityInterest,"1,043,000,000","283,000,000","297,000,000","225,000,000","238,000,000","168,000,000","240,000,000","114,000,000","173,000,000","103,000,000","233,000,000","260,000,000","253,000,000","209,107,000","104,377,000","236,981,000","231,535,000","151,059,000","162,006,000","97,921,000","174,744,000","60,666,000","185,873,000","172,676,000","186,713,000","145,232,000","192,201,000","220,548,000","211,015,000","148,839,000","230,322,000","205,915,000","216,653,000","156,749,000","210,789,000","217,660,000","211,838,000","156,267,000","155,394,000","190,704,000","187,516,000","148,484,000","182,121,000","169,885,000","157,933,000","132,210,000","150,405,000","129,077,000","99,173,000","97,058,000","144,564,000","92,466,000","96,378,000","107,915,000","140,023,000","113,179,000","114,238,000","104,392,000","109,150,000","104,791,000","101,787,000","98,933,000","104,494,000","93,739,000","86,233,000","103,834,000","88,109,000","81,589,000","72,792,000","90,056,000","67,689,000","66,619,000","62,559,000","61,738,000","56,836,000","55,993,000","52,404,000","62,578,000","59,953,000","54,499,000","58,458,000","61,513,000","56,022,000","14,820,000","42,175,000","47,923,000","48,107,000","55,662,000","41,211,000","28,100,000","45,800,000","50,600,000","56,300,000","66,000,000","56,100,000","59,300,000","57,200,000","63,200,000","56,500,000","57,600,000","54,600,000","56,600,000","52,300,000","49,500,000","50,100,000","51,200,000","49,100,000","39,500,000","46,900,000","1,000,000","43,000,000","42,300,000","41,500,000","41,000,000","38,700,000","35,400,000","34,100,000","35,800,000","37,100,000","36,000,000","28,300,000","34,700,000","31,600,000","33,100,000","28,300,000","34,300,000","31,500,000","32,100,000","28,900,000","32,900,000","28,800,000","30,300,000",,,,,,,,,,,,,,,
TotalUnusualItemsExcludingGoodwill,,,,,,,,,,,,,,,,,,,,,,,,,,,,,,,,,,,,,,,"438,000","-963,000","614,000","6,678,000","-684,000","-35,000","-152,000","284,000","207,000","-8,000","-26,000","48,000","47,946,000","-965,000","995,000","-4,249,000","-731,000","731,000","569,000","94,000","-41,000","-45,000","33,000","36,000","-75,000","2,584,000","-123,000","-3,713,000","164,000","-837,000","4,243,000","1,318,000","365,000","277,000","891,000","-2,946,000","1,273,000","2,668,000","-1,646,000","321,000","2,130,000","-1,268,000","9,333,000","1,404,000","814,000","-46,617,000","-5,428,000","-6,258,000","-1,639,000","26,793,000","91,000","-600,000","1,400,000","400,000",,"-700,000","-400,000","400,000","200,000","200,000","500,000","200,000","1,000,000","2,000,000","1,700,000","700,000","100,000","400,000","-400,000","-200,000","300,000","-53,400,000","-700,000","400,000","-300,000","-900,000",,"-300,000","900,000","-100,000","-100,000","300,000","1,000,000","2,000,000","1,400,000","1,500,000","2,000,000","2,400,000","1,600,000","800,000","1,600,000","1,200,000","1,000,000","1,100,000",,,,,,,,,,,,,,,
TotalUnusualItems,,,,,,,,,,,,,,,,,,,,,,,,,,,,,,,,,,,,,,,"438,000","-963,000","614,000","6,678,000","-684,000","-35,000","-152,000","284,000","207,000","-8,000","-26,000","48,000","47,946,000","-965,000","995,000","-4,249,000","-731,000","731,000","569,000","94,000","-41,000","-45,000","33,000","36,000","-75,000","2,584,000","-123,000","-3,713,000","164,000","-837,000","4,243,000","1,318,000","365,000","277,000","891,000","-2,946,000","1,273,000","2,668,000","-1,646,000","321,000","2,130,000","-1,268,000","9,333,000","1,404,000","814,000","-46,617,000","-5,428,000","-6,258,000","-1,639,000","26,793,000","91,000","-600,000","1,400,000","400,000",,"-700,000","-400,000","400,000","200,000","200,000","500,000","200,000","1,000,000","2,000,000","1,700,000","700,000","100,000","400,000","-400,000","-200,000","300,000","-53,400,000","-700,000","400,000","-300,000","-900,000",,"-300,000","900,000","-100,000","-100,000","300,000","1,000,000","2,000,000","1,400,000","1,500,000","2,000,000","2,400,000","1,600,000","800,000","1,600,000","1,200,000","1,000,000","1,100,000",,,,,,,,,,,,,,,
NormalizedEBITDA,"1,757,000,000","471,000,000","489,000,000","390,000,000","407,000,000","325,000,000","427,000,000","262,000,000","208,000,000","243,000,000","401,000,000","444,000,000","429,000,000","363,085,000","257,241,000","410,084,000","395,590,000","298,992,000","337,906,000","293,047,000","349,901,000","234,547,000","375,108,000","356,988,000","367,603,000","312,552,000","390,609,000","407,396,000","401,686,000","324,384,000","438,967,000","389,202,000","400,252,000","311,867,000","392,946,000","392,589,000","384,035,000","304,898,000","294,929,000","351,365,000","341,635,000","267,681,000","341,251,000","299,314,000","295,765,000","252,302,000","288,913,000","251,076,000","218,895,000","209,245,000","223,260,000","189,781,000","193,324,000","228,642,000","268,058,000","217,443,000","216,810,000","205,467,000","207,245,000","197,424,000","192,475,000","181,957,000","180,936,000","169,667,000","161,657,000","180,898,000","161,984,000","154,165,000","130,867,000","144,820,000","132,722,000","130,957,000","126,210,000","129,733,000","115,230,000","114,689,000","117,949,000","129,003,000","121,246,000","119,128,000","104,811,000","130,595,000","119,404,000","166,091,000","114,589,000","126,399,000","119,923,000","73,066,000","103,638,000","77,300,000","104,800,000","111,700,000","120,400,000","127,800,000","117,600,000","124,800,000","117,100,000","126,400,000","114,800,000","117,800,000","111,900,000","110,300,000","101,300,000","100,100,000","103,600,000","102,700,000","101,000,000","86,300,000","97,000,000","150,600,000","87,100,000","88,600,000","87,800,000","83,100,000","83,000,000","80,100,000","65,500,000","82,800,000","66,300,000","73,500,000","53,800,000","61,300,000","56,800,000","60,000,000","52,200,000","59,100,000","57,500,000","60,200,000","53,600,000","59,400,000","53,700,000","56,700,000","393,600,000","-973,100,000","408,100,000","395,900,000","346,900,000","-825,800,000","351,100,000","345,300,000","286,800,000","-734,900,000","305,100,000","298,500,000","260,600,000","-712,100,000","286,600,000"
TaxRateForCalcs,"0.25","0.249","0.255","0.236","0.258","0.286","0.293","0.302","0.27","0.312","0.242","0.256","0.254","0.215","0.327","0.234","0.216","0.22","0.317","0.4","0.324","0.4","0.34","0.366","0.356","0.365","0.384","0.354","0.384","0.35","0.391","0.382","0.377","0.373","0.38","0.365","0.373","0.376","0.371","0.379","0.374","0.329","0.387","0.35","0.391","0.366","0.394","0.391","0.35","0.35","0.381","0.39","0.392","0.379","0.388","0.386","0.387","0.381","0.384","0.384","0.386","0.353","0.334","0.387","0.386","0.303","0.368","0.367","0.369","0.295","0.378","0.379","0.381","0.4","0.4","0.4","0.4","0.4","0.4","0.4","0.4","0.4","0.4","0.36","0.4","0.4","0.4","0.4","0.4","0.4","0.4","0.4","0.4","0.4","0.4","0.4","0.4","0.4","0.4","0.4","0.4","0.4","0.4","0.4","0.4","0.4","0.4","0.4","0.4","0.4","0.4","0.4","0.4","0.398","0.4","0.396","0.396","0.396","0.396","0.4","0.39","0.39","0.386","0.392","0.391","0.392","0.392","0.392","0.392","0.39","0.392","0.393",,,,,,,,,,,,,,,
TaxEffectOfUnusualItems,"0","0","0","0","0","0","0","0","0","0","0","0","0","0","0","0","0","0","0","0","0","0","0","0","0","0","0","0","0","0","0","0","0","0","0","0","0","0","162,321.347","-364,548.414","229,463.759","2,196,776.599","-265,013.889","-12,239.108","-59,409.229","103,988.37","81,647.864","-3,125.209","-9,100","16,800","18,251,605.586","-376,514.582","389,855.05","-1,608,423.46","-283,421.125","282,286.208","220,466.906","35,833.934","-15,742.923","-17,302.264","12,731.169","12,719.06","-25,020.089","999,495.777","-47,436.235","-1,125,772.929","60,327.479","-307,550.437","1,564,186.719","389,231.656","138,056.005","105,120.833","339,734.891","-1,178,400","509,200","1,067,200","-658,400","128,400","852,000","-507,200","3,733,200","561,600","325,600","-16,789,526.552","-2,171,200","-2,503,200","-655,600","10,717,200","36,400","-240,000","560,000","160,000","0","-280,000","-160,000","160,000","80,000","80,000","200,000","80,000","400,000","800,000","680,000","280,000","40,000","160,000","-160,000","-80,000","120,000","-21,360,000","-280,000","160,000","-120,000","-358,149.78","0","-118,771.331","356,814.159","-39,629.005","-39,576.547","120,000","390,086.207","780,316.344","540,970.874","587,316.176","782,795.699","940,425.532","627,027.027","313,636.364","626,526.316","467,532.468","392,405.063","432,064.128",,,,,,,,,,,,,,,