name,ttm,12/31/2021,09/30/2021,06/30/2021,03/31/2021,12/31/2020,09/30/2020,06/30/2020,03/31/2020,12/31/2019,09/30/2019,06/30/2019,03/31/2019,12/31/2018,09/30/2018,06/30/2018,03/31/2018,12/31/2017,09/30/2017,06/30/2017,03/31/2017,12/31/2016,09/30/2016,06/30/2016,03/31/2016,12/31/2015,09/30/2015,06/30/2015,03/31/2015,12/31/2014,09/30/2014,06/30/2014,03/31/2014,12/31/2013,09/30/2013,06/30/2013,03/31/2013,12/31/2012,09/30/2012,06/30/2012,03/31/2012,12/31/2011,09/30/2011,06/30/2011,03/31/2011,12/31/2010,09/30/2010,06/30/2010,03/31/2010,12/31/2009,09/30/2009,06/30/2009,03/31/2009,12/31/2008,09/30/2008,06/30/2008,03/31/2008,12/31/2007,09/30/2007,06/30/2007,03/31/2007,12/31/2006,09/30/2006,06/30/2006,03/31/2006,12/31/2005,09/30/2005,06/30/2005,03/31/2005,12/31/2004,09/30/2004,06/30/2004,03/31/2004,12/31/2003,09/30/2003,06/30/2003,03/31/2003,12/31/2002,09/30/2002,06/30/2002,03/31/2002,12/31/2001,09/30/2001,06/30/2001,03/31/2001,12/31/2000,09/30/2000,06/30/2000,03/31/2000,12/31/1999,09/30/1999,06/30/1999,03/31/1999,12/31/1998,09/30/1998,06/30/1998,03/31/1998,12/31/1997,09/30/1997,06/30/1997,03/31/1997,12/31/1996,09/30/1996,06/30/1996,03/31/1996,12/31/1995,09/30/1995,06/30/1995,03/31/1995,12/31/1994,09/30/1994,06/30/1994,03/31/1994,12/31/1993,09/30/1993,06/30/1993,03/31/1993,12/31/1992,09/30/1992,06/30/1992,03/31/1992,12/31/1991,09/30/1991,06/30/1991,03/31/1991,12/31/1990,09/30/1990,06/30/1990,03/31/1990
TotalRevenue,"58,752,000,000","15,064,000,000","15,276,000,000","14,435,000,000","13,977,000,000","14,293,000,000","13,311,000,000","11,068,000,000","12,861,000,000","13,523,000,000","12,694,000,000","12,602,000,000","12,517,000,000","12,274,000,000","11,451,000,000","11,529,000,000","11,423,000,000","11,562,000,000","10,696,000,000","10,733,000,000","10,623,000,000","10,641,000,000","10,270,000,000","10,319,000,000","10,260,000,000","10,249,000,000","9,856,000,000","9,897,000,000","9,676,000,000","9,636,000,000","9,220,000,000","9,230,000,000","8,832,000,000","8,836,000,000","8,456,000,000","8,450,000,000","8,440,000,000","8,434,000,000","8,062,000,000","8,112,000,000","9,199,000,000","8,338,000,000","8,050,000,000","8,063,000,000","8,055,000,000","7,736,000,000","7,647,000,000","7,756,000,000","7,544,000,000","7,605,000,000","7,533,000,000","7,483,000,000","7,431,000,000","7,265,000,000","7,002,000,000","6,980,000,000","7,127,000,000","6,883,000,000","6,569,000,000","6,729,000,000","6,677,000,000","6,489,000,000","6,213,000,000","6,360,000,000","6,415,000,000","6,178,000,000","6,025,000,000","6,070,000,000","6,182,000,000","5,940,000,000","5,792,000,000","5,833,000,000","5,937,000,000","5,597,000,000","5,471,000,000","5,467,000,000","5,273,000,000","5,024,000,000","4,929,000,000","4,903,000,000","4,873,000,000","4,538,000,000","4,438,000,000","4,476,000,000","4,501,000,000","4,173,000,000","4,093,000,000","4,133,000,000","4,271,000,000","3,942,000,000","3,899,000,000","4,161,000,000","4,655,000,000","4,420,000,000","4,579,000,000","4,781,000,000","4,901,000,000","4,374,000,000","4,612,000,000","5,187,000,000","5,328,000,000","5,138,000,000","4,887,000,000","4,933,000,000","4,951,000,000","4,583,000,000","4,371,000,000","4,361,000,000","3,337,000,000","2,937,000,000","2,728,000,000","2,689,000,000","2,778,000,000","6,423,000,000","1,238,000,000","290,800,000","292,900,000","233,500,000","213,300,000","162,400,000","152,400,000","126,500,000","125,100,000","108,700,000","100,700,000","102,800,000","67,700,000","54,400,000","47,700,000"
	OperatingRevenue,"55,916,000,000","14,433,000,000","14,596,000,000","13,805,000,000","13,082,000,000","15,648,000,000","12,574,000,000","10,725,000,000","12,586,000,000","15,340,000,000","12,045,000,000","11,909,000,000","12,517,000,000","12,274,000,000","11,451,000,000","11,001,000,000","11,423,000,000","12,497,000,000","11,967,000,000","11,806,000,000","11,383,000,000","11,506,000,000","11,110,000,000","11,081,000,000","11,050,000,000","11,323,000,000","11,014,000,000","10,932,000,000","10,322,000,000","10,468,000,000","9,978,000,000","9,958,000,000","9,683,000,000","9,962,000,000","9,411,000,000","9,473,000,000","9,194,000,000","12,204,000,000","8,062,000,000","8,112,000,000","9,199,000,000","8,338,000,000","8,050,000,000","8,063,000,000","8,055,000,000","7,736,000,000","7,647,000,000","7,756,000,000","7,544,000,000","7,605,000,000","7,533,000,000","7,483,000,000","7,431,000,000","7,265,000,000","7,002,000,000","6,980,000,000","7,127,000,000","6,883,000,000","6,569,000,000","6,729,000,000","6,677,000,000","6,489,000,000","6,213,000,000","6,360,000,000","6,415,000,000","6,178,000,000","6,025,000,000","6,070,000,000","6,182,000,000","5,940,000,000","5,792,000,000","5,833,000,000","5,937,000,000","5,597,000,000","5,471,000,000","5,467,000,000","5,273,000,000","5,024,000,000","4,929,000,000","4,903,000,000","4,873,000,000","4,538,000,000","4,438,000,000","4,476,000,000","4,501,000,000","4,173,000,000","4,093,000,000","4,133,000,000","4,271,000,000","3,942,000,000","3,899,000,000","4,161,000,000","4,655,000,000","4,420,000,000","4,579,000,000","4,781,000,000","4,901,000,000","4,374,000,000","4,612,000,000","5,187,000,000","5,328,000,000","5,138,000,000","4,887,000,000","4,933,000,000","4,951,000,000","4,583,000,000","4,371,000,000","4,361,000,000","3,337,000,000","2,937,000,000","2,728,000,000","2,689,000,000","2,778,000,000","6,423,000,000","1,238,000,000","290,800,000","292,900,000","233,500,000","213,300,000","162,400,000","152,400,000","126,500,000","125,100,000","108,700,000","100,700,000","102,800,000","67,700,000","54,400,000","47,700,000"
CostOfRevenue,"9,481,000,000","2,414,000,000","2,463,000,000","2,380,000,000","2,224,000,000","2,370,000,000","2,128,000,000","1,748,000,000","2,123,000,000","2,232,000,000","2,090,000,000","2,118,000,000","2,041,000,000","2,002,000,000","1,890,000,000","1,917,000,000","1,915,000,000","1,947,000,000","1,777,000,000","1,795,000,000","1,797,000,000","1,802,000,000","1,699,000,000","1,718,000,000","1,714,000,000","1,686,000,000","1,644,000,000","1,670,000,000","1,638,000,000","1,659,000,000","1,539,000,000","1,532,000,000","1,532,000,000","1,564,000,000","1,457,000,000","1,470,000,000","1,479,000,000","1,501,000,000","1,375,000,000","1,422,000,000","1,419,000,000","1,346,000,000","1,263,000,000","1,295,000,000","1,275,000,000","1,276,000,000","1,234,000,000","1,251,000,000","1,200,000,000","1,241,000,000","1,206,000,000","4,155,000,000","4,133,000,000","1,157,000,000","1,141,000,000","3,990,000,000","1,173,000,000","1,111,000,000","1,085,000,000","1,096,000,000","1,103,000,000","1,071,000,000","1,046,000,000","1,091,000,000","1,114,000,000","1,024,000,000","1,009,000,000","1,042,000,000","1,051,000,000",,,,,,,,,,,,,,,,,,,,,,"1,351,000,000","1,480,000,000","1,614,000,000",,"1,644,000,000","1,680,000,000","1,686,000,000",,"1,676,000,000","1,706,000,000","1,763,000,000",,"1,681,000,000","1,675,000,000","1,642,000,000",,"1,505,000,000","1,458,000,000","1,106,000,000",,"935,000,000","926,000,000","926,000,000","2,200,000,000","431,000,000","85,600,000","87,500,000","60,900,000","129,100,000","48,400,000","99,800,000","5,400,000","49,700,000","98,500,000","90,400,000","-66,300,000","61,100,000","46,600,000",
GrossProfit,"49,271,000,000","12,650,000,000","12,813,000,000","12,055,000,000","11,753,000,000","11,923,000,000","11,183,000,000","9,320,000,000","10,738,000,000","11,291,000,000","10,604,000,000","10,484,000,000","10,476,000,000","10,272,000,000","9,561,000,000","9,612,000,000","9,508,000,000","9,615,000,000","8,919,000,000","8,938,000,000","8,826,000,000","8,839,000,000","8,571,000,000","8,601,000,000","8,546,000,000","8,563,000,000","8,212,000,000","8,227,000,000","8,038,000,000","7,977,000,000","7,681,000,000","7,698,000,000","7,300,000,000","7,272,000,000","6,999,000,000","6,980,000,000","6,961,000,000","6,933,000,000","6,687,000,000","6,690,000,000","7,780,000,000","6,992,000,000","6,787,000,000","6,768,000,000","6,780,000,000","6,460,000,000","6,413,000,000","6,505,000,000","6,344,000,000","6,364,000,000","6,327,000,000","3,328,000,000","3,298,000,000","6,108,000,000","5,861,000,000","2,990,000,000","5,954,000,000","5,772,000,000","5,484,000,000","5,633,000,000","5,574,000,000","5,418,000,000","5,167,000,000","5,269,000,000","5,301,000,000","5,154,000,000","5,016,000,000","5,028,000,000","5,131,000,000",,,,,,,,,,,,,,,,,,,,,,"2,548,000,000","2,681,000,000","3,041,000,000",,"2,935,000,000","3,101,000,000","3,215,000,000",,"2,936,000,000","3,481,000,000","3,565,000,000",,"3,206,000,000","3,258,000,000","3,309,000,000",,"2,866,000,000","2,903,000,000","2,231,000,000",,"1,793,000,000","1,763,000,000","1,852,000,000","4,223,000,000","807,000,000","205,200,000","205,400,000","172,600,000","84,200,000","114,000,000","52,600,000","121,100,000","75,400,000","10,200,000","10,300,000","169,100,000","6,600,000","7,800,000",
OperatingExpense,"39,593,000,000","10,264,000,000","10,340,000,000","9,570,000,000","9,419,000,000","9,473,000,000","9,864,000,000","7,346,000,000","9,219,000,000","9,267,000,000","8,970,000,000","8,835,000,000","8,565,000,000","8,349,000,000","8,056,000,000","7,954,000,000","7,952,000,000","7,812,000,000","7,695,000,000","7,382,000,000","7,352,000,000","7,146,000,000","7,131,000,000","7,048,000,000","7,034,000,000","6,920,000,000","6,888,000,000","6,698,000,000","6,569,000,000","6,491,000,000","6,327,000,000","6,161,000,000","6,112,000,000","6,019,000,000","5,848,000,000","5,728,000,000","5,825,000,000","5,788,000,000","5,571,000,000","5,541,000,000","6,385,000,000","5,781,000,000","5,805,000,000","5,779,000,000","5,624,000,000","5,444,000,000","5,475,000,000","5,445,000,000","5,193,000,000","5,443,000,000","5,461,000,000","2,350,000,000","2,262,000,000","5,278,000,000","5,198,000,000","2,304,000,000","5,131,000,000","4,981,000,000","4,857,000,000","4,814,000,000","4,653,000,000","4,488,000,000","4,579,000,000","4,557,000,000","4,453,000,000","4,483,000,000","4,404,000,000","4,274,000,000","4,264,000,000","5,255,000,000","5,241,000,000","5,097,000,000","5,205,000,000","4,937,000,000","4,812,000,000","4,907,000,000","4,355,000,000","4,968,000,000","4,449,000,000","4,172,000,000","4,091,000,000","4,263,000,000","3,828,000,000","3,864,000,000","3,773,000,000","3,891,000,000","3,611,000,000","4,326,000,000","3,621,000,000","7,846,000,000","2,163,000,000","2,283,000,000","2,494,000,000","8,963,000,000","2,581,000,000","2,649,000,000","2,665,000,000","10,128,000,000","2,583,000,000","2,658,000,000","2,664,000,000","9,158,000,000","2,568,000,000","2,532,000,000","2,497,000,000","8,576,000,000","2,297,000,000","2,258,000,000","1,666,000,000","5,379,000,000","1,453,000,000","1,385,000,000","1,407,000,000","3,274,000,000","688,000,000","190,500,000","188,100,000","148,700,000","81,700,000","105,800,000","46,200,000","116,400,000","70,800,000","5,100,000","4,900,000","166,700,000","3,200,000","2,300,000",
	SellingGeneralAndAdministration,"26,779,000,000","6,999,000,000","7,094,000,000","6,385,000,000","6,301,000,000","6,329,000,000","6,097,000,000","5,330,000,000","6,118,000,000","6,105,000,000","5,971,000,000","5,837,000,000","5,647,000,000","5,485,000,000","5,377,000,000","5,274,000,000","5,289,000,000","5,181,000,000","5,081,000,000","4,896,000,000","4,901,000,000","4,764,000,000","4,740,000,000","4,691,000,000","4,702,000,000","4,606,000,000","4,619,000,000","4,492,000,000","4,398,000,000","4,282,000,000","4,211,000,000","4,098,000,000","4,050,000,000","3,965,000,000","3,916,000,000","3,848,000,000","3,917,000,000","3,865,000,000","3,781,000,000","3,707,000,000","3,736,000,000","3,492,000,000","3,333,000,000","3,320,000,000","3,295,000,000","3,202,000,000","3,134,000,000","3,076,000,000","3,072,000,000","3,078,000,000","3,013,000,000",,,"2,877,000,000","2,883,000,000",,"2,839,000,000","2,712,000,000","2,701,000,000","2,654,000,000","2,647,000,000","2,593,000,000","2,600,000,000","2,605,000,000","2,611,000,000","2,538,000,000","2,484,000,000","2,463,000,000","2,443,000,000","2,402,000,000","2,350,000,000","2,334,000,000","2,333,000,000","2,219,000,000","2,189,000,000","2,178,000,000","2,096,000,000","2,063,000,000","1,999,000,000","1,960,000,000","1,930,000,000","1,867,000,000","1,808,000,000","1,822,000,000","1,782,000,000","1,683,000,000","1,650,000,000","1,645,000,000","1,661,000,000","645,000,000","1,901,000,000","2,005,000,000","2,198,000,000","848,000,000","2,269,000,000","2,338,000,000","2,356,000,000","1,034,000,000","2,264,000,000","2,345,000,000","2,364,000,000","1,094,000,000","2,266,000,000","2,253,000,000","2,229,000,000","1,064,000,000","2,046,000,000","2,012,000,000","1,489,000,000",,"1,301,000,000","1,241,000,000","1,263,000,000","2,897,000,000","612,000,000","174,800,000","172,900,000","136,900,000","72,100,000","97,200,000","37,900,000","110,100,000","64,500,000",,,,,,
		GeneralAndAdministrativeExpense,"26,779,000,000","6,999,000,000","7,094,000,000","6,385,000,000","6,301,000,000","6,329,000,000","6,097,000,000","5,330,000,000","6,118,000,000","6,105,000,000","5,971,000,000","5,837,000,000","5,647,000,000","5,485,000,000","5,377,000,000","5,274,000,000","5,289,000,000","5,181,000,000","5,081,000,000","4,896,000,000","4,901,000,000","4,764,000,000","4,740,000,000","4,691,000,000","4,702,000,000","4,606,000,000","4,619,000,000","4,492,000,000","4,398,000,000","4,282,000,000","4,211,000,000","4,098,000,000","4,050,000,000","3,965,000,000","3,916,000,000","3,848,000,000","3,917,000,000","3,865,000,000","3,781,000,000","3,707,000,000","3,736,000,000","3,492,000,000","3,333,000,000","3,320,000,000","3,295,000,000","3,202,000,000","3,134,000,000","3,076,000,000","3,072,000,000","3,078,000,000","3,013,000,000",,,"2,877,000,000","2,883,000,000",,"2,839,000,000","2,712,000,000","2,701,000,000","2,654,000,000","2,647,000,000","2,593,000,000","2,600,000,000",,,,,,,,,,,,,,,,,,,,,,,,,,,,,,,,,,,,,,,,,,,,,,,,,,,,,,,,,,,,,,,,,,
			SalariesAndWages,"26,779,000,000","6,999,000,000","7,094,000,000","6,385,000,000","6,301,000,000","6,329,000,000","6,097,000,000","5,330,000,000","6,118,000,000","6,105,000,000","5,971,000,000","5,837,000,000","5,647,000,000","5,485,000,000","5,377,000,000","5,274,000,000","5,289,000,000","5,181,000,000","5,081,000,000","4,896,000,000","4,901,000,000","4,764,000,000","4,740,000,000","4,691,000,000","4,702,000,000","4,606,000,000","4,619,000,000","4,492,000,000","4,398,000,000","4,282,000,000","4,211,000,000","4,098,000,000","4,050,000,000","3,965,000,000","3,916,000,000","3,848,000,000","3,917,000,000","3,865,000,000","3,781,000,000","3,707,000,000","3,736,000,000","3,492,000,000","3,333,000,000","3,320,000,000","3,295,000,000","3,202,000,000","3,134,000,000","3,076,000,000","3,072,000,000","3,078,000,000","3,013,000,000",,,"2,877,000,000","2,883,000,000",,"2,839,000,000","2,712,000,000","2,701,000,000","2,654,000,000","2,647,000,000","2,593,000,000","2,600,000,000",,,,,,,,,,,,,,,,,,,,,,,,,,,,,,,,,,,,,,,,,,,,,,,,,,,,,,,,,,,,,,,,,,
	DepreciationAmortizationDepletionIncomeStatement,"2,853,000,000","728,000,000","716,000,000","712,000,000","697,000,000","662,000,000","694,000,000","691,000,000","674,000,000","694,000,000","647,000,000","636,000,000","619,000,000","581,000,000","582,000,000","562,000,000","553,000,000","550,000,000","539,000,000","521,000,000","521,000,000","503,000,000","495,000,000","489,000,000","479,000,000","480,000,000","482,000,000","469,000,000","473,000,000","459,000,000","460,000,000","454,000,000","447,000,000","461,000,000","443,000,000","425,000,000","424,000,000","425,000,000","417,000,000","420,000,000","417,000,000","387,000,000","362,000,000","358,000,000","358,000,000","359,000,000","352,000,000","355,000,000","355,000,000","358,000,000","354,000,000","360,000,000","353,000,000","354,000,000","350,000,000","355,000,000","357,000,000","354,000,000","356,000,000","361,000,000","355,000,000","346,000,000","348,000,000","352,000,000","345,000,000","336,000,000","337,000,000","364,000,000","337,000,000","318,000,000","326,000,000","315,000,000","303,000,000","290,000,000","283,000,000","408,000,000","261,000,000","277,000,000","253,000,000","255,000,000","244,000,000","274,000,000","272,000,000","262,000,000","257,000,000","355,000,000","274,000,000","265,000,000","256,000,000","478,000,000","262,000,000","278,000,000","296,000,000","857,000,000","312,000,000","311,000,000","309,000,000","757,000,000","319,000,000","313,000,000","300,000,000","306,000,000","302,000,000","279,000,000","268,000,000","251,000,000","251,000,000","246,000,000","177,000,000","169,000,000","152,000,000","144,000,000","144,000,000","377,000,000","76,000,000","15,700,000","15,200,000","11,800,000","9,600,000","8,600,000","8,300,000","6,300,000","6,300,000","5,100,000","4,900,000","4,500,000","3,200,000","2,300,000",
		DepreciationAndAmortizationInIncomeStatement,"2,853,000,000","728,000,000","716,000,000","712,000,000","697,000,000","662,000,000","694,000,000","691,000,000","674,000,000","694,000,000","647,000,000","636,000,000","619,000,000","581,000,000","582,000,000","562,000,000","553,000,000","550,000,000","539,000,000","521,000,000","521,000,000","503,000,000","495,000,000","489,000,000","479,000,000","480,000,000","482,000,000","469,000,000","473,000,000","459,000,000","460,000,000","454,000,000","447,000,000","461,000,000","443,000,000","425,000,000","424,000,000","425,000,000","417,000,000","420,000,000","417,000,000","387,000,000","362,000,000","358,000,000","358,000,000","359,000,000","352,000,000","355,000,000","355,000,000","358,000,000","354,000,000","360,000,000","353,000,000","354,000,000","350,000,000","355,000,000","357,000,000","354,000,000","356,000,000","361,000,000","355,000,000","346,000,000","348,000,000","352,000,000","345,000,000","336,000,000","337,000,000","364,000,000","337,000,000","318,000,000","314,000,000","315,000,000","303,000,000","290,000,000","283,000,000","278,000,000","261,000,000","258,000,000","253,000,000","255,000,000","244,000,000","274,000,000","255,000,000","262,000,000","257,000,000","255,000,000","257,000,000","265,000,000","256,000,000","258,000,000","262,000,000","278,000,000","296,000,000","315,000,000","312,000,000","311,000,000","309,000,000","315,000,000","319,000,000","313,000,000","300,000,000","306,000,000","302,000,000","279,000,000","268,000,000","251,000,000","251,000,000","246,000,000","177,000,000","169,000,000","152,000,000","144,000,000","144,000,000","377,000,000","76,000,000","15,700,000","15,200,000","11,800,000","9,600,000","8,600,000","8,300,000","6,300,000","6,300,000","5,100,000","4,900,000","4,500,000","3,200,000","2,300,000",
			DepreciationIncomeStatement,,,,,,,,,,,,,,,,,,,,,,,,,,,,,,,,,,,,,,,,,,,,,,,,,,,,,,,,,,,,,,,,,,,,,,,,,,,,,,,"253,000,000","255,000,000",,,,,,,,,,,"262,000,000","278,000,000","296,000,000",,"312,000,000","311,000,000","309,000,000",,"319,000,000","313,000,000","300,000,000",,"302,000,000","279,000,000","268,000,000",,"251,000,000","246,000,000","177,000,000",,"152,000,000","144,000,000","144,000,000","377,000,000","76,000,000","15,700,000","15,200,000","11,800,000","9,600,000","8,600,000","8,300,000","6,300,000","6,300,000","5,100,000","4,900,000","4,500,000","3,200,000","2,300,000",
			Amortization,,,,,,,,,,,,,,,,,,,,,,,,,,,,,,,,,,,,,,,,,,,,,,,,,,,,,,,,,,,,,,,,,,,,,,,,,,,,,,,"0","0",,,,,,,,,,,,,,,,,,,,,,,,,,,,,,,,,,,,,,,,,,,,,,,,,
				AmortizationOfIntangiblesIncomeStatement,,,,,,,,,,,,,,,,,,,,,,,,,,,,,,,,,,,,,,,,,,,,,,,,,,,,,,,,,,,,,,,,,,,,,,,,,,,,,,,"0","0",,,,,,,,,,,,,,,,,,,,,,,,,,,,,,,,,,,,,,,,,,,,,,,,,
		DepletionIncomeStatement,,,,,,,,,,,,,,,,,,,,,,,,,,,,,,,,,,,,,,,,,,,,,,,,,,,,,,,,,,,,,,,,,,,,,,"0","12,000,000","0",,"0","0","130,000,000",,,,,,"0","17,000,000",,,"100,000,000","17,000,000","0","0",,,,,,,,,,,,,,,,,,,,,,,,,,,,,,,,,,,,,,,,
	ProvisionForDoubtfulAccounts,,,,,,,,,,,,,,,,,,,,,,,,,,,,,,,,,,,,,,,,,"794,000,000","660,000,000","740,000,000","775,000,000","649,000,000","575,000,000","721,000,000","788,000,000","564,000,000","693,000,000","910,000,000","866,000,000","807,000,000","889,000,000","819,000,000","813,000,000","888,000,000","912,000,000","774,000,000","753,000,000","691,000,000","710,000,000","677,000,000","677,000,000","596,000,000","625,000,000","618,000,000","541,000,000","574,000,000",,,,,,,,,,,,,,,,,,,,,,,,,,,,,,,,,,,,,,,,,,,,,,,,,,,,,,,,,,,,
	OtherOperatingExpenses,"9,961,000,000","2,537,000,000","2,530,000,000","2,473,000,000","2,421,000,000","2,482,000,000","3,073,000,000","1,325,000,000","2,427,000,000","2,468,000,000","2,352,000,000","2,362,000,000","2,299,000,000","2,283,000,000","2,097,000,000","2,118,000,000","2,110,000,000","2,081,000,000","2,075,000,000","1,965,000,000","1,930,000,000","1,879,000,000","1,896,000,000","1,868,000,000","1,853,000,000","1,834,000,000","1,787,000,000","1,737,000,000","1,698,000,000","1,750,000,000","1,656,000,000","1,609,000,000","1,615,000,000","1,593,000,000","1,489,000,000","1,455,000,000","1,484,000,000","1,498,000,000","1,373,000,000","1,414,000,000","1,438,000,000","1,242,000,000","1,370,000,000","1,326,000,000","1,322,000,000","1,308,000,000","1,268,000,000","1,226,000,000","1,202,000,000","1,314,000,000","1,184,000,000","1,124,000,000","1,102,000,000","1,158,000,000","1,146,000,000","1,136,000,000","1,047,000,000","1,003,000,000","1,026,000,000","1,046,000,000","960,000,000","839,000,000","954,000,000","923,000,000","901,000,000","984,000,000","965,000,000","906,000,000","910,000,000","2,535,000,000","2,565,000,000","2,448,000,000","2,569,000,000","2,428,000,000","2,340,000,000","2,321,000,000","1,998,000,000","2,628,000,000","2,197,000,000","1,957,000,000","1,917,000,000","2,122,000,000","1,748,000,000","1,780,000,000","1,734,000,000","1,853,000,000","1,687,000,000","2,416,000,000","1,704,000,000",,,,,,,,,,,,,,,,,,,,,,,,,,,,,,,,,,,,,,,,
OperatingIncome,"9,678,000,000","2,386,000,000","2,473,000,000","2,485,000,000","2,334,000,000","2,450,000,000","1,319,000,000","1,974,000,000","1,519,000,000","2,024,000,000","1,634,000,000","1,649,000,000","1,911,000,000","1,923,000,000","1,505,000,000","1,658,000,000","1,556,000,000","1,803,000,000","1,224,000,000","1,556,000,000","1,474,000,000","1,693,000,000","1,440,000,000","1,553,000,000","1,512,000,000","1,643,000,000","1,324,000,000","1,529,000,000","1,469,000,000","1,486,000,000","1,354,000,000","1,537,000,000","1,188,000,000","1,253,000,000","1,151,000,000","1,252,000,000","1,136,000,000","1,145,000,000","1,116,000,000","1,149,000,000","1,395,000,000","1,211,000,000","982,000,000","989,000,000","1,156,000,000","1,016,000,000","938,000,000","1,060,000,000","1,151,000,000","921,000,000","866,000,000","978,000,000","1,036,000,000","830,000,000","663,000,000","686,000,000","823,000,000","791,000,000","627,000,000","819,000,000","921,000,000","930,000,000","588,000,000","712,000,000","848,000,000","671,000,000","612,000,000","754,000,000","867,000,000","685,000,000","551,000,000","736,000,000","732,000,000","660,000,000","659,000,000","560,000,000","918,000,000","56,000,000","480,000,000","731,000,000","782,000,000","275,000,000","610,000,000","612,000,000","728,000,000","282,000,000","482,000,000","-193,000,000","650,000,000","541,000,000","385,000,000","398,000,000","547,000,000","467,000,000","354,000,000","452,000,000","550,000,000","-816,000,000","353,000,000","823,000,000","901,000,000","978,000,000","638,000,000","726,000,000","812,000,000","417,000,000","569,000,000","645,000,000","565,000,000","345,000,000","340,000,000","378,000,000","445,000,000","949,000,000","119,000,000","14,700,000","17,300,000","23,900,000","2,500,000","8,200,000","6,400,000","4,700,000","4,600,000","5,100,000","5,400,000","2,400,000","3,400,000","5,500,000","47,700,000"
NetNonOperatingInterestIncomeExpense,"-1,566,000,000","-398,000,000","-398,000,000","-386,000,000","-384,000,000","-383,000,000","-385,000,000","-388,000,000","-428,000,000","-438,000,000","-448,000,000","-477,000,000","-461,000,000","-446,000,000","-442,000,000","-436,000,000","-431,000,000","-433,000,000","-427,000,000","-411,000,000","-419,000,000","-432,000,000","-432,000,000","-427,000,000","-416,000,000","-410,000,000","-411,000,000","-425,000,000","-419,000,000","-429,000,000","-427,000,000","-427,000,000","-460,000,000","-456,000,000","-458,000,000","-462,000,000","-472,000,000","-462,000,000","-446,000,000","-448,000,000","-442,000,000","-465,000,000","-519,000,000","-520,000,000","-533,000,000","-526,000,000","-525,000,000","-530,000,000","-516,000,000","-500,000,000","-510,000,000","-506,000,000","-471,000,000","-500,000,000","-497,000,000","-494,000,000","-530,000,000","-541,000,000","-560,000,000","-557,000,000","-557,000,000","-373,000,000","-200,000,000","-196,000,000","-186,000,000","-166,000,000","-160,000,000","-165,000,000","-164,000,000",,,,,,,,,,,,,,,,,,,,,,,,,,,,,,,,,,,,,,,,,,,,,,,,,,,,,,,,,,,,
	InterestExpenseNonOperating,"1,566,000,000","398,000,000","398,000,000","386,000,000","384,000,000","383,000,000","385,000,000","388,000,000","428,000,000","438,000,000","448,000,000","477,000,000","461,000,000","446,000,000","442,000,000","436,000,000","431,000,000","433,000,000","427,000,000","411,000,000","419,000,000","432,000,000","432,000,000","427,000,000","416,000,000","410,000,000","411,000,000","425,000,000","419,000,000","429,000,000","427,000,000","427,000,000","460,000,000","456,000,000","458,000,000","462,000,000","472,000,000","462,000,000","446,000,000","448,000,000","442,000,000","465,000,000","519,000,000","520,000,000","533,000,000","526,000,000","525,000,000","530,000,000","516,000,000","500,000,000","510,000,000","506,000,000","471,000,000","500,000,000","497,000,000","494,000,000","530,000,000","541,000,000","560,000,000","557,000,000","557,000,000","373,000,000","200,000,000","196,000,000","186,000,000","166,000,000","160,000,000","165,000,000","164,000,000",,,,,,,,,,,,,,,,,,,,,,,,,,,,,,,,,,,,,,,,,,,,,,,,,,,,,,,,,,,,
OtherIncomeExpense,"1,721,000,000","598,000,000","1,082,000,000","18,000,000","23,000,000","5,000,000","54,000,000","-26,000,000","-281,000,000","21,000,000","-207,000,000","26,000,000","10,000,000","12,000,000","6,000,000","16,000,000","414,000,000","7,000,000","-19,000,000","15,000,000","11,000,000","304,000,000","10,000,000","6,000,000","-1,000,000","-181,000,000","-70,000,000","-120,000,000","28,000,000","-89,000,000","2,000,000","-206,000,000","-48,000,000","3,000,000","8,000,000","16,000,000","-25,000,000","-128,000,000","7,000,000","-2,000,000","10,000,000","1,043,000,000","68,000,000","-2,000,000","76,000,000","72,000,000","57,000,000","-16,000,000","50,000,000","37,000,000","50,000,000","54,000,000","54,000,000","117,000,000","95,000,000","43,000,000","-5,000,000","99,000,000","272,000,000","-68,000,000","-56,000,000","-354,000,000","-12,000,000","51,000,000","55,000,000","95,000,000","43,000,000","78,000,000","40,000,000",,,,,,,,,,,,,"-21,000,000","-17,000,000","-13,000,000","-14,000,000","-21,000,000","-16,000,000","-12,000,000","-13,000,000","-176,000,000","-16,000,000","-46,000,000","-78,000,000","-89,000,000","-166,000,000","2,000,000","4,000,000","-192,000,000","-45,000,000","35,000,000","62,000,000",,"39,000,000","47,000,000","41,000,000",,"29,000,000","-369,000,000","19,000,000",,"15,000,000","21,000,000","-145,000,000","45,000,000","-142,000,000","20,500,000","19,200,000","9,200,000","22,700,000","13,200,000","12,500,000","10,600,000","10,600,000","8,900,000","8,300,000","7,000,000","5,900,000","3,600,000",
	EarningsFromEquityInterest,"113,000,000","35,000,000","35,000,000","22,000,000","21,000,000","6,000,000","40,000,000","1,000,000","7,000,000","20,000,000","4,000,000","8,000,000","11,000,000","4,000,000","9,000,000","7,000,000","9,000,000","9,000,000","13,000,000","13,000,000","10,000,000","10,000,000","22,000,000","10,000,000","12,000,000","8,000,000","9,000,000","10,000,000","19,000,000","11,000,000","14,000,000","9,000,000","9,000,000","0","9,000,000","12,000,000","8,000,000","10,000,000",,,"11,000,000","41,000,000","68,000,000","73,000,000","76,000,000","72,000,000","67,000,000","75,000,000","68,000,000","64,000,000","53,000,000","61,000,000","68,000,000",,,"62,000,000",,,,,,,,,,,,,,,,,,,,,,,,,,,,,,,,,,,,,,,,,,,,,,,,,,,,,,,,,,,,,,,,,,,,,,,,,
	SpecialIncomeCharges,"1,608,000,000","563,000,000","1,047,000,000","-4,000,000","2,000,000","-1,000,000","14,000,000","-27,000,000","-288,000,000","1,000,000","-211,000,000","18,000,000","-1,000,000","8,000,000","-3,000,000","9,000,000","405,000,000","-2,000,000","-32,000,000","2,000,000","1,000,000","294,000,000","-12,000,000","-4,000,000","-13,000,000","-189,000,000","-79,000,000","-130,000,000","9,000,000","-100,000,000","-12,000,000","-215,000,000","-57,000,000","3,000,000","-1,000,000","4,000,000","-33,000,000","-164,000,000","7,000,000","-2,000,000","-1,000,000","1,002,000,000","0","-75,000,000","0","0","-10,000,000","-91,000,000","-18,000,000","-27,000,000","-3,000,000","-7,000,000","-14,000,000","-106,000,000","95,000,000","-19,000,000","-5,000,000","99,000,000","272,000,000","-68,000,000","-56,000,000","-354,000,000","-12,000,000","51,000,000","55,000,000","95,000,000","43,000,000","78,000,000","40,000,000",,,,,,,,,,,,,"-21,000,000","-17,000,000","-13,000,000","-14,000,000","-21,000,000","-16,000,000","-12,000,000","-13,000,000","-176,000,000","-16,000,000","-46,000,000","-78,000,000","-89,000,000","-166,000,000","2,000,000","4,000,000","-192,000,000","-45,000,000","35,000,000","62,000,000",,"39,000,000","47,000,000","41,000,000",,"29,000,000","-369,000,000","19,000,000",,"15,000,000","21,000,000","-145,000,000","45,000,000","-142,000,000","20,500,000","19,200,000","9,200,000","22,700,000","13,200,000","12,500,000","10,600,000","10,600,000","8,900,000","8,300,000","7,000,000","5,900,000","3,600,000",
		RestructuringAndMergernAcquisition,,,,,,,,,,,,,,,,,,,,,,,,,,,,,,,,,,,,,,"0",,,,,,,,,,,,,,,,,,,,,,,,,,,,,,,,,,,,,,,,,,,,"21,000,000","17,000,000","13,000,000","14,000,000","21,000,000","16,000,000","12,000,000","13,000,000",,,,,,,,,,,,,,,,,,,,,,,,,,,,,,,,,,,,,,,,
		ImpairmentOfCapitalAssets,,,,,,,,,,,,,,,,,,,,,,,,,,,,,,,,,,,,,,,,,,"0","0","0","0",,"10,000,000","91,000,000","18,000,000","27,000,000","3,000,000","4,000,000","9,000,000",,,"9,000,000",,,,,,,,,,,,,,,,,,,,,,,,,,,,,,,,,,,,,,,,,,,,,,,,,,,,,,,,,,,,,,,,,,,,,,,,,
		OtherSpecialCharges,"12,000,000","0",,"12,000,000",,"0",,,"295,000,000","0","211,000,000",,,"0","9,000,000",,,"0","39,000,000",,,"-279,000,000","15,000,000","10,000,000","12,000,000","182,000,000","77,000,000","125,000,000",,"109,000,000",,"226,000,000","78,000,000","0",,,"17,000,000","175,000,000",,,,,,"75,000,000",,,,,,,,"3,000,000","5,000,000","-48,000,000","-45,000,000","10,000,000",,,,,,,,,,,,,,,,,,,,,,,,,,,,,,,,,,,,,,,,,,,,,,,,,,,,,,,,,,,,,,,,,,,,,,,,,
		GainOnSaleOfPPE,"1,620,000,000","563,000,000","1,047,000,000","8,000,000","2,000,000","-1,000,000","14,000,000","-27,000,000","7,000,000","1,000,000","0","18,000,000","-1,000,000","8,000,000","6,000,000","9,000,000","405,000,000","-2,000,000","7,000,000","2,000,000","1,000,000","15,000,000","3,000,000","6,000,000","-1,000,000","-7,000,000","-2,000,000","-5,000,000","9,000,000","9,000,000","-12,000,000","11,000,000","21,000,000","3,000,000","-1,000,000","4,000,000","-16,000,000","11,000,000",,,,,,,,,,,,,,,,,"50,000,000",,,,,,,,,,,,,,,,,,,,,,,,,,,,,,,,,,,,,,,,,,,,,,,,,,,,,,,,,,,,,,,,,,,,,,,,,,
PretaxIncome,"9,833,000,000","2,586,000,000","3,157,000,000","2,117,000,000","1,973,000,000","2,072,000,000","988,000,000","1,560,000,000","810,000,000","1,607,000,000","979,000,000","1,198,000,000","1,460,000,000","1,489,000,000","1,069,000,000","1,238,000,000","1,539,000,000","1,377,000,000","778,000,000","1,160,000,000","1,066,000,000","1,565,000,000","1,018,000,000","1,132,000,000","1,095,000,000","1,052,000,000","843,000,000","984,000,000","1,078,000,000","968,000,000","929,000,000","904,000,000","680,000,000","800,000,000","701,000,000","806,000,000","639,000,000","555,000,000","677,000,000","699,000,000","963,000,000","2,454,000,000","123,000,000","467,000,000","517,000,000","564,000,000","468,000,000","514,000,000","685,000,000","451,000,000","406,000,000","526,000,000","619,000,000","311,000,000","163,000,000","179,000,000","288,000,000","349,000,000","339,000,000","194,000,000","308,000,000","203,000,000","376,000,000","475,000,000","607,000,000","508,000,000","409,000,000","569,000,000","663,000,000","482,000,000","367,000,000","565,000,000","559,000,000","503,000,000","498,000,000","390,000,000","765,000,000","-87,000,000","335,000,000","581,000,000","626,000,000","109,000,000","423,000,000","891,000,000","542,000,000","101,000,000","293,000,000","-711,000,000","492,000,000","203,000,000","234,000,000","220,000,000","570,000,000","15,000,000","394,000,000","291,000,000","381,000,000","-1,165,000,000","150,000,000","688,000,000","800,000,000","693,000,000","519,000,000","608,000,000","695,000,000","590,000,000","457,000,000","130,000,000","486,000,000","372,000,000","289,000,000","337,000,000","233,000,000","776,000,000","-60,000,000","16,100,000","17,200,000","16,600,000","8,700,000","9,200,000","8,100,000","6,800,000","6,700,000","5,800,000","5,700,000","3,800,000","3,900,000","3,400,000",
TaxProvision,"2,112,000,000","581,000,000","685,000,000","453,000,000","393,000,000","378,000,000","209,000,000","344,000,000","112,000,000","334,000,000","215,000,000","271,000,000","279,000,000","244,000,000","173,000,000","272,000,000","257,000,000","736,000,000","248,000,000","365,000,000","289,000,000","480,000,000","273,000,000","341,000,000","284,000,000","314,000,000","270,000,000","319,000,000","358,000,000","292,000,000","318,000,000","272,000,000","226,000,000","246,000,000","234,000,000","269,000,000","201,000,000","128,000,000","222,000,000","214,000,000","324,000,000","412,000,000","-23,000,000","147,000,000","183,000,000","170,000,000","143,000,000","136,000,000","209,000,000","147,000,000","132,000,000","161,000,000","187,000,000","35,000,000","77,000,000","38,000,000","118,000,000","71,000,000","39,000,000","78,000,000","128,000,000","81,000,000","136,000,000","180,000,000","228,000,000","183,000,000","129,000,000","164,000,000","249,000,000","160,000,000","140,000,000","213,000,000","214,000,000","186,000,000","192,000,000","150,000,000","296,000,000","15,000,000","135,000,000","231,000,000","241,000,000","51,000,000","167,000,000","168,000,000","216,000,000","80,000,000","119,000,000","-98,000,000","196,000,000","112,000,000","96,000,000","114,000,000","248,000,000","38,000,000","231,000,000","118,000,000","162,000,000","-416,000,000","59,000,000","276,000,000","321,000,000","279,000,000","208,000,000","244,000,000","279,000,000","236,000,000","183,000,000","52,000,000","194,000,000","145,000,000","113,000,000","132,000,000","96,000,000","316,000,000","-15,000,000","6,400,000","6,800,000","6,700,000","3,400,000","3,500,000","3,100,000","2,700,000","2,600,000","2,300,000","2,200,000","1,100,000","1,000,000","1,100,000",
NetIncomeCommonStockholders,"6,956,000,000","1,814,000,000","2,269,000,000","1,450,000,000","1,423,000,000","1,426,000,000","668,000,000","1,079,000,000","581,000,000","1,071,000,000","612,000,000","783,000,000","1,039,000,000","1,064,000,000","759,000,000","820,000,000","1,144,000,000","474,000,000","426,000,000","657,000,000","659,000,000","920,000,000","618,000,000","658,000,000","694,000,000","582,000,000","449,000,000","507,000,000","591,000,000","527,000,000","518,000,000","483,000,000","347,000,000","424,000,000","365,000,000","423,000,000","344,000,000","314,000,000","360,000,000","391,000,000","540,000,000","1,935,000,000","61,000,000","229,000,000","240,000,000","283,000,000","243,000,000","293,000,000","388,000,000","216,000,000","196,000,000","282,000,000","360,000,000","276,000,000","86,000,000","141,000,000","170,000,000","278,000,000","300,000,000","116,000,000","180,000,000","122,000,000","240,000,000","295,000,000","379,000,000","325,000,000","280,000,000","405,000,000","414,000,000","322,000,000","227,000,000","352,000,000","345,000,000","317,000,000","306,000,000","240,000,000","469,000,000","-102,000,000","200,000,000","350,000,000","385,000,000","41,000,000","256,000,000","263,000,000","326,000,000","21,000,000","174,000,000","-272,000,000","296,000,000","91,000,000","138,000,000","106,000,000","322,000,000","-42,000,000","146,000,000","78,000,000","197,000,000","-1,293,000,000","97,000,000","412,000,000","479,000,000","414,000,000","311,000,000","364,000,000","416,000,000","354,000,000","267,000,000","-18,000,000","292,000,000","227,000,000","153,000,000","205,000,000","45,000,000","446,000,000","-115,000,000","9,700,000","10,400,000","9,900,000","5,300,000","5,700,000","4,600,000","4,100,000","4,100,000","3,500,000","3,500,000","2,700,000","2,900,000","2,300,000","1,800,000"
	NetIncome,"6,956,000,000","1,814,000,000","2,269,000,000","1,450,000,000","1,423,000,000","1,426,000,000","668,000,000","1,079,000,000","581,000,000","1,071,000,000","612,000,000","783,000,000","1,039,000,000","1,064,000,000","759,000,000","820,000,000","1,144,000,000","474,000,000","426,000,000","657,000,000","659,000,000","920,000,000","618,000,000","658,000,000","694,000,000","582,000,000","449,000,000","507,000,000","591,000,000","527,000,000","518,000,000","483,000,000","347,000,000","424,000,000","365,000,000","423,000,000","344,000,000","314,000,000","360,000,000","391,000,000","540,000,000","1,935,000,000","61,000,000","229,000,000","240,000,000","283,000,000","243,000,000","293,000,000","388,000,000","216,000,000","196,000,000","282,000,000","360,000,000","276,000,000","86,000,000","141,000,000","170,000,000","278,000,000","300,000,000","116,000,000","180,000,000","122,000,000","240,000,000","295,000,000","379,000,000","325,000,000","280,000,000","405,000,000","414,000,000","322,000,000","227,000,000","352,000,000","345,000,000","317,000,000","306,000,000","240,000,000","469,000,000","-102,000,000","200,000,000","350,000,000","385,000,000","41,000,000","256,000,000","263,000,000","326,000,000","21,000,000","174,000,000","-272,000,000","296,000,000","91,000,000","138,000,000","106,000,000","322,000,000","-42,000,000","146,000,000","78,000,000","197,000,000","-1,293,000,000","97,000,000","412,000,000","479,000,000","414,000,000","311,000,000","364,000,000","416,000,000","354,000,000","267,000,000","-18,000,000","292,000,000","227,000,000","153,000,000","205,000,000","45,000,000","446,000,000","-115,000,000","9,700,000","10,400,000","9,900,000","5,300,000","5,700,000","4,600,000","4,100,000","4,100,000","3,500,000","3,500,000","2,700,000","2,900,000","2,300,000","1,800,000"
		NetIncomeIncludingNoncontrollingInterests,"7,721,000,000","2,005,000,000","2,472,000,000","1,664,000,000","1,580,000,000","1,694,000,000","779,000,000","1,216,000,000","698,000,000","1,273,000,000","764,000,000","927,000,000","1,181,000,000","1,245,000,000","896,000,000","966,000,000","1,282,000,000","641,000,000","530,000,000","795,000,000","777,000,000","1,085,000,000","745,000,000","791,000,000","811,000,000","738,000,000","573,000,000","665,000,000","720,000,000","676,000,000","611,000,000","632,000,000","454,000,000","554,000,000","467,000,000","537,000,000","438,000,000","427,000,000","455,000,000","485,000,000","639,000,000","2,042,000,000","146,000,000","320,000,000","334,000,000","394,000,000","325,000,000","378,000,000","476,000,000","304,000,000","274,000,000","365,000,000","432,000,000","276,000,000","86,000,000","197,000,000","170,000,000","278,000,000","300,000,000","116,000,000","180,000,000","122,000,000","240,000,000","295,000,000","379,000,000","325,000,000","280,000,000","405,000,000","414,000,000","371,000,000","273,000,000","387,000,000","383,000,000","347,000,000","340,000,000","287,000,000","508,000,000","-65,000,000","234,000,000","392,000,000","420,000,000","68,000,000","289,000,000","234,000,000","356,000,000","24,000,000","200,000,000","-301,000,000","322,000,000","189,000,000","125,000,000","92,000,000","308,000,000","82,000,000","130,000,000","60,000,000","177,000,000","-1,018,000,000","64,000,000","367,000,000","432,000,000","657,000,000","275,000,000","326,000,000","388,000,000","547,000,000","237,000,000","-43,000,000","269,000,000","269,000,000","149,000,000","199,000,000","42,000,000","447,000,000","-118,000,000","6,300,000","6,900,000","8,600,000","2,900,000","2,800,000","1,400,000","1,900,000","2,100,000","900,000","800,000","2,900,000","2,400,000","300,000","1,800,000"
			NetIncomeContinuousOperations,"7,721,000,000","2,005,000,000","2,472,000,000","1,664,000,000","1,580,000,000","1,694,000,000","779,000,000","1,216,000,000","698,000,000","1,273,000,000","764,000,000","927,000,000","1,181,000,000","1,245,000,000","896,000,000","966,000,000","1,282,000,000","641,000,000","530,000,000","795,000,000","777,000,000","1,085,000,000","745,000,000","791,000,000","811,000,000","738,000,000","573,000,000","665,000,000","720,000,000","676,000,000","611,000,000","632,000,000","454,000,000","554,000,000","467,000,000","537,000,000","438,000,000","427,000,000","455,000,000","485,000,000","639,000,000","2,042,000,000","146,000,000","320,000,000","334,000,000","394,000,000","325,000,000","378,000,000","476,000,000","304,000,000","274,000,000","365,000,000","432,000,000","276,000,000","86,000,000","197,000,000","170,000,000","278,000,000","300,000,000","116,000,000","180,000,000","122,000,000","240,000,000","295,000,000","379,000,000","325,000,000","280,000,000","405,000,000","414,000,000","371,000,000","273,000,000","387,000,000","383,000,000","347,000,000","340,000,000","287,000,000","508,000,000","-65,000,000","234,000,000","392,000,000","420,000,000","-34,000,000","289,000,000","234,000,000","356,000,000","-60,000,000","200,000,000","-301,000,000","322,000,000","91,000,000","138,000,000","106,000,000","322,000,000","-23,000,000","163,000,000","173,000,000","219,000,000","-749,000,000","91,000,000","412,000,000","479,000,000","414,000,000","311,000,000","364,000,000","416,000,000","354,000,000","274,000,000","78,000,000","292,000,000","227,000,000","176,000,000","205,000,000","137,000,000","460,000,000","-45,000,000","9,700,000","10,400,000","9,900,000","5,300,000","5,700,000","5,000,000","4,100,000","4,100,000","3,500,000","3,500,000","2,700,000","2,900,000","2,300,000","1,800,000"
			NetIncomeDiscontinuousOperations,,,,,,,,,,,,,,,,,,,,,,,,,,,,,,,,,,,,,,,,,,,,,,,,,,,,,,,,,,,,,,,,,,,,,,,,,,,,,,,,,,,,,,,,,,,,,,"-19,000,000","-17,000,000","-95,000,000","-22,000,000","-488,000,000","6,000,000",,,,,,,,,,,,,,,"0",,,,,,,,,,,,,,,
			NetIncomeFromTaxLossCarryforward,,,,,,,,,,,,,,,,,,,,,,,,,,,,,,,,,,,,,,,,,,,,,,,,,,,,,,,,,,,,,,,,,,,,,,,,,,,,,,,,,,,,,,,,,,,,,,,,,,,,,,,,,,,"-7,000,000","-96,000,000",,,"-23,000,000",,"-92,000,000","-14,000,000","-70,000,000",,,"0",,,"-400,000",,,,,,,,
		MinorityInterests,"-765,000,000","-191,000,000","-203,000,000","-214,000,000","-157,000,000","-268,000,000","-111,000,000","-137,000,000","-117,000,000","-202,000,000","-152,000,000","-144,000,000","-142,000,000","-181,000,000","-137,000,000","-146,000,000","-138,000,000","-167,000,000","-104,000,000","-138,000,000","-118,000,000","-165,000,000","-127,000,000","-133,000,000","-117,000,000","-156,000,000","-124,000,000","-158,000,000","-129,000,000","-149,000,000","-93,000,000","-149,000,000","-107,000,000","-130,000,000","-102,000,000","-114,000,000","-94,000,000","-113,000,000","-95,000,000","-94,000,000","-99,000,000","-107,000,000","-85,000,000","-91,000,000","-94,000,000","-111,000,000","-82,000,000","-85,000,000","-88,000,000","-88,000,000","-78,000,000","-83,000,000","-72,000,000",,,"-56,000,000",,,,,,,,,,,,,,"-49,000,000","-46,000,000","-35,000,000","-38,000,000","-30,000,000","-34,000,000","-47,000,000","-39,000,000","-37,000,000","-34,000,000","-42,000,000","-35,000,000","-27,000,000","-33,000,000","29,000,000","-30,000,000","-3,000,000","-26,000,000","29,000,000","-26,000,000","-98,000,000","13,000,000","14,000,000","14,000,000","-124,000,000","16,000,000","18,000,000","20,000,000","-275,000,000","33,000,000","45,000,000","47,000,000","-243,000,000","36,000,000","38,000,000","28,000,000","-193,000,000","30,000,000","25,000,000","23,000,000","-42,000,000","4,000,000","6,000,000","3,000,000","-1,000,000","3,000,000","3,400,000","3,500,000","1,300,000","2,400,000","2,900,000","3,200,000","2,200,000","2,000,000","2,600,000","2,700,000","-200,000","500,000","2,000,000",
DilutedNIAvailtoComStockholders,"6,956,000,000","1,814,000,000","2,269,000,000","1,450,000,000","1,423,000,000","1,426,000,000","668,000,000","1,079,000,000","581,000,000","1,071,000,000","612,000,000","783,000,000","1,039,000,000","1,064,000,000","759,000,000","820,000,000","1,144,000,000","474,000,000","426,000,000","657,000,000","659,000,000","920,000,000","618,000,000","658,000,000","694,000,000","582,000,000","449,000,000","507,000,000","591,000,000","527,000,000","518,000,000","483,000,000","347,000,000","424,000,000","365,000,000","423,000,000","344,000,000","314,000,000","360,000,000","391,000,000","540,000,000","1,935,000,000","61,000,000","229,000,000","240,000,000","283,000,000","243,000,000","293,000,000","388,000,000","216,000,000","196,000,000","282,000,000","360,000,000","276,000,000","86,000,000","141,000,000","170,000,000","278,000,000","300,000,000","116,000,000","180,000,000","122,000,000","240,000,000","295,000,000","379,000,000","325,000,000","280,000,000","405,000,000","414,000,000","322,000,000","227,000,000","352,000,000","345,000,000","317,000,000","306,000,000","240,000,000","469,000,000","-102,000,000","200,000,000","350,000,000","385,000,000","41,000,000","256,000,000","263,000,000","326,000,000","21,000,000","174,000,000","-272,000,000","296,000,000","91,000,000","138,000,000","106,000,000","322,000,000","-42,000,000","146,000,000","78,000,000","197,000,000","-1,293,000,000","97,000,000","412,000,000","479,000,000","414,000,000","311,000,000","364,000,000","416,000,000","354,000,000","267,000,000","-18,000,000","292,000,000","227,000,000","153,000,000","205,000,000","45,000,000","446,000,000","-115,000,000","9,700,000","10,400,000","9,900,000","5,300,000","5,700,000","4,600,000","4,100,000","4,100,000","3,500,000","3,500,000","2,700,000","2,900,000","2,300,000","1,800,000"
BasicEPS,,"5.938","7.238","4.492","4.264","4.201","1.974","3.193","1.721","3.164","1.8","2.293","3.029","3.103","2.199","2.365","3.259","1.354","1.193","1.81","1.787","2.483","1.643","1.731","1.763","1.46","1.088","1.22","1.41","1.253","1.195","1.12","0.781","0.965","0.816","0.946","0.772","0.708","0.816","0.89","1.232",,"0.12","0.43","0.54",,"0.57","0.687","0.909",,"0.459","0.661","0.844",,"0.202","0.33","0.398",,"0.703","0.272","0.422",,"0.59","0.73","0.94",,"0.63","0.91","0.97",,"0.47","0.73","0.71",,"0.62","0.47","0.92",,"0.39","0.68","0.76",,"0.5","0.49","0.6",,"0.31","-0.49","0.53",,"0.25","0.18","0.5",,"0.22","0.12","0.31",,"0.16","0.62","0.63",,"0.47","0.54","0.62",,"0.4","-0.03","0.53",,"0.29","0.4","0.09",,"-0.52","0.24","0.26",,"0.15","0.2","0.17",,"0.15","0.15","0.17",,"0.13","0.11","0.08"
DilutedEPS,,"5.75","7","4.36","4.14","4.13","1.95","3.16","1.69","3.09","1.76","2.25","2.97","3.01","2.15","2.31","3.18","1.3","1.15","1.75","1.74","2.39","1.59","1.65","1.69","1.4","1.05","1.18","1.36","1.19","1.16","1.07","0.76","0.92","0.79","0.91","0.74","0.68","0.78","0.85","1.18",,"0.11","0.43","0.52",,"0.555","0.67","0.887",,"0.448","0.644","0.823",,"0.197","0.322","0.389",,"0.686","0.265","0.411",,"0.58","0.72","0.92",,"0.62","0.9","0.95",,"0.47","0.72","0.69",,"0.61","0.47","0.9",,"0.38","0.66","0.74",,"0.48","0.48","0.59",,"0.31","-0.49","0.52",,"0.24","0.18","0.5",,"0.22","0.12","0.31",,"0.16","0.62","0.62",,"0.47","0.54","0.61",,"0.4","-0.03","0.53",,"0.29","0.4","0.09",,"-0.52","0.24","0.26",,"0.15","0.2","0.17",,"0.15","0.15","0.17",,"0.13","0.08","0.08"
BasicAverageShares,,"305,476,800","313,502,400","322,824,800","333,714,500","339,425,600","338,370,500","337,960,400","337,607,500","338,445,600","340,053,100","341,516,800","343,030,500","342,895,200","345,085,800","346,760,200","350,987,500","350,091,600","356,979,800","362,895,000","368,694,700","370,535,900","376,140,800","380,061,600","393,650,000","398,738,700","412,638,300","416,407,000","420,148,000","420,477,900","433,378,700","431,372,800","444,201,100","439,604,000","447,573,400","447,066,900","445,856,200","443,200,200","441,383,000","439,473,000","438,354,100",,"508,417,000","538,557,000","444,202,000",,"426,655,000","426,655,000","426,655,000",,"426,655,000","426,655,000","426,655,000",,"426,655,000","426,655,000","426,655,000",,"426,655,000","426,655,000","426,655,000",,"403,461,000","402,081,000","404,666,000",,"448,654,000","443,489,000","427,675,000",,"481,102,000","482,159,000","487,727,000",,"497,424,000","506,727,000","511,287,000",,"513,986,000","513,185,000","508,411,000",,"513,873,000","531,617,000","541,381,000",,"553,642,000","554,759,000","563,239,000",,"552,000,000","588,888,889","644,000,000",,"663,636,364","650,000,000","635,483,871",,"606,250,000","664,516,129","760,317,460",,"661,702,128","674,074,074","670,967,742",,"667,500,000","600,000,000","550,943,396",,"527,586,207","512,500,000","500,000,000",,"221,153,846","40,416,667","40,000,000",,"35,333,333","28,500,000","27,058,824",,"27,333,333","23,333,333","20,588,235",,"22,307,692","20,909,091","22,500,000"
DilutedAverageShares,,"315,418,000","324,029,000","332,613,000","343,321,000","345,374,000","343,346,000","341,599,000","344,096,000","346,791,000","347,487,000","348,373,000","350,316,000","352,876,000","353,639,000","355,039,000","359,749,000","363,943,000","369,834,000","375,338,000","379,980,000","384,747,000","389,592,000","398,659,000","410,575,000","415,918,000","426,441,000","429,369,000","435,309,000","443,866,000","447,260,000","453,009,000","457,449,000","458,535,000","463,569,000","463,184,000","462,368,000","461,131,000","459,515,000","458,621,000","458,312,000",,"527,515,000","538,557,000","461,969,000",,"437,572,000","437,572,000","437,572,000",,"437,572,000","437,572,000","437,572,000",,"437,572,000","437,572,000","437,572,000",,"437,572,000","437,572,000","437,572,000",,"411,151,000","408,202,000","411,274,000",,"454,878,000","451,731,000","435,660,000",,"488,484,000","490,261,000","497,621,000",,"505,612,000","514,412,000","522,361,000",,"527,260,000","528,068,000","521,588,000",,"529,491,000","545,815,000","554,818,000",,"566,470,000","554,759,000","573,054,000",,"575,000,000","588,888,889","644,000,000",,"663,636,364","650,000,000","635,483,871",,"606,250,000","664,516,129","772,580,645",,"661,702,128","674,074,074","681,967,213",,"667,500,000","600,000,000","550,943,396",,"527,586,207","512,500,000","500,000,000",,"221,153,846","40,416,667","40,000,000",,"35,333,333","28,500,000","27,058,824",,"27,333,333","23,333,333","20,588,235",,"22,307,692","28,750,000","22,500,000"
TotalExpenses,"49,074,000,000","12,678,000,000","12,803,000,000","11,950,000,000","11,643,000,000","11,843,000,000","11,992,000,000","9,094,000,000","11,342,000,000","11,499,000,000","11,060,000,000","10,953,000,000","10,606,000,000","10,351,000,000","9,946,000,000","9,871,000,000","9,867,000,000","9,759,000,000","9,472,000,000","9,177,000,000","9,149,000,000","8,948,000,000","8,830,000,000","8,766,000,000","8,748,000,000","8,606,000,000","8,532,000,000","8,368,000,000","8,207,000,000","8,150,000,000","7,866,000,000","7,693,000,000","7,644,000,000","7,583,000,000","7,305,000,000","7,198,000,000","7,304,000,000","7,289,000,000","6,946,000,000","6,963,000,000","7,804,000,000","7,127,000,000","7,068,000,000","7,074,000,000","6,899,000,000","6,720,000,000","6,709,000,000","6,696,000,000","6,393,000,000","6,684,000,000","6,667,000,000","6,505,000,000","6,395,000,000","6,435,000,000","6,339,000,000","6,294,000,000","6,304,000,000","6,092,000,000","5,942,000,000","5,910,000,000","5,756,000,000","5,559,000,000","5,625,000,000","5,648,000,000","5,567,000,000","5,507,000,000","5,413,000,000","5,316,000,000","5,315,000,000","5,255,000,000","5,241,000,000","5,097,000,000","5,205,000,000","4,937,000,000","4,812,000,000","4,907,000,000","4,355,000,000","4,968,000,000","4,449,000,000","4,172,000,000","4,091,000,000","4,263,000,000","3,828,000,000","3,864,000,000","3,773,000,000","3,891,000,000","3,611,000,000","4,326,000,000","3,621,000,000","3,401,000,000","3,514,000,000","3,763,000,000","4,108,000,000","3,953,000,000","4,225,000,000","4,329,000,000","4,351,000,000","5,190,000,000","4,259,000,000","4,364,000,000","4,427,000,000","4,160,000,000","4,249,000,000","4,207,000,000","4,139,000,000","4,166,000,000","3,802,000,000","3,716,000,000","2,772,000,000","2,592,000,000","2,388,000,000","2,311,000,000","2,333,000,000","5,474,000,000","1,119,000,000","276,100,000","275,600,000","209,600,000","210,800,000","154,200,000","146,000,000","121,800,000","120,500,000","103,600,000","95,300,000","100,400,000","64,300,000","48,900,000",
NetIncomeFromContinuingAndDiscontinuedOperation,"6,956,000,000","1,814,000,000","2,269,000,000","1,450,000,000","1,423,000,000","1,426,000,000","668,000,000","1,079,000,000","581,000,000","1,071,000,000","612,000,000","783,000,000","1,039,000,000","1,064,000,000","759,000,000","820,000,000","1,144,000,000","474,000,000","426,000,000","657,000,000","659,000,000","920,000,000","618,000,000","658,000,000","694,000,000","582,000,000","449,000,000","507,000,000","591,000,000","527,000,000","518,000,000","483,000,000","347,000,000","424,000,000","365,000,000","423,000,000","344,000,000","314,000,000","360,000,000","391,000,000","540,000,000","1,935,000,000","61,000,000","229,000,000","240,000,000","283,000,000","243,000,000","293,000,000","388,000,000","216,000,000","196,000,000","282,000,000","360,000,000","276,000,000","86,000,000","141,000,000","170,000,000","278,000,000","300,000,000","116,000,000","180,000,000","122,000,000","240,000,000","295,000,000","379,000,000","325,000,000","280,000,000","405,000,000","414,000,000","322,000,000","227,000,000","352,000,000","345,000,000","317,000,000","306,000,000","240,000,000","469,000,000","-102,000,000","200,000,000","350,000,000","385,000,000","58,000,000","256,000,000","263,000,000","326,000,000","21,000,000","174,000,000","-272,000,000","296,000,000","91,000,000","138,000,000","106,000,000","322,000,000","-42,000,000","146,000,000","78,000,000","197,000,000","-1,237,000,000","97,000,000","412,000,000","479,000,000","414,000,000","311,000,000","364,000,000","416,000,000","354,000,000","274,000,000","78,000,000","292,000,000","227,000,000","176,000,000","205,000,000","137,000,000","460,000,000","-45,000,000","9,700,000","10,400,000","9,900,000","5,300,000","5,700,000","5,000,000","4,100,000","4,100,000","3,500,000","3,500,000","2,700,000","2,900,000","2,300,000","1,800,000"
NormalizedIncome,"5,693,720,000","1,377,489,945.862","1,464,904,000","1,453,048,000","1,421,434,000","1,426,817,567.568","657,332,000","1,099,466,000","822,344,000","1,070,207,840.697","768,140,000","769,626,000","1,039,788,000","1,057,310,946.944","761,442,000","813,241,000","813,520,000","475,200,000","446,256,000","655,716,000","658,304,000","716,172,523.962","626,328,000","660,636,000","703,217,000","714,587,452.471","498,296,000","586,690,000","585,393,000","596,834,710.744","525,440,000","620,600,000","381,542,000","421,922,500","365,609,000","420,556,000","364,823,000","440,176,576.577","355,295,420.975","392,387,696.71","540,663,551.402","1,101,224,938.875","61,000,000","280,391,862.955","240,000,000","283,000,000","249,944,444.444","359,922,178.988","400,508,029.197","234,199,556.541","198,024,630.542","286,857,414.449","369,770,597.738","370,070,739.55","24,250,000","155,966,480.447","173,250,000","199,140,401.146","59,292,035.398","156,800,000","216,400,000","334,748,768.473","247,659,574.468","263,326,315.789","344,658,978.583","264,222,440.945","250,562,347.188","349,481,546.573","389,022,624.434","322,000,000","227,000,000","352,000,000","345,000,000","317,000,000","306,000,000","240,000,000","469,000,000","-102,000,000","200,000,000","350,000,000","385,000,000","70,600,000","266,288,416.076","273,548,821.549","334,420,664.207","33,600,000","183,600,000","-261,654,008.439","303,821,138.211","196,600,000","147,600,000","133,600,000","368,800,000","30,400,000","262,600,000","171,800,000","216,600,000","-625,559,656.652","118,300,000","391,000,000","441,800,000","414,000,000","287,600,000","335,800,000","391,400,000","354,000,000","256,600,000","299,400,000","280,584,362.14","227,000,000","166,865,051.903","192,225,519.288","224,000,000","433,000,000","61,500,000","-2,650,931.677","-1,209,302.326","4,380,000","-8,528,735.632","-2,478,260.87","-2,716,049.383","-2,291,176.471","-2,386,567.164","-1,870,689.655","-1,596,491.228","-2,273,684.211","-1,487,179.487","-135,294.118","1,800,000"
InterestExpense,"1,566,000,000","398,000,000","398,000,000","386,000,000","384,000,000","383,000,000","385,000,000","388,000,000","428,000,000","438,000,000","448,000,000","477,000,000","461,000,000","446,000,000","442,000,000","436,000,000","431,000,000","433,000,000","427,000,000","411,000,000","419,000,000","432,000,000","432,000,000","427,000,000","416,000,000","410,000,000","411,000,000","425,000,000","419,000,000","429,000,000","427,000,000","427,000,000","460,000,000","456,000,000","458,000,000","462,000,000","472,000,000","462,000,000","446,000,000","448,000,000","442,000,000","465,000,000","519,000,000","520,000,000","533,000,000","526,000,000","525,000,000","530,000,000","516,000,000","500,000,000","510,000,000","506,000,000","471,000,000","500,000,000","497,000,000","494,000,000","530,000,000","541,000,000","560,000,000","557,000,000","557,000,000","373,000,000","200,000,000","196,000,000","186,000,000","166,000,000","160,000,000","165,000,000","164,000,000",,,,,,,,,,,,,,,,,,,,,,,,,,,,,,,,,,,,,,,,,,,,,,,,,,,,,,,,,,,,
NetInterestIncome,"-1,566,000,000","-398,000,000","-398,000,000","-386,000,000","-384,000,000","-383,000,000","-385,000,000","-388,000,000","-428,000,000","-438,000,000","-448,000,000","-477,000,000","-461,000,000","-446,000,000","-442,000,000","-436,000,000","-431,000,000","-433,000,000","-427,000,000","-411,000,000","-419,000,000","-432,000,000","-432,000,000","-427,000,000","-416,000,000","-410,000,000","-411,000,000","-425,000,000","-419,000,000","-429,000,000","-427,000,000","-427,000,000","-460,000,000","-456,000,000","-458,000,000","-462,000,000","-472,000,000","-462,000,000","-446,000,000","-448,000,000","-442,000,000","-465,000,000","-519,000,000","-520,000,000","-533,000,000","-526,000,000","-525,000,000","-530,000,000","-516,000,000","-500,000,000","-510,000,000","-506,000,000","-471,000,000","-500,000,000","-497,000,000","-494,000,000","-530,000,000","-541,000,000","-560,000,000","-557,000,000","-557,000,000","-373,000,000","-200,000,000","-196,000,000","-186,000,000","-166,000,000","-160,000,000","-165,000,000","-164,000,000",,,,,,,,,,,,,,,,,,,,,,,,,,,,,,,,,,,,,,,,,,,,,,,,,,,,,,,,,,,,
EBIT,"11,399,000,000","2,984,000,000","3,555,000,000","2,503,000,000","2,357,000,000","2,455,000,000","1,373,000,000","1,948,000,000","1,238,000,000","2,045,000,000","1,427,000,000","1,675,000,000","1,921,000,000","1,935,000,000","1,511,000,000","1,674,000,000","1,970,000,000","1,810,000,000","1,205,000,000","1,571,000,000","1,485,000,000","1,997,000,000","1,450,000,000","1,559,000,000","1,511,000,000","1,462,000,000","1,254,000,000","1,409,000,000","1,497,000,000","1,397,000,000","1,356,000,000","1,331,000,000","1,140,000,000","1,256,000,000","1,159,000,000","1,268,000,000","1,111,000,000","1,017,000,000","1,123,000,000","1,147,000,000","1,405,000,000","2,919,000,000","642,000,000","987,000,000","1,050,000,000","1,090,000,000","993,000,000","1,044,000,000","1,201,000,000","951,000,000","916,000,000","1,032,000,000","1,090,000,000","811,000,000","660,000,000","673,000,000","818,000,000","890,000,000","899,000,000","751,000,000","865,000,000","576,000,000","576,000,000","671,000,000","793,000,000","674,000,000","569,000,000","734,000,000","827,000,000","685,000,000","551,000,000","736,000,000","732,000,000","660,000,000","659,000,000","560,000,000","918,000,000","56,000,000","480,000,000","731,000,000","782,000,000","275,000,000","610,000,000","612,000,000","728,000,000","282,000,000","482,000,000","-193,000,000","650,000,000","541,000,000","385,000,000","398,000,000","547,000,000","467,000,000","354,000,000","452,000,000","550,000,000","-816,000,000","353,000,000","823,000,000","901,000,000","978,000,000","638,000,000","726,000,000","812,000,000","417,000,000","569,000,000","645,000,000","565,000,000","345,000,000","340,000,000","378,000,000","445,000,000","949,000,000","119,000,000","14,700,000","17,300,000","23,900,000","2,500,000","8,200,000","6,400,000","4,700,000","4,600,000","5,100,000","5,400,000","2,400,000","3,400,000","5,500,000","47,700,000"
EBITDA,"14,252,000,000"
ReconciledCostOfRevenue,"9,481,000,000","2,414,000,000","2,463,000,000","2,380,000,000","2,224,000,000","2,370,000,000","2,128,000,000","1,748,000,000","2,123,000,000","2,232,000,000","2,090,000,000","2,118,000,000","2,041,000,000","2,002,000,000","1,890,000,000","1,917,000,000","1,915,000,000","1,947,000,000","1,777,000,000","1,795,000,000","1,797,000,000","1,802,000,000","1,699,000,000","1,718,000,000","1,714,000,000","1,686,000,000","1,644,000,000","1,670,000,000","1,638,000,000","1,659,000,000","1,539,000,000","1,532,000,000","1,532,000,000","1,564,000,000","1,457,000,000","1,470,000,000","1,479,000,000","1,501,000,000","1,375,000,000","1,422,000,000","1,419,000,000","1,346,000,000","1,263,000,000","1,295,000,000","1,275,000,000","1,276,000,000","1,234,000,000","1,251,000,000","1,200,000,000","1,241,000,000","1,206,000,000","4,155,000,000","4,133,000,000","1,157,000,000","1,141,000,000","3,990,000,000","1,173,000,000","1,111,000,000","1,085,000,000","1,096,000,000","1,103,000,000","1,071,000,000","1,046,000,000","1,091,000,000","1,114,000,000","1,024,000,000","1,009,000,000","1,042,000,000","1,051,000,000",,,,,,,,,,,,,,,,,,,,,,"1,875,000,000","2,036,000,000","2,206,000,000",,"2,268,000,000","2,302,000,000","2,304,000,000",,"2,305,000,000","2,332,000,000","2,363,000,000",,"2,285,000,000","2,233,000,000","2,178,000,000",,"2,007,000,000","2,006,000,000","1,460,000,000",,"1,239,000,000","1,214,000,000","1,214,000,000","2,954,000,000","698,200,000","116,900,000","117,900,000","84,500,000","148,300,000","65,600,000","116,400,000","18,000,000","62,300,000","108,600,000","100,200,000","-66,300,000","67,500,000","46,600,000",
ReconciledDepreciation,"2,853,000,000","728,000,000","716,000,000","712,000,000","697,000,000","662,000,000","694,000,000","691,000,000","674,000,000","694,000,000","647,000,000","636,000,000","619,000,000","581,000,000","582,000,000","562,000,000","553,000,000","550,000,000","539,000,000","521,000,000","521,000,000","503,000,000","495,000,000","489,000,000","479,000,000","480,000,000","482,000,000","469,000,000","473,000,000","459,000,000","460,000,000","454,000,000","447,000,000","461,000,000","443,000,000","425,000,000","424,000,000","425,000,000","417,000,000","420,000,000","417,000,000","387,000,000","362,000,000","358,000,000","358,000,000","359,000,000","352,000,000","355,000,000","355,000,000","358,000,000","354,000,000","360,000,000","353,000,000","354,000,000","350,000,000","355,000,000","357,000,000","354,000,000","356,000,000","361,000,000","355,000,000","346,000,000","348,000,000","352,000,000","345,000,000","336,000,000","337,000,000","364,000,000","337,000,000","318,000,000","314,000,000","315,000,000","303,000,000","290,000,000","283,000,000","278,000,000","261,000,000","258,000,000","253,000,000","255,000,000","244,000,000","274,000,000","255,000,000","262,000,000","257,000,000","255,000,000","257,000,000","265,000,000","256,000,000","1,930,000,000","-262,000,000","-278,000,000","-296,000,000","2,179,000,000","-312,000,000","-311,000,000","-309,000,000","2,161,000,000","-310,000,000","-313,000,000","-300,000,000","2,004,000,000","-302,000,000","-279,000,000","-268,000,000","1,711,000,000","-251,000,000","-302,000,000","-177,000,000","1,049,000,000","-152,000,000","-144,000,000","-144,000,000","-377,000,000","-191,200,000","-15,600,000","-15,200,000","-11,800,000","-9,600,000","-8,600,000","-8,300,000","-6,300,000","-6,300,000","-5,000,000","-4,900,000","-4,500,000","-3,200,000","2,300,000",
NetIncomeFromContinuingOperationNetMinorityInterest,"6,956,000,000","1,814,000,000","2,269,000,000","1,450,000,000","1,423,000,000","1,426,000,000","668,000,000","1,079,000,000","581,000,000","1,071,000,000","612,000,000","783,000,000","1,039,000,000","1,064,000,000","759,000,000","820,000,000","1,144,000,000","474,000,000","426,000,000","657,000,000","659,000,000","920,000,000","618,000,000","658,000,000","694,000,000","582,000,000","449,000,000","507,000,000","591,000,000","527,000,000","518,000,000","483,000,000","347,000,000","424,000,000","365,000,000","423,000,000","344,000,000","314,000,000","360,000,000","391,000,000","540,000,000","1,935,000,000","61,000,000","229,000,000","240,000,000","283,000,000","243,000,000","293,000,000","388,000,000","216,000,000","196,000,000","282,000,000","360,000,000","276,000,000","86,000,000","141,000,000","170,000,000","278,000,000","300,000,000","116,000,000","180,000,000","122,000,000","240,000,000","295,000,000","379,000,000","325,000,000","280,000,000","405,000,000","414,000,000","322,000,000","227,000,000","352,000,000","345,000,000","317,000,000","306,000,000","240,000,000","469,000,000","-102,000,000","200,000,000","350,000,000","385,000,000","58,000,000","256,000,000","263,000,000","326,000,000","21,000,000","174,000,000","-272,000,000","296,000,000","91,000,000","138,000,000","106,000,000","322,000,000","-23,000,000","163,000,000","173,000,000","219,000,000","-749,000,000","91,000,000","412,000,000","479,000,000","414,000,000","311,000,000","364,000,000","416,000,000","354,000,000","274,000,000","78,000,000","292,000,000","227,000,000","176,000,000","205,000,000","137,000,000","460,000,000","-45,000,000","9,700,000","10,400,000","9,900,000","5,300,000","5,700,000","5,000,000","4,100,000","4,100,000","3,500,000","3,500,000","2,700,000","2,900,000","2,300,000","1,800,000"
TotalUnusualItemsExcludingGoodwill,"1,608,000,000","563,000,000","1,047,000,000","-4,000,000","2,000,000","-1,000,000","14,000,000","-27,000,000","-288,000,000","1,000,000","-211,000,000","18,000,000","-1,000,000","8,000,000","-3,000,000","9,000,000","405,000,000","-2,000,000","-32,000,000","2,000,000","1,000,000","294,000,000","-12,000,000","-4,000,000","-13,000,000","-189,000,000","-79,000,000","-130,000,000","9,000,000","-100,000,000","-12,000,000","-215,000,000","-57,000,000","3,000,000","-1,000,000","4,000,000","-33,000,000","-164,000,000","7,000,000","-2,000,000","-1,000,000","1,002,000,000","0","-75,000,000","0","0","-10,000,000","-91,000,000","-18,000,000","-27,000,000","-3,000,000","-7,000,000","-14,000,000","-106,000,000","95,000,000","-19,000,000","-5,000,000","99,000,000","272,000,000","-68,000,000","-56,000,000","-354,000,000","-12,000,000","51,000,000","55,000,000","95,000,000","43,000,000","78,000,000","40,000,000",,,,,,,,,,,,,"-21,000,000","-17,000,000","-13,000,000","-14,000,000","-21,000,000","-16,000,000","-12,000,000","-13,000,000","-176,000,000","-16,000,000","-46,000,000","-78,000,000","-89,000,000","-166,000,000","2,000,000","4,000,000","-192,000,000","-45,000,000","35,000,000","62,000,000",,"39,000,000","47,000,000","41,000,000",,"29,000,000","-369,000,000","19,000,000",,"15,000,000","21,000,000","-145,000,000","45,000,000","-142,000,000","20,500,000","19,200,000","9,200,000","22,700,000","13,200,000","12,500,000","10,600,000","10,600,000","8,900,000","8,300,000","7,000,000","5,900,000","3,600,000",
TotalUnusualItems,"1,608,000,000","563,000,000","1,047,000,000","-4,000,000","2,000,000","-1,000,000","14,000,000","-27,000,000","-288,000,000","1,000,000","-211,000,000","18,000,000","-1,000,000","8,000,000","-3,000,000","9,000,000","405,000,000","-2,000,000","-32,000,000","2,000,000","1,000,000","294,000,000","-12,000,000","-4,000,000","-13,000,000","-189,000,000","-79,000,000","-130,000,000","9,000,000","-100,000,000","-12,000,000","-215,000,000","-57,000,000","3,000,000","-1,000,000","4,000,000","-33,000,000","-164,000,000","7,000,000","-2,000,000","-1,000,000","1,002,000,000","0","-75,000,000","0","0","-10,000,000","-91,000,000","-18,000,000","-27,000,000","-3,000,000","-7,000,000","-14,000,000","-106,000,000","95,000,000","-19,000,000","-5,000,000","99,000,000","272,000,000","-68,000,000","-56,000,000","-354,000,000","-12,000,000","51,000,000","55,000,000","95,000,000","43,000,000","78,000,000","40,000,000",,,,,,,,,,,,,"-21,000,000","-17,000,000","-13,000,000","-14,000,000","-21,000,000","-16,000,000","-12,000,000","-13,000,000","-176,000,000","-16,000,000","-46,000,000","-78,000,000","-89,000,000","-166,000,000","2,000,000","4,000,000","-192,000,000","-45,000,000","35,000,000","62,000,000",,"39,000,000","47,000,000","41,000,000",,"29,000,000","-369,000,000","19,000,000",,"15,000,000","21,000,000","-145,000,000","45,000,000","-142,000,000","20,500,000","19,200,000","9,200,000","22,700,000","13,200,000","12,500,000","10,600,000","10,600,000","8,900,000","8,300,000","7,000,000","5,900,000","3,600,000",
NormalizedEBITDA,"12,644,000,000","3,149,000,000","3,224,000,000","3,219,000,000","3,052,000,000","3,118,000,000","2,053,000,000","2,666,000,000","2,200,000,000","2,738,000,000","2,285,000,000","2,293,000,000","2,541,000,000","2,508,000,000","2,096,000,000","2,227,000,000","2,118,000,000","2,362,000,000","1,776,000,000","2,090,000,000","2,005,000,000","2,206,000,000","1,957,000,000","2,052,000,000","2,003,000,000","2,131,000,000","1,815,000,000","2,008,000,000","1,961,000,000","1,956,000,000","1,828,000,000","2,000,000,000","1,644,000,000","1,714,000,000","1,603,000,000","1,689,000,000","1,568,000,000","1,606,000,000","1,533,000,000","1,569,000,000","1,823,000,000","2,304,000,000","1,004,000,000","1,420,000,000","1,408,000,000","1,449,000,000","1,355,000,000","1,490,000,000","1,574,000,000","1,336,000,000","1,273,000,000","1,399,000,000","1,457,000,000","1,271,000,000","915,000,000","1,047,000,000","1,180,000,000","1,145,000,000","983,000,000","1,180,000,000","1,276,000,000","1,276,000,000","936,000,000","972,000,000","1,083,000,000","915,000,000","863,000,000","1,020,000,000","1,124,000,000","1,003,000,000","877,000,000","1,051,000,000","1,035,000,000","950,000,000","942,000,000","968,000,000","1,179,000,000","333,000,000","733,000,000","986,000,000","1,026,000,000","570,000,000","899,000,000","887,000,000","999,000,000","658,000,000","772,000,000","84,000,000","919,000,000","2,647,000,000","663,000,000","722,000,000","921,000,000","2,735,000,000","832,000,000","761,000,000","855,000,000","1,537,000,000","717,000,000","1,101,000,000","1,139,000,000","2,982,000,000","901,000,000","958,000,000","1,039,000,000","2,128,000,000","791,000,000","1,260,000,000","723,000,000","1,394,000,000","477,000,000","501,000,000","734,000,000","1,281,000,000","337,000,000","9,900,000","13,300,000","26,500,000","-10,600,000","3,600,000","2,200,000","400,000","300,000","1,300,000","2,000,000","-100,000","700,000","4,200,000","47,700,000"
TaxRateForCalcs,"0.215","0.225","0.232","0.238","0.217","0.182","0.238","0.242","0.162","0.208","0.26","0.257","0.212","0.164","0.186","0.249","0.184","0.4","0.367","0.358","0.304","0.307","0.306","0.341","0.291","0.298","0.376","0.387","0.377","0.302","0.38","0.36","0.394","0.308","0.391","0.389","0.369","0.231","0.328","0.306","0.336","0.168","0.35","0.315","0.354","0.301","0.306","0.265","0.305","0.326","0.325","0.306","0.302","0.113","0.35","0.212","0.35","0.203","0.115","0.4","0.35","0.399","0.362","0.379","0.376","0.36","0.315","0.288","0.376","0.332","0.381","0.377","0.383","0.37","0.386","0.385","0.387","0.4","0.4","0.398","0.385","0.4","0.395","0.189","0.399","0.4","0.4","0.138","0.398","0.4","0.4","0.4","0.4","0.4","0.4","0.4","0.4","0.357","0.393","0.4","0.4","0.4","0.4","0.4","0.4","0.4","0.4","0.4","0.399","0.39","0.391","0.392","0.4","0.4","0.25","0.398","0.395","0.4","0.391","0.38","0.383","0.397","0.388","0.397","0.386","0.289","0.256","0.324","0.4"
TaxEffectOfUnusualItems,"345,720,000","126,489,945.862","242,904,000","-952,000","434,000","-182,432.432","3,332,000","-6,534,000","-46,656,000","207,840.697","-54,860,000","4,626,000","-212,000","1,310,946.944","-558,000","2,241,000","74,520,000","-800,000","-11,744,000","716,000","304,000","90,172,523.962","-3,672,000","-1,364,000","-3,783,000","-56,412,547.529","-29,704,000","-50,310,000","3,393,000","-30,165,289.256","-4,560,000","-77,400,000","-22,458,000","922,500","-391,000","1,556,000","-12,177,000","-37,823,423.423","2,295,420.975","-612,303.29","-336,448.598","168,224,938.875","0","-23,608,137.045","0","0","-3,055,555.556","-24,077,821.012","-5,491,970.803","-8,800,443.459","-975,369.458","-2,142,585.551","-4,229,402.262","-11,929,260.45","33,250,000","-4,033,519.553","-1,750,000","20,140,401.146","31,292,035.398","-27,200,000","-19,600,000","-141,251,231.527","-4,340,425.532","19,326,315.789","20,658,978.583","34,222,440.945","13,562,347.188","22,481,546.573","15,022,624.434","0","0","0","0","0","0","0","0","0","0","0","0","-8,400,000","-6,711,583.924","-2,451,178.451","-5,579,335.793","-8,400,000","-6,400,000","-1,654,008.439","-5,178,861.789","-70,400,000","-6,400,000","-18,400,000","-31,200,000","-35,600,000","-66,400,000","800,000","1,600,000","-68,559,656.652","-17,700,000","14,000,000","24,800,000","0","15,600,000","18,800,000","16,400,000","0","11,600,000","-147,600,000","7,584,362.14","0","5,865,051.903","8,225,519.288","-58,000,000","18,000,000","-35,500,000","8,149,068.323","7,590,697.674","3,680,000","8,871,264.368","5,021,739.13","4,783,950.617","4,208,823.529","4,113,432.836","3,529,310.345","3,203,508.772","2,026,315.789","1,512,820.513","1,164,705.882","0"