name,ttm,12/31/2021,09/30/2021,06/30/2021,03/31/2021,12/31/2020,09/30/2020,06/30/2020,03/31/2020,12/31/2019,09/30/2019,06/30/2019,03/31/2019,12/31/2018,09/30/2018,06/30/2018,03/31/2018,12/31/2017,09/30/2017,06/30/2017,03/31/2017,12/31/2016,09/30/2016,06/30/2016,03/31/2016,12/31/2015,09/30/2015,06/30/2015,03/31/2015,12/31/2014,09/30/2014,06/30/2014,03/31/2014,12/31/2013,09/30/2013,06/30/2013,03/31/2013,12/31/2012,09/30/2012,06/30/2012,03/31/2012,12/31/2011,09/30/2011,06/30/2011,03/31/2011,12/31/2010,09/30/2010,06/30/2010,03/31/2010
TotalRevenue,"9,524,000,000","2,677,000,000","2,338,000,000","2,231,000,000","2,278,000,000","2,757,000,000","2,314,000,000","2,027,000,000","2,263,000,000","2,412,000,000","2,219,000,000","2,188,000,000","2,080,000,000","2,199,000,000","2,083,000,000","2,020,000,000","1,874,000,000","1,996,000,000","1,863,000,000","1,858,000,000","1,724,000,000","1,922,000,000","1,683,000,000","1,700,000,000","1,763,000,000","1,905,000,000","1,800,000,000","1,745,000,000","1,570,000,000","1,927,000,000","1,717,000,000","1,719,000,000","1,594,000,000","1,938,000,000","1,637,000,000","1,683,000,000","1,562,000,000","1,823,000,000","1,596,000,000","1,721,000,000","1,568,000,000","1,735,000,000","1,593,000,000","1,563,000,000","1,684,000,000","1,736,000,000","1,665,000,000","1,610,000,000","1,712,000,000"
	OperatingRevenue,"9,524,000,000","2,677,000,000","2,338,000,000","2,231,000,000","2,278,000,000","2,757,000,000","2,314,000,000","2,027,000,000","2,263,000,000","2,412,000,000","2,219,000,000","2,188,000,000","2,080,000,000","2,199,000,000","2,083,000,000","2,020,000,000","1,874,000,000","1,996,000,000","1,863,000,000","1,858,000,000","1,724,000,000","1,922,000,000","1,683,000,000","1,700,000,000","1,763,000,000","1,905,000,000","1,800,000,000","1,745,000,000","1,570,000,000","1,927,000,000","1,717,000,000","1,719,000,000","1,594,000,000","1,938,000,000","1,637,000,000","1,683,000,000","1,562,000,000","1,823,000,000","1,596,000,000","1,721,000,000","1,568,000,000","1,735,000,000","1,593,000,000","1,563,000,000","1,684,000,000","1,736,000,000","1,665,000,000","1,610,000,000","1,712,000,000"
CostOfRevenue,"8,156,000,000","2,304,000,000","2,007,000,000","1,909,000,000","1,936,000,000","2,210,000,000","1,878,000,000","1,763,000,000","1,840,000,000","1,980,000,000","1,802,000,000","1,834,000,000","1,752,000,000","1,729,000,000","1,593,000,000","1,568,000,000","1,495,000,000","1,598,000,000","1,498,000,000","1,489,000,000","1,433,000,000","1,480,000,000","1,367,000,000","1,333,000,000","1,428,000,000","1,550,000,000","1,456,000,000","1,246,000,000","1,265,000,000","1,520,000,000","1,364,000,000","1,369,000,000","1,287,000,000","1,567,000,000","1,333,000,000","1,384,000,000","1,299,000,000","1,489,000,000","1,373,000,000","1,443,000,000","1,338,000,000","1,468,000,000","1,330,000,000","1,303,000,000","1,450,000,000","1,461,000,000","1,430,000,000","1,469,000,000","1,471,000,000"
GrossProfit,"1,368,000,000","373,000,000","331,000,000","322,000,000","342,000,000","547,000,000","436,000,000","264,000,000","423,000,000","432,000,000","417,000,000","354,000,000","328,000,000","470,000,000","490,000,000","452,000,000","379,000,000","398,000,000","365,000,000","369,000,000","291,000,000","442,000,000","316,000,000","367,000,000","335,000,000","355,000,000","344,000,000","499,000,000","305,000,000","407,000,000","353,000,000","350,000,000","307,000,000","371,000,000","304,000,000","299,000,000","263,000,000","334,000,000","223,000,000","278,000,000","230,000,000","267,000,000","263,000,000","260,000,000","234,000,000","275,000,000","235,000,000","141,000,000","241,000,000"
OperatingExpense,"896,000,000","263,000,000","224,000,000","206,000,000","203,000,000","255,000,000","220,000,000","214,000,000","214,000,000","224,000,000","209,000,000","184,000,000","171,000,000","262,000,000","208,000,000","197,000,000","190,000,000","173,000,000","135,000,000","133,000,000","129,000,000","173,000,000","147,000,000","151,000,000","137,000,000","196,000,000","150,000,000","173,000,000","150,000,000","217,000,000","189,000,000","170,000,000","150,000,000","198,000,000","186,000,000","185,000,000","170,000,000","233,000,000","164,000,000","176,000,000","150,000,000","153,000,000","153,000,000","169,000,000","149,000,000","197,000,000","158,000,000","161,000,000","154,000,000"
	SellingGeneralAndAdministration,"898,000,000","262,000,000","226,000,000","204,000,000","206,000,000","256,000,000","220,000,000","214,000,000","214,000,000","224,000,000","209,000,000","184,000,000","171,000,000","262,000,000","208,000,000","209,000,000","192,000,000","173,000,000","135,000,000","133,000,000","129,000,000","188,000,000","147,000,000","151,000,000","137,000,000","196,000,000","150,000,000","173,000,000","150,000,000","217,000,000","189,000,000","170,000,000","150,000,000","198,000,000","186,000,000","185,000,000","170,000,000","233,000,000","164,000,000","176,000,000","150,000,000","153,000,000","153,000,000","169,000,000","149,000,000","197,000,000","158,000,000","161,000,000","154,000,000"
		GeneralAndAdministrativeExpense,"898,000,000","262,000,000","226,000,000","204,000,000","206,000,000","256,000,000","220,000,000","214,000,000","214,000,000","224,000,000","209,000,000","184,000,000","171,000,000","262,000,000","208,000,000","209,000,000","192,000,000","173,000,000","135,000,000","133,000,000","129,000,000","188,000,000","147,000,000","151,000,000","137,000,000","196,000,000","150,000,000","173,000,000","150,000,000","217,000,000","189,000,000","170,000,000","150,000,000","198,000,000","186,000,000","185,000,000","170,000,000",,,,,,,,"149,000,000",,,,"154,000,000"
			OtherGandA,"898,000,000","262,000,000","226,000,000","204,000,000","206,000,000","256,000,000","220,000,000","214,000,000","214,000,000","224,000,000","209,000,000","184,000,000","171,000,000","262,000,000","208,000,000","209,000,000","192,000,000","173,000,000","135,000,000","133,000,000","129,000,000","188,000,000","147,000,000","151,000,000","137,000,000","196,000,000","150,000,000","173,000,000","150,000,000","217,000,000","189,000,000","170,000,000","150,000,000","198,000,000","186,000,000","185,000,000","170,000,000",,,,,,,,"149,000,000",,,,"154,000,000"
	OtherOperatingExpenses,"-2,000,000","1,000,000","-2,000,000","2,000,000","-3,000,000",,,,,,,,,"0",,"-12,000,000","-2,000,000",,,,,,,,,,,,,,,,,,,,,,,,,,,,,,,,
OperatingIncome,"472,000,000","110,000,000","107,000,000","116,000,000","139,000,000","292,000,000","216,000,000","50,000,000","209,000,000","208,000,000","208,000,000","170,000,000","157,000,000","208,000,000","282,000,000","255,000,000","189,000,000","225,000,000","230,000,000","236,000,000","162,000,000","269,000,000","169,000,000","216,000,000","198,000,000","159,000,000","194,000,000","326,000,000","155,000,000","190,000,000","164,000,000","180,000,000","157,000,000","173,000,000","118,000,000","114,000,000","93,000,000","101,000,000","59,000,000","102,000,000","80,000,000","114,000,000","110,000,000","91,000,000","85,000,000","78,000,000","77,000,000","-20,000,000","87,000,000"
NetNonOperatingInterestIncomeExpense,"-89,000,000","-26,000,000","-24,000,000","-18,000,000","-21,000,000","-46,000,000","-27,000,000","-25,000,000","-16,000,000","-18,000,000","-18,000,000","-18,000,000","-16,000,000","-14,000,000","-14,000,000","-15,000,000","-15,000,000","-41,000,000","-18,000,000","-17,000,000","-18,000,000","-18,000,000","-19,000,000","-18,000,000","-19,000,000","-64,000,000","-25,000,000","-25,000,000","-23,000,000","-66,000,000","-27,000,000","-29,000,000","-27,000,000","-31,000,000","-28,000,000","-29,000,000","-30,000,000","-29,000,000","-29,000,000","-29,000,000","-30,000,000","-29,000,000","-30,000,000","-30,000,000","-15,000,000","-10,000,000","-10,000,000","-10,000,000","-10,000,000"
	InterestExpenseNonOperating,"89,000,000","26,000,000","24,000,000","18,000,000","21,000,000","46,000,000","27,000,000","25,000,000","16,000,000","18,000,000","18,000,000","18,000,000","16,000,000","14,000,000","14,000,000","15,000,000","15,000,000","41,000,000","18,000,000","17,000,000","18,000,000","18,000,000","19,000,000","18,000,000","19,000,000","64,000,000","25,000,000","25,000,000","23,000,000","66,000,000","27,000,000","29,000,000","27,000,000","31,000,000","28,000,000","29,000,000","30,000,000","29,000,000","29,000,000","29,000,000","30,000,000","29,000,000","30,000,000","30,000,000","15,000,000","10,000,000","10,000,000","10,000,000","10,000,000"
OtherIncomeExpense,"239,000,000","63,000,000","58,000,000","63,000,000","55,000,000","57,000,000","37,000,000","40,000,000","23,000,000","-18,000,000","8,000,000","12,000,000","8,000,000","25,000,000","27,000,000","22,000,000","21,000,000","3,000,000","8,000,000","-1,000,000","3,000,000","0","7,000,000","1,000,000","-2,000,000","-15,000,000","6,000,000","-57,000,000","1,000,000","-45,000,000","7,000,000","1,000,000","2,000,000","1,000,000","9,000,000","2,000,000","2,000,000","5,000,000","7,000,000","4,000,000",,"10,000,000","-300,000,000",,,,,,
	GainOnSaleOfSecurity,"41,000,000","10,000,000","11,000,000","12,000,000",,,,,,,,,,,,,,,,,,,,,,,,,,,,,,,,,,,,,,,,,,,,,
	EarningsFromEquityInterest,,,,,"8,000,000","13,000,000","6,000,000","7,000,000","6,000,000","7,000,000","6,000,000","5,000,000","4,000,000",,"8,000,000","2,000,000","2,000,000","2,000,000","7,000,000","1,000,000","2,000,000","-1,000,000","6,000,000","1,000,000","0","1,000,000","6,000,000","2,000,000","1,000,000","1,000,000","7,000,000","1,000,000","2,000,000","1,000,000","9,000,000","2,000,000","2,000,000",,,,,,,,,,,,
	SpecialIncomeCharges,"0",,,,,,,,,,,,,,,,,,,,,"0","0","0",,"-16,000,000","0","-59,000,000",,,,,,,,,,"-13,000,000","7,000,000","4,000,000",,"10,000,000","-300,000,000",,,"0","0",,
		ImpairmentOfCapitalAssets,"0",,,,,,,,,,,,,,,,,,,,,"0","0","0",,"16,000,000","0","59,000,000",,,,,,,,,,"0","0",,,"-10,000,000","300,000,000",,,"0","0",,
		OtherSpecialCharges,,,,,,,,,,,,,,,,,,,,,,,,,,,,,,,,,,,,,,,"-7,000,000",,,,,,,,,,
	OtherNonOperatingIncomeExpenses,"198,000,000","53,000,000","47,000,000","51,000,000","47,000,000","44,000,000","31,000,000","33,000,000","17,000,000","4,000,000","2,000,000","7,000,000","4,000,000","20,000,000","19,000,000","20,000,000","19,000,000",,"1,000,000","-2,000,000","1,000,000",,"1,000,000",,"-2,000,000",,,,,,,,,,,,,,,,,,,,,,,,
PretaxIncome,"622,000,000","147,000,000","141,000,000","161,000,000","173,000,000","303,000,000","226,000,000","65,000,000","216,000,000","172,000,000","198,000,000","164,000,000","149,000,000","219,000,000","295,000,000","262,000,000","195,000,000","187,000,000","220,000,000","218,000,000","147,000,000","251,000,000","157,000,000","199,000,000","177,000,000","80,000,000","175,000,000","244,000,000","133,000,000","79,000,000","144,000,000","152,000,000","132,000,000","143,000,000","99,000,000","87,000,000","65,000,000","77,000,000","37,000,000","77,000,000","50,000,000","95,000,000","-220,000,000","61,000,000","70,000,000","85,000,000","67,000,000","-30,000,000","77,000,000"
TaxProvision,"78,000,000","27,000,000","-6,000,000","32,000,000","25,000,000","54,000,000","4,000,000","12,000,000","44,000,000","23,000,000","44,000,000","36,000,000","31,000,000","7,000,000","66,000,000","23,000,000","39,000,000","123,000,000","71,000,000","71,000,000","28,000,000","54,000,000","50,000,000","66,000,000","41,000,000","30,000,000","64,000,000","88,000,000","46,000,000","27,000,000","48,000,000","52,000,000","42,000,000","52,000,000","30,000,000","30,000,000","21,000,000","27,000,000","24,000,000","27,000,000","17,000,000","26,000,000","28,000,000","21,000,000","25,000,000","26,000,000","25,000,000","-19,000,000","36,000,000"
NetIncomeCommonStockholders,"544,000,000","120,000,000","147,000,000","129,000,000","148,000,000","249,000,000","222,000,000","53,000,000","172,000,000","149,000,000","154,000,000","128,000,000","118,000,000","212,000,000","229,000,000","239,000,000","156,000,000","64,000,000","149,000,000","147,000,000","119,000,000","197,000,000","107,000,000","133,000,000","136,000,000","50,000,000","111,000,000","156,000,000","87,000,000","52,000,000","96,000,000","100,000,000","90,000,000","91,000,000","69,000,000","57,000,000","44,000,000","50,000,000","13,000,000","50,000,000","33,000,000","69,000,000","-248,000,000","40,000,000","45,000,000","59,000,000","42,000,000","-11,000,000","41,000,000"
	NetIncome,"544,000,000","120,000,000","147,000,000","129,000,000","148,000,000","249,000,000","222,000,000","53,000,000","172,000,000","149,000,000","154,000,000","128,000,000","118,000,000","212,000,000","229,000,000","239,000,000","156,000,000","64,000,000","149,000,000","147,000,000","119,000,000","197,000,000","107,000,000","133,000,000","136,000,000","50,000,000","111,000,000","156,000,000","87,000,000","52,000,000","96,000,000","100,000,000","90,000,000","91,000,000","69,000,000","57,000,000","44,000,000","50,000,000","13,000,000","50,000,000","33,000,000","69,000,000","-248,000,000","40,000,000","45,000,000","59,000,000","42,000,000","-11,000,000","41,000,000"
		NetIncomeIncludingNoncontrollingInterests,"544,000,000","120,000,000","147,000,000","129,000,000","148,000,000","249,000,000","222,000,000","53,000,000","172,000,000","149,000,000","154,000,000","128,000,000","118,000,000","212,000,000","229,000,000","239,000,000","156,000,000","64,000,000","149,000,000","147,000,000","119,000,000","197,000,000","107,000,000","133,000,000","136,000,000","50,000,000","111,000,000","156,000,000","87,000,000","52,000,000","96,000,000","100,000,000","90,000,000","91,000,000","69,000,000","57,000,000","44,000,000","50,000,000","13,000,000","50,000,000","33,000,000","69,000,000","-248,000,000","40,000,000","45,000,000","59,000,000","42,000,000","-11,000,000","41,000,000"
			NetIncomeContinuousOperations,"544,000,000","120,000,000","147,000,000","129,000,000","148,000,000","249,000,000","222,000,000","53,000,000","172,000,000","149,000,000","154,000,000","128,000,000","118,000,000","212,000,000","229,000,000","239,000,000","156,000,000","64,000,000","149,000,000","147,000,000","119,000,000","197,000,000","107,000,000","133,000,000","136,000,000","50,000,000","111,000,000","156,000,000","87,000,000","52,000,000","96,000,000","100,000,000","90,000,000","91,000,000","69,000,000","57,000,000","44,000,000","50,000,000","13,000,000","50,000,000","33,000,000","69,000,000","-248,000,000","40,000,000","45,000,000","59,000,000","42,000,000","-11,000,000","41,000,000"
DilutedNIAvailtoComStockholders,"544,000,000","120,000,000","147,000,000","129,000,000","148,000,000","249,000,000","222,000,000","53,000,000","172,000,000","149,000,000","154,000,000","128,000,000","118,000,000","212,000,000","229,000,000","239,000,000","156,000,000","64,000,000","149,000,000","147,000,000","119,000,000","197,000,000","107,000,000","133,000,000","136,000,000","50,000,000","111,000,000","156,000,000","87,000,000","52,000,000","96,000,000","100,000,000","90,000,000","91,000,000","69,000,000","57,000,000","44,000,000","50,000,000","13,000,000","50,000,000","33,000,000","69,000,000","-248,000,000","40,000,000","45,000,000","59,000,000","42,000,000","-11,000,000","41,000,000"
BasicEPS,,"2.99","3.65","3.2","3.68",,"5.47","1.3","4.23",,"3.74","3.07","2.85",,"5.29","5.41","3.48",,"3.28","3.22","2.57",,"2.28","2.83","2.89",,"2.31","3.22","1.8",,"1.97","2.05","1.83",,"1.38","1.14","0.88",,"0.26","1.01","0.67",,"-5.07","0.81","0.92",,"0.86","-0.23","0.84"
DilutedEPS,,"2.99","3.65","3.2","3.68",,"5.45","1.3","4.23",,"3.74","3.07","2.85",,"5.29","5.4","3.48",,"3.27","3.21","2.56",,"2.27","2.8","2.87",,"2.29","3.2","1.79",,"1.96","2.04","1.81",,"1.36","1.12","0.87",,"0.26","1","0.67",,"-5.07","0.8","0.92",,"0.86","-0.23","0.84"
BasicAverageShares,,"40,100,000","40,300,000","40,300,000","40,200,000",,"40,600,000","40,700,000","40,700,000",,"41,200,000","41,700,000","41,400,000",,"43,300,000","44,200,000","44,800,000",,"45,400,000","45,700,000","46,300,000",,"46,900,000","47,000,000","47,000,000",,"48,000,000","48,500,000","48,400,000",,"48,700,000","48,800,000","49,100,000",,"49,900,000","50,200,000","49,800,000",,"49,600,000","49,500,000","49,000,000",,"48,900,000","48,800,000","48,800,000",,"48,800,000","48,800,000","48,800,000"
DilutedAverageShares,,"40,100,000","40,300,000","40,300,000","40,200,000",,"40,700,000","40,700,000","40,700,000",,"41,200,000","41,700,000","41,400,000",,"43,300,000","44,300,000","44,800,000",,"45,500,000","45,800,000","46,400,000",,"47,200,000","47,500,000","47,400,000",,"48,400,000","48,800,000","48,700,000",,"49,000,000","49,100,000","49,700,000",,"50,600,000","50,700,000","50,300,000",,"50,300,000","50,100,000","49,500,000",,"48,900,000","49,600,000","48,800,000",,"48,800,000","48,800,000","48,800,000"
TotalOperatingIncomeAsReported,"513,000,000","120,000,000","118,000,000","128,000,000","147,000,000","305,000,000","222,000,000","57,000,000","215,000,000","186,000,000","214,000,000","175,000,000","161,000,000","213,000,000","290,000,000","257,000,000","191,000,000","227,000,000","237,000,000","237,000,000","164,000,000","268,000,000","175,000,000","217,000,000","198,000,000","144,000,000","200,000,000","269,000,000","156,000,000","144,000,000","171,000,000","181,000,000","159,000,000","174,000,000","127,000,000","116,000,000","95,000,000","106,000,000","66,000,000","106,000,000","80,000,000","124,000,000","-190,000,000","91,000,000","85,000,000","97,000,000","77,000,000","-20,000,000","87,000,000"
TotalExpenses,"9,052,000,000","2,567,000,000","2,231,000,000","2,115,000,000","2,139,000,000","2,465,000,000","2,098,000,000","1,977,000,000","2,054,000,000","2,204,000,000","2,011,000,000","2,018,000,000","1,923,000,000","1,991,000,000","1,801,000,000","1,765,000,000","1,685,000,000","1,771,000,000","1,633,000,000","1,622,000,000","1,562,000,000","1,653,000,000","1,514,000,000","1,484,000,000","1,565,000,000","1,746,000,000","1,606,000,000","1,419,000,000","1,415,000,000","1,737,000,000","1,553,000,000","1,539,000,000","1,437,000,000","1,765,000,000","1,519,000,000","1,569,000,000","1,469,000,000","1,722,000,000","1,537,000,000","1,619,000,000","1,488,000,000","1,621,000,000","1,483,000,000","1,472,000,000","1,599,000,000","1,658,000,000","1,588,000,000","1,630,000,000","1,625,000,000"
NetIncomeFromContinuingAndDiscontinuedOperation,"544,000,000","120,000,000","147,000,000","129,000,000","148,000,000","249,000,000","222,000,000","53,000,000","172,000,000","149,000,000","154,000,000","128,000,000","118,000,000","212,000,000","229,000,000","239,000,000","156,000,000","64,000,000","149,000,000","147,000,000","119,000,000","197,000,000","107,000,000","133,000,000","136,000,000","50,000,000","111,000,000","156,000,000","87,000,000","52,000,000","96,000,000","100,000,000","90,000,000","91,000,000","69,000,000","57,000,000","44,000,000","50,000,000","13,000,000","50,000,000","33,000,000","69,000,000","-248,000,000","40,000,000","45,000,000","59,000,000","42,000,000","-11,000,000","41,000,000"
NormalizedIncome,"508,125,000","111,836,734.694","138,970,000","119,388,000","148,000,000","249,000,000","222,000,000","53,000,000","172,000,000","149,000,000","154,000,000","128,000,000","118,000,000","212,000,000","229,000,000","239,000,000","156,000,000","64,000,000","149,000,000","147,000,000","119,000,000","197,000,000","107,000,000","133,000,000","136,000,000","60,000,000","111,000,000","193,701,000","87,000,000","52,000,000","96,000,000","100,000,000","90,000,000","91,000,000","69,000,000","57,000,000","44,000,000","58,441,558.442","8,450,000","47,402,597.403","33,000,000","61,736,842.105","-53,000,000","40,000,000","45,000,000","59,000,000","42,000,000","-11,000,000","41,000,000"
InterestExpense,"89,000,000","26,000,000","24,000,000","18,000,000","21,000,000","46,000,000","27,000,000","25,000,000","16,000,000","18,000,000","18,000,000","18,000,000","16,000,000","14,000,000","14,000,000","15,000,000","15,000,000","41,000,000","18,000,000","17,000,000","18,000,000","18,000,000","19,000,000","18,000,000","19,000,000","64,000,000","25,000,000","25,000,000","23,000,000","66,000,000","27,000,000","29,000,000","27,000,000","31,000,000","28,000,000","29,000,000","30,000,000","29,000,000","29,000,000","29,000,000","30,000,000","29,000,000","30,000,000","30,000,000","15,000,000","10,000,000","10,000,000","10,000,000","10,000,000"
NetInterestIncome,"-89,000,000","-26,000,000","-24,000,000","-18,000,000","-21,000,000","-46,000,000","-27,000,000","-25,000,000","-16,000,000","-18,000,000","-18,000,000","-18,000,000","-16,000,000","-14,000,000","-14,000,000","-15,000,000","-15,000,000","-41,000,000","-18,000,000","-17,000,000","-18,000,000","-18,000,000","-19,000,000","-18,000,000","-19,000,000","-64,000,000","-25,000,000","-25,000,000","-23,000,000","-66,000,000","-27,000,000","-29,000,000","-27,000,000","-31,000,000","-28,000,000","-29,000,000","-30,000,000","-29,000,000","-29,000,000","-29,000,000","-30,000,000","-29,000,000","-30,000,000","-30,000,000","-15,000,000","-10,000,000","-10,000,000","-10,000,000","-10,000,000"
EBIT,"711,000,000","173,000,000","165,000,000","179,000,000","194,000,000","349,000,000","253,000,000","90,000,000","232,000,000","190,000,000","216,000,000","182,000,000","165,000,000","233,000,000","309,000,000","277,000,000","210,000,000","228,000,000","238,000,000","235,000,000","165,000,000","269,000,000","176,000,000","217,000,000","196,000,000","144,000,000","200,000,000","269,000,000","156,000,000","145,000,000","171,000,000","181,000,000","159,000,000","174,000,000","127,000,000","116,000,000","95,000,000","106,000,000","66,000,000","106,000,000","80,000,000","124,000,000","-190,000,000","91,000,000","85,000,000","95,000,000","77,000,000","-20,000,000","87,000,000"
EBITDA,"1,004,000,000"
ReconciledCostOfRevenue,"8,156,000,000","2,304,000,000","2,007,000,000","1,909,000,000","1,936,000,000","2,210,000,000","1,878,000,000","1,763,000,000","1,840,000,000","1,980,000,000","1,802,000,000","1,834,000,000","1,752,000,000","1,729,000,000","1,593,000,000","1,568,000,000","1,495,000,000","1,598,000,000","1,498,000,000","1,489,000,000","1,433,000,000","1,480,000,000","1,367,000,000","1,333,000,000","1,428,000,000","1,550,000,000","1,456,000,000","1,246,000,000","1,265,000,000","1,520,000,000","1,364,000,000","1,369,000,000","1,287,000,000","1,567,000,000","1,333,000,000","1,384,000,000","1,299,000,000","1,489,000,000","1,373,000,000","1,443,000,000","1,338,000,000","1,468,000,000","1,330,000,000","1,303,000,000","1,450,000,000","1,461,000,000","1,430,000,000","1,469,000,000","1,471,000,000"
ReconciledDepreciation,"293,000,000","91,000,000","74,000,000","63,000,000","65,000,000","70,000,000","59,000,000","60,000,000","58,000,000","66,000,000","55,000,000","54,000,000","52,000,000","46,000,000","54,000,000","53,000,000","50,000,000","52,000,000","51,000,000","50,000,000","52,000,000","47,000,000","45,000,000","48,000,000","46,000,000","45,000,000","45,000,000","44,000,000","46,000,000","38,000,000","47,000,000","49,000,000","60,000,000","75,000,000","58,000,000","44,000,000","49,000,000","47,000,000","45,000,000","45,000,000","47,000,000","46,000,000","47,000,000","46,000,000","45,000,000","40,000,000","47,000,000","46,000,000","50,000,000"
NetIncomeFromContinuingOperationNetMinorityInterest,"544,000,000","120,000,000","147,000,000","129,000,000","148,000,000","249,000,000","222,000,000","53,000,000","172,000,000","149,000,000","154,000,000","128,000,000","118,000,000","212,000,000","229,000,000","239,000,000","156,000,000","64,000,000","149,000,000","147,000,000","119,000,000","197,000,000","107,000,000","133,000,000","136,000,000","50,000,000","111,000,000","156,000,000","87,000,000","52,000,000","96,000,000","100,000,000","90,000,000","91,000,000","69,000,000","57,000,000","44,000,000","50,000,000","13,000,000","50,000,000","33,000,000","69,000,000","-248,000,000","40,000,000","45,000,000","59,000,000","42,000,000","-11,000,000","41,000,000"
TotalUnusualItemsExcludingGoodwill,"41,000,000","10,000,000","11,000,000","12,000,000",,,,,,,,,,,,,,,,,,"0","0","0",,"-16,000,000","0","-59,000,000",,,,,,,,,,"-13,000,000","7,000,000","4,000,000",,"10,000,000","-300,000,000",,,"0","0",,
TotalUnusualItems,"41,000,000","10,000,000","11,000,000","12,000,000",,,,,,,,,,,,,,,,,,"0","0","0",,"-16,000,000","0","-59,000,000",,,,,,,,,,"-13,000,000","7,000,000","4,000,000",,"10,000,000","-300,000,000",,,"0","0",,
NormalizedEBITDA,"963,000,000","254,000,000","228,000,000","230,000,000","259,000,000","419,000,000","312,000,000","150,000,000","290,000,000","256,000,000","271,000,000","236,000,000","217,000,000","279,000,000","363,000,000","330,000,000","260,000,000","280,000,000","289,000,000","285,000,000","217,000,000","316,000,000","221,000,000","265,000,000","242,000,000","205,000,000","245,000,000","372,000,000","202,000,000","183,000,000","218,000,000","230,000,000","219,000,000","249,000,000","185,000,000","160,000,000","144,000,000","166,000,000","104,000,000","147,000,000","127,000,000","160,000,000","157,000,000","137,000,000","130,000,000","135,000,000","124,000,000","26,000,000","137,000,000"
TaxRateForCalcs,"0.125","0.184","0.27","0.199","0.145","0.178","0.018","0.185","0.204","0.134","0.222","0.22","0.208","0.032","0.224","0.088","0.2","0.4","0.323","0.326","0.19","0.215","0.318","0.332","0.232","0.375","0.366","0.361","0.346","0.342","0.333","0.336","0.318","0.364","0.303","0.345","0.323","0.351","0.35","0.351","0.34","0.274","0.35","0.344","0.357","0.306","0.373","0.35","0.35"
TaxEffectOfUnusualItems,"5,125,000","1,836,734.694","2,970,000","2,388,000","0","0","0","0","0","0","0","0","0","0","0","0","0","0","0","0","0","0","0","0","0","-6,000,000","0","-21,299,000","0","0","0","0","0","0","0","0","0","-4,558,441.558","2,450,000","1,402,597.403","0","2,736,842.105","-105,000,000","0","0","0","0","0","0"