name,ttm,12/31/2021,09/30/2021,06/30/2021,03/31/2021,12/31/2020,09/30/2020,06/30/2020,03/31/2020,12/31/2019,09/30/2019,06/30/2019,03/31/2019,12/31/2018,09/30/2018,06/30/2018,03/31/2018,12/31/2017,09/30/2017,06/30/2017,03/31/2017,12/31/2016,09/30/2016,06/30/2016,03/31/2016,12/31/2015,09/30/2015,06/30/2015,03/31/2015,12/31/2014,09/30/2014,06/30/2014,03/31/2014,12/31/2013,09/30/2013,06/30/2013,03/31/2013,12/31/2012,09/30/2012,06/30/2012,03/31/2012,12/31/2011,09/30/2011,06/30/2011,03/31/2011,12/31/2010,09/30/2010,06/30/2010,03/31/2010,12/31/2009,09/30/2009,06/30/2009,03/31/2009,12/31/2008,09/30/2008,06/30/2008,03/31/2008,12/31/2007,09/30/2007,06/30/2007,03/31/2007,12/31/2006,09/30/2006,06/30/2006,03/31/2006,12/31/2005,09/30/2005,06/30/2005,03/31/2005,12/31/2004,09/30/2004,06/30/2004,03/31/2004,12/31/2003,09/30/2003,06/30/2003,03/31/2003,12/31/2002,09/30/2002,06/30/2002,03/31/2002,12/31/2001,09/30/2001,06/30/2001,03/31/2001,12/31/2000,09/30/2000,06/30/2000,03/31/2000,12/31/1999,09/30/1999,06/30/1999,03/31/1999,12/31/1998,09/30/1998,06/30/1998,03/31/1998,12/31/1997,09/30/1997,06/30/1997,03/31/1997,12/31/1996,09/30/1996,06/30/1996,03/31/1996,12/31/1995,09/30/1995,06/30/1995,03/31/1995,12/31/1994,09/30/1994,06/30/1994,03/31/1994,12/31/1993,09/30/1993,06/30/1993,03/31/1993,12/31/1992,09/30/1992,06/30/1992,03/31/1992,12/31/1991,09/30/1991,06/30/1991,03/31/1991,12/31/1990,09/30/1990,06/30/1990,03/31/1990,12/31/1989,09/30/1989,06/30/1989,03/31/1989,12/31/1988
TotalRevenue,"5,493,600,000","1,471,100,000","1,316,600,000","1,168,300,000","1,537,600,000","1,609,800,000","1,346,900,000","822,900,000","756,100,000","850,500,000","865,900,000","852,400,000","818,400,000","830,700,000","813,400,000","824,000,000","789,300,000","791,100,000","802,900,000","806,100,000","715,400,000","734,400,000","726,900,000","717,400,000","693,300,000","695,200,000","702,800,000","693,900,000","655,500,000","652,800,000","660,600,000","632,600,000","625,008,000","612,448,000","622,118,000","626,136,000","612,663,000","631,362,000","588,548,000","470,228,000","471,165,000","472,711,000","467,045,000","451,082,000","438,651,000","432,571,000","428,299,000","420,693,000","418,112,000","412,448,000","402,767,000","403,120,000","402,014,000","429,233,000","442,513,000","429,492,000","431,048,000","371,445,000","202,564,000","191,505,000","181,086,000","163,212,000","154,055,000","119,685,000","100,985,000","87,956,000","78,218,000","74,053,000","69,237,000","66,176,000","63,949,000","59,225,000","55,648,000","49,882,000","52,345,000","52,389,000","50,336,000","48,964,000","49,345,000","47,637,000","46,068,000","47,143,000","45,261,000","44,938,000","43,741,000","44,450,000","27,117,000","22,083,000","23,252,000","21,300,000","20,100,000","20,000,000","18,800,000","23,900,000","27,400,000","33,600,000","30,200,000","26,100,000","24,600,000","26,900,000","28,000,000","27,100,000","31,900,000","22,800,000","18,800,000","14,800,000","12,900,000","11,300,000","9,000,000","10,200,000","10,000,000","10,900,000","9,900,000","7,600,000","6,300,000","6,600,000","6,300,000","5,400,000","7,100,000","7,400,000","6,400,000","5,300,000","4,500,000","4,500,000","4,200,000","3,900,000","4,800,000","6,000,000","4,900,000","3,900,000","3,400,000","3,200,000","2,600,000","2,200,000"
	OperatingRevenue,"5,493,600,000","1,471,100,000","1,316,600,000","1,168,300,000","1,537,600,000","1,609,800,000","1,346,900,000","822,900,000","756,100,000","850,500,000","865,900,000","852,400,000","818,400,000","830,700,000","813,400,000","824,000,000","789,300,000","791,100,000","802,900,000","806,100,000","715,400,000","734,400,000","726,900,000","717,400,000","693,300,000","695,200,000","702,800,000","693,900,000","655,500,000","652,800,000","660,600,000","632,600,000","625,008,000","612,448,000","622,118,000","626,136,000","612,663,000","631,362,000","588,548,000","470,228,000","471,165,000","472,711,000","467,045,000","451,082,000","438,651,000","432,571,000","428,299,000","420,693,000","418,112,000","412,448,000","402,767,000","403,120,000","402,014,000","429,233,000","442,513,000","429,492,000","431,048,000","371,445,000","202,564,000","191,505,000","181,086,000","163,212,000","154,055,000","119,685,000","100,985,000","87,956,000","78,218,000","74,053,000","69,237,000","66,176,000","63,949,000","59,225,000","55,648,000","49,882,000","52,345,000","52,389,000","50,336,000","48,964,000","49,345,000","47,637,000","46,068,000","47,143,000","45,261,000","44,938,000","43,741,000","44,450,000","27,117,000","22,083,000","23,252,000","21,300,000","20,100,000","20,000,000","18,800,000","23,900,000","27,400,000","33,600,000","30,200,000","26,100,000","24,600,000","26,900,000","28,000,000","27,100,000","31,900,000","22,800,000","18,800,000","14,800,000","12,900,000","11,300,000","9,000,000","10,200,000","10,000,000","10,900,000","9,900,000","7,600,000","6,300,000","6,600,000","6,300,000","5,400,000","7,100,000","7,400,000","6,400,000","5,300,000","4,500,000","4,500,000","4,200,000","3,900,000","4,800,000","6,000,000","4,900,000","3,900,000","3,400,000","3,200,000","2,600,000","2,200,000"
CostOfRevenue,"1,891,900,000","484,800,000","488,500,000","466,700,000","451,800,000","429,400,000","415,100,000","356,800,000","360,300,000","416,700,000","616,400,000","407,600,000","776,000,000","396,600,000","392,400,000","388,000,000","374,200,000","366,600,000","385,000,000","396,500,000","326,700,000","329,600,000","320,800,000","324,300,000","308,300,000","316,100,000","323,400,000","315,200,000","319,500,000","314,200,000","315,600,000","319,800,000","342,896,000","306,852,000","331,487,000","316,378,000","333,337,000","349,689,000","314,231,000","225,588,000","245,055,000","223,341,000","223,288,000","216,800,000","218,243,000","207,837,000","331,634,000","210,804,000","204,473,000","196,003,000","195,959,000","191,975,000","191,753,000","198,568,000","202,231,000","184,729,000","191,410,000","203,610,000","105,015,000","101,392,000","97,538,000","88,857,000","91,015,000","69,296,000","57,864,000","50,974,000","46,264,000","43,963,000","42,464,000","41,968,000","40,780,000","37,039,000","35,057,000","30,460,000","33,410,000","33,852,000","31,986,000","31,207,000","31,373,000","29,489,000","28,040,000","29,474,000","29,335,000","26,290,000","26,813,000","28,985,000","21,764,000","12,799,000","12,724,000","12,200,000","12,500,000","11,200,000","10,700,000","12,400,000","12,000,000","15,400,000","14,300,000","12,400,000","10,800,000","11,600,000","12,100,000","11,700,000","15,800,000","9,700,000","8,300,000","6,600,000","6,000,000","5,600,000","4,700,000","5,200,000","5,400,000","5,800,000","5,200,000","4,000,000","3,500,000","3,500,000","3,500,000",,"3,700,000","3,800,000","3,200,000","2,600,000",,,,,,,"2,600,000",,,,,
GrossProfit,"3,601,700,000","986,300,000","828,100,000","701,600,000","1,085,800,000","1,180,400,000","931,800,000","466,100,000","395,800,000","433,800,000","249,500,000","444,800,000","42,400,000","434,100,000","421,000,000","436,000,000","415,100,000","424,500,000","417,900,000","409,600,000","388,700,000","404,800,000","406,100,000","393,100,000","385,000,000","379,100,000","379,400,000","378,700,000","336,000,000","338,600,000","345,000,000","312,800,000","282,112,000","305,596,000","290,631,000","309,758,000","279,326,000","281,673,000","274,317,000","244,640,000","226,110,000","249,370,000","243,757,000","234,282,000","220,408,000","224,734,000","96,665,000","209,889,000","213,639,000","216,445,000","206,808,000","211,145,000","210,261,000","230,665,000","240,282,000","244,763,000","239,638,000","167,835,000","97,549,000","90,113,000","83,548,000","74,355,000","63,040,000","50,389,000","43,121,000","36,982,000","31,954,000","30,090,000","26,773,000","24,208,000","23,169,000","22,186,000","20,591,000","19,422,000","18,935,000","18,537,000","18,350,000","17,757,000","17,972,000","18,148,000","18,028,000","17,669,000","15,926,000","18,648,000","16,928,000","15,465,000","5,353,000","9,284,000","10,528,000","9,100,000","7,600,000","8,800,000","8,100,000","11,500,000","15,400,000","18,200,000","15,900,000","13,700,000","13,800,000","15,300,000","15,900,000","15,400,000","16,100,000","13,100,000","10,500,000","8,200,000","6,900,000","5,700,000","4,300,000","5,000,000","4,600,000","5,100,000","4,700,000","3,600,000","2,800,000","3,100,000","2,800,000",,"3,400,000","3,600,000","3,200,000","2,700,000",,,,,,,"2,300,000",,,,,
OperatingExpense,"1,372,900,000","348,900,000","382,500,000","339,400,000","302,100,000","288,900,000","288,500,000","274,100,000","236,500,000","303,700,000","297,900,000","296,800,000","294,800,000","291,900,000","319,200,000","297,100,000","285,800,000","286,600,000","306,100,000","288,600,000","287,000,000","255,600,000","256,100,000","252,200,000","245,100,000","250,700,000","247,100,000","250,800,000","224,200,000","227,100,000","232,800,000","229,900,000","219,781,000","225,961,000","200,212,000","219,844,000","231,135,000","228,869,000","183,922,000","163,977,000","227,177,000","182,702,000","170,087,000","160,366,000","65,020,000","152,963,000","139,647,000","131,115,000","151,529,000","143,989,000","130,300,000","132,399,000","135,090,000","136,944,000","133,573,000","130,759,000","133,527,000","120,616,000","51,051,000","50,181,000","48,744,000","47,838,000","35,580,000","31,809,000","26,729,000","24,976,000","20,545,000","20,639,000","19,592,000","19,618,000","17,917,000","18,759,000","17,745,000","18,361,000","16,283,000","17,446,000","18,007,000","18,818,000","16,713,000","17,111,000","16,890,000","16,875,000","19,371,000","18,404,000","21,596,000","22,525,000","18,030,000","14,307,000","14,894,000","14,300,000","13,700,000","11,900,000","11,000,000","10,400,000","12,200,000","13,700,000","13,000,000","11,700,000","9,500,000","9,200,000","9,800,000","9,500,000","15,800,000","7,500,000","6,700,000","5,600,000","4,900,000","4,400,000","4,200,000","4,000,000","3,900,000","3,600,000","3,300,000","3,100,000","3,900,000","3,300,000","3,100,000",,"3,600,000","3,000,000","2,700,000","2,500,000",,,,,,,"1,500,000",,,,,
	SellingGeneralAndAdministration,"1,040,200,000","265,300,000","294,500,000","260,000,000","220,400,000","219,500,000","221,300,000","208,800,000","177,100,000","233,400,000","225,600,000","223,500,000","223,400,000","224,600,000","251,600,000","227,400,000","214,300,000","217,400,000","230,400,000","210,900,000","220,800,000","179,800,000","171,200,000","171,500,000","163,200,000","176,400,000","166,000,000","167,400,000","143,300,000","147,300,000","151,900,000","147,700,000","140,766,000","151,076,000","124,749,000","143,387,000","152,847,000","148,834,000","178,670,000","119,789,000","138,063,000","123,955,000","134,098,000","113,104,000","109,908,000","109,910,000","93,927,000","93,324,000","112,654,000","107,212,000","94,746,000","95,967,000","97,969,000","100,513,000","106,087,000","103,526,000","107,994,000","91,320,000","38,349,000","37,385,000","36,399,000","35,614,000","35,266,000","24,248,000","19,942,000","19,005,000","16,220,000","15,539,000","14,750,000","15,268,000","13,554,000","14,616,000","13,628,000","14,325,000","11,920,000","13,080,000","13,116,000","14,057,000","11,260,000","12,252,000","12,120,000","11,596,000","14,029,000","12,868,000","15,130,000","14,247,000","12,169,000","9,259,000","10,052,000","8,800,000","7,900,000","7,800,000","7,600,000","7,500,000","9,000,000","10,900,000","10,100,000","9,000,000","6,800,000","6,700,000","7,200,000","7,500,000","20,400,000","5,400,000","4,800,000","4,100,000","3,500,000","3,300,000","2,900,000","2,900,000","2,900,000","2,600,000","2,400,000","3,000,000","3,800,000","3,200,000","3,000,000",,"3,500,000","2,900,000","2,600,000","2,400,000",,,,,,,"1,500,000",,,,,
		GeneralAndAdministrativeExpense,"459,600,000","117,900,000","135,500,000","117,300,000","88,900,000","91,500,000","95,700,000","105,300,000","66,500,000","88,500,000","83,800,000","79,900,000","89,900,000","78,600,000","118,100,000","86,300,000","83,800,000","77,900,000","90,600,000","65,500,000","117,400,000","69,800,000","65,300,000","62,500,000","62,400,000","77,000,000","66,300,000","73,100,000","60,300,000","61,300,000","65,200,000","64,700,000","62,109,000","67,819,000","47,991,000","60,476,000","64,233,000","54,391,000","88,723,000","43,421,000","59,524,000","46,495,000","59,621,000","39,811,000","38,859,000","41,999,000","32,036,000","33,899,000","51,193,000","42,615,000","38,171,000","37,039,000","38,810,000",,,,,,,,,,,,,,,,,,,,,,,,,,,,,,,,"5,827,000",,,,,,,,,,,,,,,,,,,,,,,,,,,,,,,,,,,,,,,,,,,,,,,,,
			SalariesAndWages,,,,,,,,,,,,,,,,,,,,,,,,,,,,,,,,,,,,,,,,,"18,121,000",,,,,,,,,,,,,,,,,,,,,,,,,,,,,,,,,,,,,,,,,,,,,,,,,,,,,,,,,,,,,,,,,,,,,,,,,,,,,,,,,,,,,,,,,,,,,
			OtherGandA,"459,600,000","117,900,000","135,500,000","117,300,000","88,900,000","91,500,000","95,700,000","105,300,000","66,500,000","88,500,000","83,800,000","79,900,000","89,900,000","78,600,000","118,100,000","86,300,000","83,800,000","77,900,000","90,600,000","65,500,000","117,400,000","69,800,000","65,300,000","62,500,000","62,400,000","77,000,000","66,300,000","73,100,000","60,300,000","61,300,000","65,200,000","64,700,000","62,109,000","67,819,000","47,991,000","60,476,000","64,233,000","54,391,000","88,723,000","43,421,000","41,403,000","46,495,000","39,619,000","39,811,000","38,859,000","41,999,000","32,036,000","33,899,000","51,193,000","42,615,000","38,171,000","37,039,000","38,810,000",,,,,,,,,,,,,,,,,,,,,,,,,,,,,,,,"5,827,000",,,,,,,,,,,,,,,,,,,,,,,,,,,,,,,,,,,,,,,,,,,,,,,,,
		SellingAndMarketingExpense,"580,600,000","147,400,000","159,000,000","142,700,000","131,500,000","128,000,000","125,600,000","103,500,000","110,600,000","144,900,000","141,800,000","143,600,000","133,500,000","146,000,000","133,500,000","141,100,000","130,500,000","139,500,000","139,800,000","145,400,000","103,400,000","110,000,000","105,900,000","109,000,000","100,800,000","99,400,000","99,700,000","94,300,000","83,000,000","86,000,000","86,700,000","83,000,000","78,657,000","83,257,000","76,758,000","82,911,000","88,614,000","94,443,000","89,947,000","76,368,000","78,539,000","77,460,000","74,477,000","73,293,000","71,049,000","67,911,000","61,891,000","59,425,000","61,461,000","64,597,000","56,575,000","58,928,000","59,159,000",,,,,,,,,,,,,,,,,,,,,,,,,,,,,,,,"9,303,000",,,,,,,,,,,,,,,,,,,,,,,,,,,,,,,,,,,,,,,,,,,,,,,,,
	ResearchAndDevelopment,"289,800,000","72,800,000","76,500,000","69,000,000","71,500,000","59,300,000","57,000,000","55,100,000","49,300,000","61,200,000","60,400,000","61,400,000","57,300,000","53,200,000","52,700,000","54,400,000","56,800,000","54,800,000","60,500,000","62,500,000","55,400,000","54,400,000","62,500,000","58,800,000","59,100,000","51,700,000","53,700,000","56,000,000","53,300,000","52,000,000","52,100,000","52,500,000","49,915,000","48,669,000","48,737,000","47,779,000","49,621,000","51,509,000","47,094,000","26,229,000","29,297,000","28,342,000","28,081,000","29,725,000","30,333,000","28,557,000","31,591,000","24,218,000","25,298,000","23,198,000","22,700,000","23,407,000","24,428,000","23,793,000","20,944,000","20,966,000","19,364,000","20,147,000","11,263,000","11,413,000","10,991,000","10,816,000","3,776,000","7,561,000","6,787,000","5,971,000","4,325,000","5,100,000","4,842,000","4,350,000","4,363,000","4,143,000","4,117,000","4,036,000","4,363,000","4,366,000","4,891,000","4,761,000","5,453,000","4,859,000","4,770,000","5,279,000","5,342,000","5,536,000","6,466,000","5,983,000","4,552,000","3,872,000","4,042,000","4,700,000","4,400,000","3,200,000","2,600,000","2,500,000","2,600,000","2,300,000","2,500,000","2,300,000","2,300,000","2,200,000","2,300,000","1,700,000",,"1,800,000","1,800,000","1,300,000","1,200,000","1,000,000","1,100,000","1,000,000","800,000","900,000","800,000",,,,,,,,,,,,,,,,,,,,,
	DepreciationAmortizationDepletionIncomeStatement,"42,900,000","10,800,000","11,500,000","10,400,000","10,200,000","10,100,000","10,200,000","10,200,000","10,100,000","9,100,000","11,900,000","11,900,000","14,100,000","14,100,000","14,900,000","15,300,000","14,700,000","14,400,000","15,200,000","15,200,000","10,800,000","21,400,000","22,400,000","21,900,000","22,800,000","22,600,000","27,400,000","27,400,000","27,600,000","27,800,000","28,800,000","29,700,000","29,100,000","26,216,000","26,726,000","28,678,000","28,667,000","28,526,000","24,832,000","15,733,000","16,629,000","14,842,000","14,492,000","14,794,000","14,552,000","14,496,000","14,129,000","13,573,000","13,577,000","13,579,000","12,854,000","13,025,000","12,693,000","12,638,000","6,542,000","6,267,000","6,169,000","6,249,000","1,439,000","1,383,000","1,354,000","1,408,000",,,,,,,,,,,,,,,,,,,,,,,"2,459,000","2,295,000","1,309,000","1,176,000","800,000","800,000","1,400,000","900,000","800,000","400,000","600,000","500,000","400,000","400,000","400,000","300,000","300,000","300,000","300,000","300,000","100,000","200,000","200,000","100,000","200,000","100,000","200,000","100,000","100,000","100,000","100,000","100,000","100,000",,"100,000","100,000","100,000","100,000",,,,,,,,,,,,
		DepreciationAndAmortizationInIncomeStatement,"42,900,000","10,800,000","11,500,000","10,400,000","10,200,000","10,100,000","10,200,000","10,200,000","10,100,000","9,100,000","11,900,000","11,900,000","14,100,000","14,100,000","14,900,000","15,300,000","14,700,000","14,400,000","15,200,000","15,200,000","10,800,000","21,400,000","22,400,000","21,900,000","22,800,000","22,600,000","27,400,000","27,400,000","27,600,000","27,800,000","28,800,000","29,700,000","29,100,000","26,216,000","26,726,000","28,678,000","28,667,000","28,526,000","24,832,000","15,733,000","16,629,000","14,842,000","14,492,000","14,794,000","14,552,000","14,496,000","14,129,000","13,573,000","13,577,000","13,579,000","12,854,000","13,025,000","12,693,000","12,638,000","6,542,000","6,267,000","6,169,000","6,249,000","1,439,000","1,383,000","1,354,000","1,408,000",,,,,,,,,,,,,,,,,,,,,,,"2,459,000","2,295,000","1,309,000","1,176,000","800,000","800,000","1,400,000","900,000","800,000","400,000","600,000","500,000","400,000","400,000","400,000","300,000","300,000","300,000","300,000","300,000","100,000","200,000","200,000","100,000","200,000","100,000","200,000","100,000","100,000","100,000","100,000","100,000","100,000",,"100,000","100,000","100,000","100,000",,,,,,,,,,,,
			Amortization,"42,900,000","10,800,000","11,500,000","10,400,000","10,200,000","10,100,000","10,200,000","10,200,000","10,100,000","9,100,000","11,900,000","11,900,000","14,100,000","14,100,000","14,900,000","15,300,000","14,700,000","14,400,000","15,200,000","15,200,000","10,800,000","21,400,000","22,400,000","21,900,000","22,800,000","22,600,000","27,400,000","27,400,000","27,600,000","27,800,000","28,800,000","29,700,000","29,100,000","26,216,000","26,726,000","28,678,000","28,667,000","28,526,000","24,832,000","15,733,000","16,629,000","14,842,000","14,492,000","14,794,000","14,552,000","14,496,000","14,129,000","13,573,000","13,577,000","13,579,000","12,854,000","13,025,000","12,693,000","12,638,000","6,542,000","6,267,000","6,169,000","6,249,000","1,439,000","1,383,000","1,354,000","1,408,000",,,,,,,,,,,,,,,,,,,,,,,,,,,,,,,,,,,,,,,,,,,,,,,,,,,,,,,,,,,,,,,,,,,,,,,,
				AmortizationOfIntangiblesIncomeStatement,"42,900,000","10,800,000","11,500,000","10,400,000","10,200,000","10,100,000","10,200,000","10,200,000","10,100,000","9,100,000","11,900,000","11,900,000","14,100,000","14,100,000","14,900,000","15,300,000","14,700,000","14,400,000","15,200,000","15,200,000","10,800,000","21,400,000","22,400,000","21,900,000","22,800,000","22,600,000","27,400,000","27,400,000","27,600,000","27,800,000","28,800,000","29,700,000","29,100,000","26,216,000","26,726,000","28,678,000","28,667,000","28,526,000","24,832,000","15,733,000","16,629,000","14,842,000","14,492,000","14,794,000","14,552,000","14,496,000","14,129,000","13,573,000","13,577,000","13,579,000","12,854,000","13,025,000","12,693,000","12,638,000","6,542,000","6,267,000","6,169,000","6,249,000","1,439,000","1,383,000","1,354,000","1,408,000",,,,,,,,,,,,,,,,,,,,,,,,,,,,,,,,,,,,,,,,,,,,,,,,,,,,,,,,,,,,,,,,,,,,,,,,
	OtherOperatingExpenses,,,,,,,,,,,,,,,,,,,,,,,,,,,,,,,,,,,,,,,"12,000","2,226,000","43,188,000","15,563,000","-6,584,000","2,743,000","-89,773,000",,,,,,,,,,"0",,,"2,900,000",,,,,,,,,,,,,,,,,,,,,,,,,,,"-2,459,000",,,,,,,,,,,,,,,,,,,,,,,,,,,,,,,,,,,,,,,,,,,,,,,,,
OperatingIncome,"2,228,800,000","637,400,000","445,600,000","362,200,000","783,700,000","891,500,000","643,300,000","192,000,000","159,300,000","130,100,000","-48,400,000","148,000,000","-252,400,000","142,200,000","101,800,000","138,900,000","129,300,000","137,900,000","111,800,000","121,000,000","101,700,000","149,200,000","150,000,000","140,900,000","139,900,000","128,400,000","132,300,000","127,900,000","111,800,000","111,500,000","112,200,000","82,900,000","62,331,000","79,635,000","90,419,000","89,914,000","48,191,000","52,804,000","90,395,000","80,663,000","-1,067,000","66,668,000","73,670,000","73,916,000","155,388,000","71,771,000","-42,982,000","78,774,000","62,110,000","72,456,000","76,508,000","78,746,000","75,171,000","93,721,000","106,709,000","114,004,000","106,111,000","47,219,000","46,498,000","39,932,000","34,804,000","26,517,000","27,460,000","18,580,000","16,392,000","12,006,000","11,409,000","9,451,000","7,181,000","4,590,000","5,252,000","3,427,000","2,846,000","1,061,000","2,652,000","1,091,000","343,000","-1,061,000","1,259,000","1,037,000","1,138,000","794,000","-3,445,000","244,000","-4,668,000","-7,060,000","-12,677,000","-5,023,000","-4,366,000","-5,200,000","-6,100,000","-3,100,000","-2,900,000","1,100,000","3,200,000","4,500,000","2,900,000","2,000,000","4,300,000","6,100,000","6,100,000","5,900,000","300,000","5,600,000","3,800,000","2,600,000","2,000,000","1,300,000","100,000","1,000,000","700,000","1,500,000","1,400,000","500,000","-1,100,000","-200,000","-300,000","5,400,000","-200,000","600,000","500,000","200,000","-12,400,000","4,500,000","4,200,000","3,900,000","-11,800,000","6,000,000","800,000","3,900,000","-6,300,000","3,200,000","2,600,000","2,200,000"
NetNonOperatingInterestIncomeExpense,"-89,700,000","-25,200,000","-22,400,000","-21,200,000","-21,000,000","-27,700,000","-24,700,000","-26,900,000","-30,000,000","-30,700,000","-33,500,000","-33,900,000","-34,000,000","-34,800,000","-32,400,000","-33,000,000","-36,800,000","-40,200,000","-35,600,000","-38,000,000","-35,600,000","-40,100,000","-37,800,000","-38,900,000","-38,900,000","-39,000,000","-50,900,000","-52,100,000","-49,100,000","-52,100,000","-52,000,000","-52,100,000","-54,300,000","-60,934,000","-65,252,000","-66,858,000","-75,842,000","-71,821,000","-56,280,000","-24,898,000","-27,922,000","-28,847,000","-28,571,000","-28,188,000","-27,725,000","-28,502,000","-28,958,000","-33,332,000","-31,920,000","-31,619,000","-16,283,000","-17,346,000","-16,748,000",,,,,,,,,,,,,,,,,,,,,,,,,,,,,,,,,,,,,,,,,,,,,,,,,,,,,,,,,,,,,,,,,,,,,,,,,,,,,,,,,
	InterestIncomeNonOperating,"1,500,000","500,000","300,000","400,000","300,000","400,000","300,000","500,000","1,300,000","2,100,000","1,300,000","1,200,000","800,000","1,300,000","1,900,000","1,500,000","2,100,000","800,000","500,000","1,100,000","1,900,000","300,000","100,000","200,000","200,000","200,000","300,000","300,000","300,000","400,000","500,000","300,000","149,000","356,000","531,000","304,000","207,000","260,000","393,000","695,000","590,000","662,000","508,000","485,000","460,000","407,000","371,000","321,000","401,000","185,000","162,000","206,000","347,000",,,,,,,,,,,,,,,,,,,,,,,,,,,,,,,,,,,,,,,,,,,,,,,,,,,,,,,,,,,,,,,,,,,,,,,,,,,,,,,,,
	InterestExpenseNonOperating,"91,200,000","25,700,000","22,700,000","21,600,000","21,300,000","28,100,000","25,000,000","27,400,000","31,300,000","32,800,000","34,800,000","35,100,000","34,800,000","36,100,000","34,300,000","34,500,000","38,900,000","41,000,000","36,100,000","39,100,000","37,500,000","40,400,000","37,900,000","39,100,000","39,100,000","39,200,000","51,200,000","52,400,000","49,400,000","52,500,000","52,500,000","52,400,000","54,449,000","61,290,000","65,783,000","67,162,000","76,049,000","72,081,000","56,673,000","25,593,000","28,512,000","29,509,000","29,079,000","28,673,000","28,185,000","28,909,000","29,329,000","33,653,000","32,321,000","31,804,000","16,445,000","17,552,000","17,095,000",,,,,,,,,,,,,,,,,,,,,,,,,,,,,,,,,,,,,,,,,,,,,,,,,,,,,,,,,,,,,,,,,,,,,,,,,,,,,,,,,
	TotalOtherFinanceCost,,,,,,,,,,,,,,,,,,,,,,,,,,,,,,,,,,,,,,,,,,"29,509,000",,,,,,,,,,,,,,,,,,,,,,,,,,,,,,,,,,,,,,,,,,,,,,,,,,,,,,,,,,,,,,,,,,,,,,,,,,,,,,,,,,,,,,,,,,,,
OtherIncomeExpense,"11,500,000","9,700,000","-12,600,000","-3,500,000","17,800,000","-31,300,000","-1,500,000","3,300,000","-10,400,000","-2,000,000","-40,800,000","200,000","-67,300,000","-3,100,000","1,900,000","-600,000","-783,500,000","-1,900,000","-3,900,000","-8,500,000","901,500,000","7,000,000","-4,700,000","-900,000","-9,100,000","25,300,000","-56,000,000","-29,100,000","-1,900,000","-15,300,000","-21,600,000","-8,200,000","-19,781,000","-20,120,000","-1,130,104,000","-29,979,000","-46,097,000","11,664,000","-132,079,000","-758,000","-29,619,000","2,083,000","-3,493,000","-1,304,000","1,164,000","-30,740,000","-100,649,000","305,000","568,000","256,000","28,000","-730,000","-2,340,697,000","-3,081,000","-197,030,000","-5,595,000","-159,000","-372,915,000",,,,,,,,"-4,200,000",,,,,,,,,,,,,"2,296,000","-687,000","-495,000","-1,575,000","1,265,000","-1,618,000","-1,041,000","-23,000","-5,145,000","-8,000","-44,000",,"100,000","-200,000","1,300,000","2,000,000","-1,400,000","2,400,000","1,400,000","1,200,000","1,600,000","1,400,000","1,400,000","1,000,000","4,400,000","600,000","500,000","-900,000","-1,400,000","-700,000","200,000",,"0","100,000","100,000","100,000","500,000",,"100,000",,"200,000","300,000","100,000","200,000",,,,,,,"100,000",,,,,
	GainOnSaleOfSecurity,,,,,,"-9,900,000",,,,,,,,,,,,,,,,,,,,,,,,,,,,,,,,,,,,,,,,,,,,,,,,,,,,,,,,,,,,,,,,,,,,,,,,,,,,,,,,,,,,,,,,,,,,,,,,,,,,,,,,,,,,,,,,,,,,,,,,,,,,,,,,
	SpecialIncomeCharges,"6,600,000","3,200,000","-6,100,000","-3,600,000","13,100,000","-21,400,000","-10,500,000","-1,000,000","-2,900,000","-5,300,000","-38,100,000","-2,700,000","-70,800,000","-2,500,000","-2,800,000","-5,800,000","-778,400,000","-4,800,000","-3,100,000","-8,600,000","898,100,000","-3,200,000","-3,800,000","-1,500,000","-8,300,000","-2,300,000","-44,400,000","-30,100,000","-2,000,000","-14,700,000","-20,200,000","-6,700,000","-16,518,000","-21,290,000","-1,132,586,000","-28,762,000","-45,896,000","10,425,000","-136,995,000","-758,000","-29,619,000","2,083,000","-3,493,000","-1,304,000","1,164,000","-30,740,000","-100,649,000","305,000","568,000","256,000","28,000","-730,000","-2,340,697,000","-3,081,000","-197,030,000","-5,595,000","-159,000","-372,915,000",,,,,,,,"-4,200,000",,,,,,,,,,,,,"2,296,000","-687,000","-495,000","-1,575,000","1,265,000","-1,618,000","-1,041,000","-23,000","-5,145,000","-8,000","-44,000",,"100,000","-200,000","1,300,000","2,000,000","-1,400,000","2,400,000","1,400,000","1,200,000","1,600,000","1,400,000","1,400,000","1,000,000","4,400,000","600,000","500,000","-900,000","-1,400,000","-700,000","200,000",,"0","100,000","100,000","100,000","500,000",,"100,000",,"200,000","300,000","100,000","200,000",,,,,,,"100,000",,,,,
		RestructuringAndMergernAcquisition,"-7,300,000","-3,900,000","6,100,000","3,600,000","-13,100,000","6,000,000","10,500,000","1,000,000","2,900,000","900,000","600,000","2,700,000","1,600,000","1,700,000","2,800,000","5,800,000","1,800,000","3,800,000","2,500,000","6,000,000","1,600,000","3,200,000","3,000,000","1,500,000","3,800,000","2,300,000","6,600,000","11,900,000","2,000,000","8,000,000","15,100,000","6,700,000","11,559,000","18,350,000","9,255,000","28,762,000","42,649,000","43,459,000","136,184,000","136,000","783,000","-91,000","-71,000","0","0","51,000","1,226,000","0","-132,000","487,000","797,000","0",,,"0","6,383,000",,,,,,,,,,,,,,,,,,,,,,,"0",,"495,000","1,575,000",,"710,000",,,,,,,,,,,,,,,,,,,,,,,,,,,,,,,,,,,,,,,,,,,,,,,,,,
		ImpairmentOfCapitalAssets,,,"0","0","0","0","0","0","0","4,400,000","37,500,000","0","69,200,000",,"0",,"731,700,000",,,,,,,,,,"0","0","0",,"5,100,000","0","522,000",,,,,,"5,826,000",,,,,,,,"96,840,000","0","0",,"0","0","2,340,023,000",,,,,,,,,,,,,,,,,,,,,,,,,,,,,,,,,,,,,,,,,,,,,,,,,,,,,,,,,,,,,,,,,,,,,,,,,,,,,,,,,
		OtherSpecialCharges,"700,000","700,000","0",,,"15,400,000",,,,,"0",,,"800,000","0",,"44,900,000","1,000,000","600,000","2,600,000",,,"800,000",,"4,500,000",,"37,800,000","18,200,000",,"6,700,000","0",,"4,437,000","2,940,000","5,962,000",,"3,247,000",,"7,409,000","622,000","28,836,000","-1,992,000","3,564,000","1,304,000","-1,164,000","30,689,000","2,583,000","-305,000","-436,000","-743,000","-825,000","730,000","674,000",,"197,030,000","-788,000",,,,,,,,,,,,,,,,,,,,,,,,,,,,"908,000",,,,,,,,,,,,,,,,,,,,,,,,,,,,,,,,,,,,,,,,,,,,,,,,,,
		GainOnSaleOfBusiness,,,,,,,,,,,,,,,"0",,"0",,"0","0","899,700,000",,,,,,,,,,,,,,,,,,,,,,,,,,,,,,,,,,,,,,,,,,,,,,,,,,,,,,,,,,,,,,,,,,,,,,,,,,,,,,,,,,,,,,,,,,,,,,,,,,,,,,,,,,,,,,,,,
		GainOnSaleOfPPE,,,,,,,,,,,,,,,,,,,,,,,,,,,,,,,"0","0","0","0","0","0","0","53,884,000",,,,,,,,,,,,,,,,,,,,,,,,,,,,,,,,,,,,,,,,,,,,,,,,,,,,,,,,,,,,,,,,,,,,,,,,,,,,,,,,,,,,,,,,,,,,,,,,
	OtherNonOperatingIncomeExpenses,"4,900,000","6,500,000","-6,500,000","100,000","4,700,000",,"9,000,000","4,300,000","-7,500,000","3,300,000","-2,700,000","2,900,000","3,500,000","-600,000","4,700,000","5,200,000","-5,100,000","2,900,000","-800,000","100,000","3,400,000","10,200,000","-900,000","600,000","-800,000","27,600,000","-11,600,000","1,000,000","100,000","-600,000","-1,400,000","-1,500,000","-3,263,000","1,170,000","2,482,000","-1,217,000","-201,000","1,239,000","2,412,000",,,,,,,,,,,,,,,,,,,,,,,,,,,,,,,,,,,,,,,,,,,,,,,,,,,,,,,,,,,,,,,,,,,,,,,,,,,,,,,,,,,,,,,,,,,,,,,
PretaxIncome,"2,150,600,000","621,900,000","410,600,000","337,500,000","780,500,000","832,400,000","617,100,000","168,400,000","118,900,000","97,400,000","-122,700,000","114,300,000","-353,700,000","104,300,000","71,300,000","105,300,000","-691,000,000","95,800,000","72,300,000","74,500,000","967,600,000","116,100,000","107,500,000","101,100,000","91,900,000","114,700,000","25,400,000","46,700,000","60,800,000","44,100,000","38,600,000","22,600,000","-11,750,000","-1,419,000","-1,104,937,000","-6,923,000","-73,748,000","-7,353,000","-97,964,000","55,007,000","-58,608,000","39,904,000","41,606,000","44,424,000","128,827,000","12,529,000","-172,589,000","45,747,000","30,758,000","41,093,000","60,253,000","60,670,000","-2,282,274,000","72,676,000","-109,332,000","94,910,000","87,484,000","-352,202,000","47,731,000","40,538,000","34,284,000","25,936,000","7,526,000","19,217,000","17,414,000","9,066,000","12,115,000","10,158,000","7,554,000","4,868,000","5,656,000","3,498,000","2,695,000","1,078,000","2,611,000","1,128,000","435,000","-910,000","748,000","492,000","3,000","-1,492,000","-4,909,000","-1,116,000","-7,891,000",,"-17,022,000","-4,143,000","-3,384,000","-4,500,000","-4,900,000","-2,400,000","-1,700,000","3,100,000","1,900,000","6,800,000","4,300,000","3,300,000","5,900,000","7,400,000","7,400,000","6,900,000","4,800,000","6,200,000","4,200,000","1,800,000","800,000","600,000","300,000","900,000","700,000","1,700,000","1,300,000","600,000","-1,100,000",,,,"0","1,000,000","700,000","400,000",,,,,,,"700,000",,,,,
TaxProvision,"435,100,000","122,700,000","81,800,000","69,400,000","161,100,000","179,000,000","123,500,000","32,000,000","24,100,000","-288,400,000","800,000","20,400,000","-81,100,000","5,700,000","20,800,000","-7,600,000","-9,600,000","-310,900,000","-10,400,000","15,000,000","440,800,000","29,600,000","15,400,000","16,300,000","23,000,000","29,800,000","300,000","17,300,000","13,000,000","14,900,000","10,500,000","11,300,000","5,015,000","3,932,000","8,965,000","4,027,000","-22,644,000","-10,471,000","-20,197,000","31,413,000","-18,335,000","19,092,000","14,037,000","8,228,000","46,382,000","1,589,000","-35,615,000","18,299,000","10,140,000","14,998,000","25,313,000","19,670,000","17,896,000","24,683,000","35,041,000","33,531,000","31,498,000","6,405,000","15,621,000","15,790,000","12,650,000","9,850,000","9,000,000","7,200,000","6,250,000","3,350,000","2,639,000","2,000,000","1,506,000","294,000","446,000","173,000","106,000","38,000","70,000","52,000","52,000","2,000","3,913,000",,"-4,423,000","81,000","18,000","97,000","54,000",,"-6,100,000","-1,500,000","-1,200,000","-1,600,000","-1,800,000","-900,000","-600,000","1,100,000","600,000","2,500,000","1,600,000","1,200,000","2,000,000","2,700,000","2,700,000","2,500,000","1,700,000","2,300,000","1,200,000","500,000","200,000","100,000","100,000","300,000","200,000","500,000","400,000","200,000","-100,000",,,,"0","300,000","200,000","100,000",,,,,,,"200,000",,,,,
NetIncomeCommonStockholders,"1,716,300,000","499,200,000","328,800,000","268,400,000","619,900,000","654,400,000","494,900,000","137,900,000","96,300,000","386,100,000","-123,500,000","93,900,000","-272,600,000","98,600,000","50,500,000","112,900,000","-681,400,000","406,700,000","82,700,000","59,500,000","526,800,000","86,500,000","92,100,000","84,800,000","68,900,000","84,900,000","25,100,000","29,400,000","47,800,000","29,200,000","28,100,000","11,300,000","-16,765,000","-5,351,000","-1,113,902,000","-10,950,000","-51,104,000","3,118,000","-77,767,000","23,594,000","-40,273,000","20,812,000","27,569,000","36,196,000","82,445,000","10,940,000","-136,974,000","27,448,000","20,618,000","26,095,000","34,940,000","41,000,000","-2,300,170,000","47,993,000","-144,373,000","61,379,000","55,986,000","-358,608,000","32,110,000","24,748,000","21,634,000","16,086,000","-1,474,000","12,017,000","11,164,000","5,716,000","9,476,000","8,158,000","6,048,000","4,574,000","5,210,000","3,325,000","2,589,000","1,040,000","2,334,000","1,076,000","383,000","-912,000","-3,165,000","492,000","4,426,000","-1,573,000","-4,927,000","-1,213,000","-7,945,000","-6,765,000","-10,922,000","-2,643,000","-2,184,000","-2,900,000","-3,100,000","-1,500,000","-1,100,000","2,000,000","1,300,000","4,300,000","2,700,000","2,100,000","3,900,000","4,700,000","4,700,000","4,400,000","3,100,000","3,900,000","3,000,000","1,300,000","600,000","500,000","200,000","600,000","500,000","1,200,000","900,000","400,000","-1,000,000","-200,000","-200,000","-500,000","0","700,000","500,000","300,000",,,,,,,"500,000",,,,,
	NetIncome,"1,716,300,000","499,200,000","328,800,000","268,400,000","619,900,000","654,400,000","494,900,000","137,900,000","96,300,000","386,100,000","-123,500,000","93,900,000","-272,600,000","98,600,000","50,500,000","112,900,000","-681,400,000","406,700,000","82,700,000","59,500,000","526,800,000","86,500,000","92,100,000","84,800,000","68,900,000","84,900,000","25,100,000","29,400,000","47,800,000","29,200,000","28,100,000","11,300,000","-16,765,000","-5,351,000","-1,113,902,000","-10,950,000","-51,104,000","3,118,000","-77,767,000","23,594,000","-40,273,000","20,812,000","27,569,000","36,196,000","82,445,000","10,940,000","-136,974,000","27,448,000","20,618,000","26,095,000","34,940,000","41,000,000","-2,300,170,000","47,993,000","-144,373,000","61,379,000","55,986,000","-358,608,000","32,110,000","24,748,000","21,634,000","16,086,000","-1,474,000","12,017,000","11,164,000","5,716,000","9,476,000","8,158,000","6,048,000","4,574,000","5,210,000","3,325,000","2,589,000","1,040,000","2,334,000","1,076,000","383,000","-912,000","-3,165,000","492,000","4,426,000","-1,573,000","-4,927,000","-1,213,000","-7,945,000","-6,765,000","-10,922,000","-2,643,000","-2,184,000","-2,900,000","-3,100,000","-1,500,000","-1,100,000","2,000,000","1,300,000","4,300,000","2,700,000","2,100,000","3,900,000","4,700,000","4,700,000","4,400,000","3,100,000","3,900,000","3,000,000","1,300,000","600,000","500,000","200,000","600,000","500,000","1,200,000","900,000","400,000","-1,000,000","-200,000","-200,000","-500,000","0","700,000","500,000","300,000",,,,,,,"500,000",,,,,
		NetIncomeIncludingNoncontrollingInterests,"1,715,500,000","499,200,000","328,800,000","268,100,000","619,400,000","653,400,000","493,600,000","136,400,000","94,800,000","385,800,000","-123,500,000","93,900,000","-272,600,000","98,600,000","50,500,000","112,900,000","-681,400,000","406,700,000","82,700,000","59,500,000","526,800,000","86,500,000","92,100,000","84,800,000","68,900,000","84,900,000","25,100,000","29,400,000","47,800,000","29,200,000","28,100,000","11,300,000","-16,765,000","-5,351,000","-1,113,902,000","-10,950,000","-51,104,000","3,118,000","-77,767,000","23,594,000","-40,273,000","20,812,000","27,569,000","36,196,000","82,445,000","10,940,000","-136,974,000","27,448,000","20,618,000","26,095,000","34,940,000","41,000,000","-2,300,170,000","47,993,000","-144,373,000","61,379,000","55,986,000","-358,608,000","32,110,000","24,748,000","21,634,000","16,086,000","-1,474,000","12,017,000","11,164,000","5,716,000","9,476,000","8,158,000","6,048,000","4,574,000","5,210,000","3,325,000","2,589,000","1,040,000","2,334,000","1,076,000","383,000","-912,000","-3,165,000","492,000","4,426,000","-1,573,000","-4,927,000","-1,213,000","-7,945,000","-6,765,000","-10,922,000","-2,643,000","-2,184,000","-2,900,000","-3,100,000","-1,500,000","-1,100,000","2,000,000","1,300,000","4,300,000","2,700,000","2,100,000","3,900,000","4,700,000","4,700,000","4,400,000","3,100,000","3,900,000","3,000,000","1,300,000","600,000","500,000","200,000","600,000","500,000","1,200,000","900,000","400,000","-1,000,000","-200,000","-200,000","-500,000","0","700,000","500,000","300,000","400,000","300,000","100,000","-100,000","800,000","800,000","500,000","500,000","400,000","400,000","400,000","200,000"
			NetIncomeContinuousOperations,"1,715,500,000","499,200,000","328,800,000","268,100,000","619,400,000","653,400,000","493,600,000","136,400,000","94,800,000","385,800,000","-123,500,000","93,900,000","-272,600,000","98,600,000","50,500,000","112,900,000","-681,400,000","406,700,000","82,700,000","59,500,000","526,800,000","86,500,000","92,100,000","84,800,000","68,900,000","84,900,000","25,100,000","29,400,000","47,800,000","29,200,000","28,100,000","11,300,000","-16,765,000","-5,351,000","-1,113,902,000","-10,950,000","-51,104,000","3,118,000","-77,767,000","23,594,000","-40,273,000","20,812,000","27,569,000","36,196,000","82,445,000","10,940,000","-136,974,000","27,448,000","20,618,000","26,095,000","34,940,000","41,000,000","-2,300,170,000","47,993,000","-144,373,000","61,379,000","55,986,000","-358,608,000","32,110,000","24,748,000","21,634,000","16,086,000","-1,474,000","12,017,000","11,164,000","5,716,000","9,476,000","8,158,000","6,048,000","4,574,000","5,210,000","3,325,000","2,589,000","1,040,000","2,541,000","1,076,000","383,000","-912,000","-3,165,000","492,000","4,426,000","-1,573,000","-4,927,000","-1,213,000","-7,945,000","-6,765,000","-10,922,000","-2,643,000","-2,184,000","-2,900,000","-3,100,000","-1,500,000","-1,100,000","2,000,000","1,300,000","4,300,000","2,700,000","2,100,000","3,900,000","4,700,000","4,700,000","4,400,000","3,100,000","3,900,000","3,000,000","1,300,000","600,000","500,000","200,000","600,000","500,000","1,200,000","900,000","400,000","-1,000,000","-200,000","-200,000","-500,000","0","700,000","500,000","300,000","400,000","300,000","100,000","-100,000","800,000","800,000","500,000","500,000","400,000","400,000","400,000","200,000"
		MinorityInterests,"800,000","0","0","300,000","500,000","1,000,000","1,300,000","1,500,000","1,500,000","300,000",,,,,,,,,,,,,,,,,,,,,,,,,,,,,,,,,,,,,,,,,,,,,,,,,,,,,,,,,,,,,,,,,,,,,,,,,,,,,,,,,,,,,,,,,,,,,,,,,,,,,,,,,,,,,,,,,,,,,,,,,,,,
DilutedNIAvailtoComStockholders,"1,716,300,000","499,200,000","328,800,000","268,400,000","619,900,000","654,400,000","494,900,000","137,900,000","96,300,000","386,100,000","-123,500,000","93,900,000","-272,600,000","98,600,000","50,500,000","112,900,000","-681,400,000","406,700,000","82,700,000","59,500,000","526,800,000","86,500,000","92,100,000","84,800,000","68,900,000","84,900,000","25,100,000","29,400,000","47,800,000","29,200,000","28,100,000","11,300,000","-16,765,000","-5,351,000","-1,113,902,000","-10,950,000","-51,104,000","3,118,000","-77,767,000","23,594,000","-40,273,000","20,812,000","27,569,000","36,196,000","82,445,000","10,940,000","-136,974,000","27,448,000","20,618,000","26,095,000","34,940,000","41,000,000","-2,300,170,000","47,993,000","-144,373,000","61,379,000","55,986,000","-358,608,000","32,110,000","24,748,000","21,634,000","16,086,000","-1,474,000","12,017,000","11,164,000","5,716,000","9,476,000","8,158,000","6,048,000","4,574,000","5,210,000","3,325,000","2,589,000","1,040,000","2,334,000","1,076,000","383,000","-912,000","-3,165,000","492,000","4,426,000","-1,573,000","-4,927,000","-1,213,000","-7,945,000","-6,765,000","-10,922,000","-2,643,000","-2,184,000","-2,900,000","-3,100,000","-1,500,000","-1,100,000","2,000,000","1,300,000","4,300,000","2,700,000","2,100,000","3,900,000","4,700,000","4,700,000","4,400,000","3,100,000","3,900,000","3,000,000","1,300,000","600,000","500,000","200,000","600,000","500,000","1,200,000","900,000","400,000","-1,000,000","-200,000","-200,000","-500,000","0","700,000","500,000","300,000",,,,,,,"500,000",,,,,
BasicEPS,,"1.97","1.29","1.05","2.4","2.53","1.9","0.53","0.37","1.44","0.15","0.35","-1.01","0.36","0.19","0.41","-2.46","1.47","0.3","0.21","1.88","0.31","0.33","0.31","0.24","0.3","0.09","0.1","0.17","0.1","0.1","0.04","-0.06","-0.02",,"-0.04","-0.19","0.01","-0.29","0.09","-0.15","0.08",,"0.14","0.32","0.04",,"0.11","0.08","0.1",,"0.16","-8.97","0.19",,"0.24","0.22","-1.655",,"0.23","0.205","0.155",,"0.13","0.125","0.065",,"0.093","0.073","0.055",,"0.04","0.033","0.013",,"0.013","0.005","-0.013",,"0.008","0.058","-0.025",,"-0.02","-0.128","-0.11",,"-0.043","-0.035","-0.048",,"-0.028","-0.02","0.038",,"0.08","0.053","0.04",,"0.088","0.085","0.08",,"0.08","0.068","0.035",,"0.015","0.005","0.02",,"0.035","0.028","0.013",,"-0.005","-0.005","-0.015",,"0.02","0.015","0.01",,"0.01","0.003","-0.003",,"0.025","0.023","0.023",,"0.018","0.018","0.01"
DilutedEPS,,"1.95","1.28","1.04","2.38","2.5","1.88","0.53","0.36","1.43","0.15","0.35","-1.01","0.36","0.18","0.41","-2.46","1.45","0.29","0.21","1.84","0.3","0.33","0.3","0.24","0.29","0.09","0.1","0.17","0.1","0.1","0.04","-0.06","-0.02",,"-0.04","-0.19","0.01","-0.29","0.09","-0.15","0.08",,"0.14","0.31","0.04",,"0.1","0.08","0.1",,"0.16","-8.97","0.19",,"0.24","0.22","-1.655",,"0.225","0.2","0.15",,"0.125","0.12","0.06",,"0.09","0.068","0.053",,"0.038","0.03","0.013",,"0.013","0.005","-0.013",,"0.005","0.055","-0.025",,"-0.02","-0.128","-0.11",,"-0.043","-0.035","-0.048",,"-0.028","-0.02","0.038",,"0.078","0.05","0.038",,"0.088","0.085","0.08",,"0.08","0.068","0.035",,"0.015","0.005","0.02",,"0.035","0.028","0.013",,"-0.005","-0.005","-0.015",,"0.02","0.015","0.01",,"0.01","0.003","-0.003",,"0.025","0.02","0.02",,"0.018","0.018","0.01"
BasicAverageShares,,"253,499,000","254,876,000","256,230,000","258,473,000","258,605,000","259,908,000","259,870,000","263,238,000","267,893,000","268,894,000","268,932,000","269,235,000","270,590,000","272,720,000","273,729,000","277,114,000","276,856,000","279,543,000","280,824,000","280,215,000","278,663,000","277,549,000","277,853,000","282,474,000","282,976,000","282,072,000","281,184,000","280,338,000","278,671,000","277,855,000","276,843,000","274,589,000","272,708,000",,"269,430,000","268,175,000","266,344,000","264,938,000","264,609,000","263,900,000","262,717,000",,"261,784,000","260,825,000","259,624,000",,"259,107,000","258,653,000","258,024,000",,"256,556,000","256,374,000","256,212,000",,"255,676,000","255,253,000","216,882,000",,"107,624,000","106,620,000","105,234,000",,"91,152,000","90,378,000","88,702,000",,"87,356,000","84,516,000","82,588,000",,"81,436,000","80,844,000","79,916,000",,"78,624,000","78,320,000","77,900,000",,"77,028,000","75,788,000","64,276,000",,"61,904,000","61,868,000","61,548,000",,"61,308,000","61,272,000","61,048,000",,"54,545,455","55,000,000","53,333,333",,"53,750,000","51,428,571","52,500,000",,"53,714,286","55,294,118","55,000,000",,"48,750,000","44,444,444","37,142,857",,"33,333,333","40,000,000","30,000,000",,"34,285,714","32,727,273","32,000,000",,"40,000,000","40,000,000","33,333,333",,"35,000,000","33,333,333","30,000,000",,"30,872,000","30,728,000","30,656,000",,"23,529,412","22,222,222","30,256,000",,"8,712,000","8,712,000","8,712,000"
DilutedAverageShares,,"256,070,000","257,710,000","258,581,000","260,749,000","261,785,000","263,179,000","261,047,000","264,506,000","269,721,000","270,993,000","270,789,000","269,235,000","272,372,000","274,981,000","275,569,000","277,114,000","280,802,000","284,741,000","287,638,000","286,010,000","284,224,000","282,494,000","282,302,000","287,857,000","291,971,000","294,778,000","292,612,000","287,580,000","283,176,000","282,217,000","279,205,000","274,589,000","272,708,000",,"269,430,000","268,175,000","269,379,000","264,938,000","267,294,000","263,900,000","264,958,000",,"265,167,000","264,030,000","263,146,000",,"262,106,000","261,478,000","260,804,000",,"258,908,000","256,374,000","258,433,000",,"259,390,000","259,798,000","216,882,000",,"110,018,000","109,526,000","108,788,000",,"95,032,000","94,690,000","93,602,000",,"91,552,000","89,764,000","87,044,000",,"85,884,000","85,172,000","83,588,000",,"80,944,000","80,140,000","77,900,000",,"81,816,000","80,728,000","64,276,000",,"61,904,000","61,868,000","61,548,000",,"61,308,000","61,272,000","61,048,000",,"54,545,455","55,000,000","53,333,333",,"55,483,871","54,000,000","56,000,000",,"53,714,286","55,294,118","55,000,000",,"48,750,000","44,444,444","37,142,857",,"33,333,333","40,000,000","30,000,000",,"34,285,714","32,727,273","32,000,000",,"40,000,000","40,000,000","33,333,333",,"35,000,000","33,333,333","30,000,000",,"30,872,000","30,728,000","30,656,000",,"25,000,000","25,000,000","30,256,000",,"8,712,000","8,712,000","8,712,000"
TotalOperatingIncomeAsReported,"2,236,100,000","641,300,000","439,500,000","358,600,000","796,800,000","885,500,000","632,800,000","191,000,000","156,400,000","124,800,000","-86,500,000","145,300,000","-323,200,000","140,500,000","99,000,000","133,100,000","-604,200,000","134,100,000","109,300,000","115,000,000","999,800,000","146,000,000","147,000,000","139,400,000","136,100,000","126,100,000","125,700,000","116,000,000","109,800,000","103,500,000","92,000,000","76,200,000","50,250,000","61,285,000","-1,036,205,000","61,152,000","5,542,000","63,229,000","-43,703,000","80,527,000","10,134,000","66,759,000","73,421,000","73,916,000","155,388,000","71,720,000","-142,707,000","78,774,000","61,901,000","71,969,000","75,711,000","78,746,000","-2,264,852,000","93,721,000","-88,491,000","107,621,000","106,111,000","-322,781,000","46,498,000","39,932,000","34,804,000","26,517,000","7,560,000","18,580,000","16,392,000","7,806,000","11,409,000","9,451,000","7,181,000","4,590,000","5,252,000","3,427,000","2,846,000","1,061,000","2,652,000","1,091,000","343,000","-1,061,000","1,259,000","1,037,000","643,000","-781,000","-4,253,000","-466,000","-7,127,000","-7,060,000","-12,677,000","-5,023,000","-4,366,000","-5,200,000","-6,100,000","-3,100,000","-2,900,000","1,100,000","3,200,000","4,500,000","2,900,000","2,000,000","4,300,000","6,100,000","6,100,000","5,900,000","300,000","5,600,000","3,800,000","2,600,000","2,000,000","1,300,000","100,000","1,000,000","700,000","1,500,000","1,400,000","500,000","-1,100,000","-200,000","-300,000",,"-200,000","600,000","500,000","200,000",,,,,,,"800,000",,,,,
TotalExpenses,"3,264,800,000","833,700,000","871,000,000","806,100,000","753,900,000","718,300,000","703,600,000","630,900,000","596,800,000","720,400,000","914,300,000","704,400,000","1,070,800,000","688,500,000","711,600,000","685,100,000","660,000,000","653,200,000","691,100,000","685,100,000","613,700,000","585,200,000","576,900,000","576,500,000","553,400,000","566,800,000","570,500,000","566,000,000","543,700,000","541,300,000","548,400,000","549,700,000","562,677,000","532,813,000","531,699,000","536,222,000","564,472,000","578,558,000","498,153,000","389,565,000","472,232,000","406,043,000","393,375,000","377,166,000","283,263,000","360,800,000","471,281,000","341,919,000","356,002,000","339,992,000","326,259,000","324,374,000","326,843,000","335,512,000","335,804,000","315,488,000","324,937,000","324,226,000","156,066,000","151,573,000","146,282,000","136,695,000","126,595,000","101,105,000","84,593,000","75,950,000","66,809,000","64,602,000","62,056,000","61,586,000","58,697,000","55,798,000","52,802,000","48,821,000","49,693,000","51,298,000","49,993,000","50,025,000","48,086,000","46,600,000","44,930,000","46,349,000","48,706,000","44,694,000","48,409,000","51,510,000","39,794,000","27,106,000","27,618,000","26,500,000","26,200,000","23,100,000","21,700,000","22,800,000","24,200,000","29,100,000","27,300,000","24,100,000","20,300,000","20,800,000","21,900,000","21,200,000","31,600,000","17,200,000","15,000,000","12,200,000","10,900,000","10,000,000","8,900,000","9,200,000","9,300,000","9,400,000","8,500,000","7,100,000","7,400,000","6,800,000","6,600,000",,"7,300,000","6,800,000","5,900,000","5,100,000",,,,,,,"4,100,000",,,,,
NetIncomeFromContinuingAndDiscontinuedOperation,"1,716,300,000","499,200,000","328,800,000","268,400,000","619,900,000","654,400,000","494,900,000","137,900,000","96,300,000","386,100,000","-123,500,000","93,900,000","-272,600,000","98,600,000","50,500,000","112,900,000","-681,400,000","406,700,000","82,700,000","59,500,000","526,800,000","86,500,000","92,100,000","84,800,000","68,900,000","84,900,000","25,100,000","29,400,000","47,800,000","29,200,000","28,100,000","11,300,000","-16,765,000","-5,351,000","-1,113,902,000","-10,950,000","-51,104,000","3,118,000","-77,767,000","23,594,000","-40,273,000","20,812,000","27,569,000","36,196,000","82,445,000","10,940,000","-136,974,000","27,448,000","20,618,000","26,095,000","34,940,000","41,000,000","-2,300,170,000","47,993,000","-144,373,000","61,379,000","55,986,000","-358,608,000","32,110,000","24,748,000","21,634,000","16,086,000","-1,474,000","12,017,000","11,164,000","5,716,000","9,476,000","8,158,000","6,048,000","4,574,000","5,210,000","3,325,000","2,589,000","1,040,000","2,541,000","1,076,000","383,000","-912,000","-3,165,000","492,000","4,426,000","-1,573,000","-4,927,000","-1,213,000","-7,945,000","-6,765,000","-10,922,000","-2,643,000","-2,184,000","-2,900,000","-3,100,000","-1,500,000","-1,100,000","2,000,000","1,300,000","4,300,000","2,700,000","2,100,000","3,900,000","4,700,000","4,700,000","4,400,000","3,100,000","3,900,000","3,000,000","1,300,000","600,000","500,000","200,000","600,000","500,000","1,200,000","900,000","400,000","-1,000,000","-200,000","-200,000","-500,000","0","700,000","500,000","300,000",,,,,,,"500,000",,,,,
NormalizedIncome,"1,711,035,283.177","496,630,400","333,684,754.019","271,258,400","609,498,600","678,970,500","503,298,638.794","138,710,000","98,611,300","389,969,000","-95,687,000","96,119,400","-218,013,200","100,962,500","52,483,169.705","118,282,400","86,102,400","409,580,000","84,560,000","66,371,400","-12,060,000","88,884,000","95,355,627.907","86,058,500","75,125,000","86,604,300","68,975,590.551","48,332,900","49,372,000","38,931,400","42,805,181.347","15,655,000","-6,028,300","8,487,500","-377,721,100","7,745,300","-19,298,072","-3,658,250","30,984,073.507","24,086,700","-19,920,044.994","19,458,050","29,883,534.37","37,258,479.381","81,700,078.671","37,781,376.008","-57,094,655.859","27,265,000","20,237,252.747","25,932,434.113","34,921,800","41,493,324.543","-778,716,950","50,027,597.845","-16,303,500","64,997,327.942","56,087,753.166","-116,213,250","32,110,000","24,748,000","21,634,000","16,086,000","-1,474,000","12,017,000","11,164,000","8,364,047.651","9,476,000","8,158,000","6,048,000","4,574,000","5,210,000","3,325,000","2,589,000","1,040,000","2,541,000","1,076,000","383,000","-912,000","-4,542,600","904,200","4,723,000","-628,000","-5,686,000","-242,200","-7,320,400","-6,751,200","-7,620,761.015","-2,637,896.452","-2,155,602.837","-2,900,000","-3,163,265.306","-1,375,000","-1,941,176.471","709,677.419","2,257,894.737","2,782,352.941","1,820,930.233","1,336,363.636","2,842,372.881","3,810,810.811","3,810,810.811","3,762,318.841","258,333.333","3,522,580.645","2,642,857.143","1,950,000","1,650,000","1,083,333.333","66,666.667","600,000","500,000","1,129,411.765","830,769.231","333,333.333","-1,454,545.455","-200,000","-260,000","-500,000","-200,000","490,000","428,571.429","150,000",,,,,,,"428,571.429",,,,,
InterestIncome,"1,500,000","500,000","300,000","400,000","300,000","400,000","300,000","500,000","1,300,000","2,100,000","1,300,000","1,200,000","800,000","1,300,000","1,900,000","1,500,000","2,100,000","800,000","500,000","1,100,000","1,900,000","300,000","100,000","200,000","200,000","200,000","300,000","300,000","300,000","400,000","500,000","300,000","149,000","356,000","531,000","304,000","207,000","260,000","393,000","695,000","590,000","662,000","508,000","485,000","460,000","407,000","371,000","321,000","401,000","185,000","162,000","206,000","347,000",,,,,,,,,,,,,,,,,,,,,,,,,,,,,,,,,,,,,,,,,,,,,,,,,,,,,,,,,,,,,,,,,,,,,,,,,,,,,,,,,
InterestExpense,"91,200,000","25,700,000","22,700,000","21,600,000","21,300,000","28,100,000","25,000,000","27,400,000","31,300,000","32,800,000","34,800,000","35,100,000","34,800,000","36,100,000","34,300,000","34,500,000","38,900,000","41,000,000","36,100,000","39,100,000","37,500,000","40,400,000","37,900,000","39,100,000","39,100,000","39,200,000","51,200,000","52,400,000","49,400,000","52,500,000","52,500,000","52,400,000","54,449,000","61,290,000","65,783,000","67,162,000","76,049,000","72,081,000","56,673,000","25,593,000","28,512,000","29,509,000","29,079,000","28,673,000","28,185,000","28,909,000","29,329,000","33,653,000","32,321,000","31,804,000","16,445,000","17,552,000","17,095,000",,,,,,,,,,,,,,,,,,,,,,,,,,,,,,,,,,,,,,,,,,,,,,,,,,,,,,,,,,,,,,,,,,,,,,,,,,,,,,,,,
NetInterestIncome,"-89,700,000","-25,200,000","-22,400,000","-21,200,000","-21,000,000","-27,700,000","-24,700,000","-26,900,000","-30,000,000","-30,700,000","-33,500,000","-33,900,000","-34,000,000","-34,800,000","-32,400,000","-33,000,000","-36,800,000","-40,200,000","-35,600,000","-38,000,000","-35,600,000","-40,100,000","-37,800,000","-38,900,000","-38,900,000","-39,000,000","-50,900,000","-52,100,000","-49,100,000","-52,100,000","-52,000,000","-52,100,000","-54,300,000","-60,934,000","-65,252,000","-66,858,000","-75,842,000","-71,821,000","-56,280,000","-24,898,000","-27,922,000","-28,847,000","-28,571,000","-28,188,000","-27,725,000","-28,502,000","-28,958,000","-33,332,000","-31,920,000","-31,619,000","-16,283,000","-17,346,000","-16,748,000",,,,,,,,,,,,,,,,,,,,,,,,,,,,,,,,,,,,,,,,,,,,,,,,,,,,,,,,,,,,,,,,,,,,,,,,,,,,,,,,,
EBIT,"2,241,800,000","647,600,000","433,300,000","359,100,000","801,800,000","860,500,000","642,100,000","195,800,000","150,200,000","130,200,000","-87,900,000","149,400,000","-318,900,000","140,400,000","105,600,000","139,800,000","-652,100,000","136,800,000","108,400,000","113,600,000","1,005,100,000","156,500,000","145,400,000","140,200,000","131,000,000","153,900,000","76,600,000","99,100,000","110,200,000","96,600,000","91,100,000","75,000,000","42,699,000","59,871,000","-1,039,154,000","60,239,000","2,301,000","64,728,000","-41,291,000","80,600,000","-30,096,000","69,413,000","70,685,000","73,097,000","157,012,000","41,438,000","-143,260,000","79,400,000","63,079,000","72,897,000","76,698,000","78,222,000","-2,265,179,000","93,721,000","106,709,000","114,004,000","106,111,000","47,219,000","46,498,000","39,932,000","34,804,000","26,517,000","27,460,000","18,580,000","16,392,000","12,006,000","11,409,000","9,451,000","7,181,000","4,590,000","5,252,000","3,427,000","2,846,000","1,061,000","2,652,000","1,091,000","343,000","-1,061,000","1,259,000","1,037,000","1,138,000","794,000","-3,445,000","244,000","-4,668,000","-7,060,000","-12,677,000","-5,023,000","-4,366,000","-5,200,000","-6,100,000","-3,100,000","-2,900,000","1,100,000","3,200,000","4,500,000","2,900,000","2,000,000","4,300,000","6,100,000","6,100,000","5,900,000","300,000","5,600,000","3,800,000","2,600,000","2,000,000","1,300,000","100,000","1,000,000","700,000","1,500,000","1,400,000","500,000","-1,100,000","-200,000","-300,000","5,400,000","-200,000","600,000","500,000","200,000","-12,400,000","4,500,000","4,200,000","3,900,000","-11,800,000","6,000,000","800,000","3,900,000","-6,300,000","3,200,000","2,600,000","2,200,000"
EBITDA,"2,663,900,000"
ReconciledCostOfRevenue,"1,512,700,000","387,600,000","382,200,000","376,000,000","366,800,000","346,700,000","331,000,000","273,400,000","276,700,000","331,400,000","514,900,000","306,200,000","672,500,000","291,900,000","288,200,000","282,800,000","269,400,000","259,800,000","279,700,000","293,400,000","242,400,000","235,700,000","228,600,000","225,300,000","217,100,000","222,800,000","228,500,000","222,100,000","220,500,000","220,000,000","213,000,000","215,563,000","241,952,000","205,249,000","225,589,000","216,101,000","235,728,000","250,060,000","224,415,000","164,382,000","184,643,000","161,060,000","159,402,000","38,792,000","272,709,000","148,863,000","273,320,000","149,841,000","144,252,000","135,591,000","138,175,000","133,944,000","138,397,000","145,025,000","162,801,000","145,885,000","152,275,000","173,296,000","98,563,000","95,154,000","91,473,000","82,034,000","91,015,000","69,296,000","57,864,000","50,974,000","46,264,000","43,963,000","42,464,000","41,968,000","40,780,000","37,039,000","35,057,000","30,460,000","33,410,000","33,852,000","31,986,000","31,207,000","31,373,000","29,489,000","28,040,000","29,474,000","29,335,000","26,290,000","26,813,000","28,985,000","21,764,000","12,799,000","12,389,000","12,200,000","12,500,000","11,200,000","10,700,000","12,400,000","12,000,000","15,400,000","14,300,000","12,400,000","10,800,000","11,600,000","12,100,000","11,700,000","15,800,000","9,700,000","8,300,000","6,600,000","6,000,000","5,600,000","4,700,000","5,200,000","5,400,000","5,700,000","5,200,000","4,000,000","3,500,000","3,500,000","3,500,000",,"3,700,000","3,800,000","3,300,000","2,600,000",,,,,,,"2,600,000",,,,,
ReconciledDepreciation,"422,100,000","108,000,000","117,800,000","101,100,000","95,200,000","92,800,000","94,300,000","93,600,000","93,700,000","94,400,000","113,400,000","113,300,000","117,600,000","118,800,000","119,100,000","120,500,000","119,500,000","121,200,000","120,500,000","118,300,000","95,100,000","115,300,000","114,600,000","120,900,000","114,000,000","115,900,000","122,300,000","120,500,000","126,600,000","122,000,000","131,400,000","133,937,000","130,044,000","127,819,000","132,624,000","128,955,000","126,276,000","128,155,000","114,648,000","76,939,000","77,041,000","77,123,000","78,378,000","192,802,000","-39,914,000","73,470,000","72,443,000","74,536,000","73,798,000","73,991,000","70,638,000","71,056,000","66,049,000","66,181,000","45,972,000","45,111,000","45,304,000","36,563,000","7,891,000","7,621,000","7,419,000","8,231,000","7,655,000","3,217,000","2,682,000","2,579,000","1,934,000","1,923,000","1,815,000","1,902,000","1,925,000","1,859,000","1,845,000","1,960,000","1,861,000","1,847,000","2,028,000","1,669,000","1,634,000","1,989,000","1,895,000","1,958,000","2,252,000","1,729,000","2,459,000","2,295,000","1,309,000","1,176,000","1,135,000","800,000","1,400,000","900,000","800,000","400,000","600,000","500,000","400,000","400,000","400,000","300,000","300,000","300,000","300,000","300,000","100,000","200,000","200,000","100,000","200,000","100,000","200,000","200,000","100,000","100,000","100,000","100,000","100,000",,"100,000","100,000","0","100,000",,,,,,,,,,,,
NetIncomeFromContinuingOperationNetMinorityInterest,"1,716,300,000","499,200,000","328,800,000","268,400,000","619,900,000","654,400,000","494,900,000","137,900,000","96,300,000","386,100,000","-123,500,000","93,900,000","-272,600,000","98,600,000","50,500,000","112,900,000","-681,400,000","406,700,000","82,700,000","59,500,000","526,800,000","86,500,000","92,100,000","84,800,000","68,900,000","84,900,000","25,100,000","29,400,000","47,800,000","29,200,000","28,100,000","11,300,000","-16,765,000","-5,351,000","-1,113,902,000","-10,950,000","-51,104,000","3,118,000","-77,767,000","23,594,000","-40,273,000","20,812,000","27,569,000","36,196,000","82,445,000","10,940,000","-136,974,000","27,448,000","20,618,000","26,095,000","34,940,000","41,000,000","-2,300,170,000","47,993,000","-144,373,000","61,379,000","55,986,000","-358,608,000","32,110,000","24,748,000","21,634,000","16,086,000","-1,474,000","12,017,000","11,164,000","5,716,000","9,476,000","8,158,000","6,048,000","4,574,000","5,210,000","3,325,000","2,589,000","1,040,000","2,541,000","1,076,000","383,000","-912,000","-3,165,000","492,000","4,426,000","-1,573,000","-4,927,000","-1,213,000","-7,945,000","-6,765,000","-10,922,000","-2,643,000","-2,184,000","-2,900,000","-3,100,000","-1,500,000","-1,100,000","2,000,000","1,300,000","4,300,000","2,700,000","2,100,000","3,900,000","4,700,000","4,700,000","4,400,000","3,100,000","3,900,000","3,000,000","1,300,000","600,000","500,000","200,000","600,000","500,000","1,200,000","900,000","400,000","-1,000,000","-200,000","-200,000","-500,000","0","700,000","500,000","300,000",,,,,,,"500,000",,,,,
TotalUnusualItemsExcludingGoodwill,"6,600,000","3,200,000","-6,100,000","-3,600,000","13,100,000","-31,300,000","-10,500,000","-1,000,000","-2,900,000","-5,300,000","-38,100,000","-2,700,000","-70,800,000","-2,500,000","-2,800,000","-5,800,000","-778,400,000","-4,800,000","-3,100,000","-8,600,000","898,100,000","-3,200,000","-3,800,000","-1,500,000","-8,300,000","-2,300,000","-44,400,000","-30,100,000","-2,000,000","-14,700,000","-20,200,000","-6,700,000","-16,518,000","-21,290,000","-1,132,586,000","-28,762,000","-45,896,000","10,425,000","-136,995,000","-758,000","-29,619,000","2,083,000","-3,493,000","-1,304,000","1,164,000","-30,740,000","-100,649,000","305,000","568,000","256,000","28,000","-730,000","-2,340,697,000","-3,081,000","-197,030,000","-5,595,000","-159,000","-372,915,000",,,,,,,,"-4,200,000",,,,,,,,,,,,,"2,296,000","-687,000","-495,000","-1,575,000","1,265,000","-1,618,000","-1,041,000","-23,000","-5,145,000","-8,000","-44,000",,"100,000","-200,000","1,300,000","2,000,000","-1,400,000","2,400,000","1,400,000","1,200,000","1,600,000","1,400,000","1,400,000","1,000,000","4,400,000","600,000","500,000","-900,000","-1,400,000","-700,000","200,000",,"0","100,000","100,000","100,000","500,000",,"100,000",,"200,000","300,000","100,000","200,000",,,,,,,"100,000",,,,,
TotalUnusualItems,"6,600,000","3,200,000","-6,100,000","-3,600,000","13,100,000","-31,300,000","-10,500,000","-1,000,000","-2,900,000","-5,300,000","-38,100,000","-2,700,000","-70,800,000","-2,500,000","-2,800,000","-5,800,000","-778,400,000","-4,800,000","-3,100,000","-8,600,000","898,100,000","-3,200,000","-3,800,000","-1,500,000","-8,300,000","-2,300,000","-44,400,000","-30,100,000","-2,000,000","-14,700,000","-20,200,000","-6,700,000","-16,518,000","-21,290,000","-1,132,586,000","-28,762,000","-45,896,000","10,425,000","-136,995,000","-758,000","-29,619,000","2,083,000","-3,493,000","-1,304,000","1,164,000","-30,740,000","-100,649,000","305,000","568,000","256,000","28,000","-730,000","-2,340,697,000","-3,081,000","-197,030,000","-5,595,000","-159,000","-372,915,000",,,,,,,,"-4,200,000",,,,,,,,,,,,,"2,296,000","-687,000","-495,000","-1,575,000","1,265,000","-1,618,000","-1,041,000","-23,000","-5,145,000","-8,000","-44,000",,"100,000","-200,000","1,300,000","2,000,000","-1,400,000","2,400,000","1,400,000","1,200,000","1,600,000","1,400,000","1,400,000","1,000,000","4,400,000","600,000","500,000","-900,000","-1,400,000","-700,000","200,000",,"0","100,000","100,000","100,000","500,000",,"100,000",,"200,000","300,000","100,000","200,000",,,,,,,"100,000",,,,,
NormalizedEBITDA,"2,657,300,000","752,400,000","557,200,000","463,800,000","883,900,000","984,600,000","746,900,000","290,400,000","246,800,000","229,900,000","63,600,000","265,400,000","-130,500,000","261,700,000","227,500,000","266,100,000","245,800,000","262,800,000","232,000,000","240,500,000","202,100,000","275,000,000","263,800,000","262,600,000","253,300,000","272,100,000","243,300,000","249,700,000","238,800,000","233,300,000","242,700,000","215,637,000","189,261,000","208,980,000","226,056,000","217,956,000","174,473,000","182,458,000","210,352,000","158,297,000","76,564,000","144,453,000","152,556,000","267,203,000","170,400,000","145,648,000","29,832,000","153,631,000","136,309,000","146,632,000","147,308,000","150,008,000","141,567,000","162,983,000","349,711,000","164,710,000","151,574,000","456,697,000","54,389,000","47,553,000","42,223,000","34,748,000","35,115,000","21,797,000","19,074,000","18,785,000","13,343,000","11,374,000","8,996,000","6,492,000","7,177,000","5,286,000","4,691,000","3,021,000","4,513,000","2,938,000","2,371,000","608,000","597,000","3,713,000","3,528,000","4,327,000","-2,458,000","3,591,000","-1,168,000","-4,742,000","-6,223,000","-3,839,000","-3,187,000","-4,400,000","-4,800,000","-2,000,000","-3,400,000","-500,000","5,200,000","2,600,000","1,900,000","1,200,000","3,100,000","5,000,000","5,000,000","5,200,000","-3,800,000","5,300,000","3,400,000","3,700,000","3,600,000","2,100,000","100,000","1,100,000","900,000","1,600,000","1,400,000","500,000","-1,500,000","-100,000","-300,000","5,400,000","-300,000","400,000","500,000","100,000","-12,400,000","4,500,000","4,200,000","3,900,000","-11,800,000","6,000,000","700,000","3,900,000","-6,300,000","3,200,000","2,600,000","2,200,000"
TaxRateForCalcs,"0.202","0.197","0.199","0.206","0.206","0.215","0.2","0.19","0.203","0.27","0.27","0.178","0.229","0.055","0.292","0.072","0.014","0.4","0.4","0.201","0.4","0.255","0.143","0.161","0.25","0.259","0.012","0.371","0.214","0.338","0.272","0.35","0.35","0.35","0.35","0.35","0.307","0.35","0.206","0.35","0.313","0.35","0.337","0.185","0.36","0.127","0.206","0.4","0.33","0.365","0.35","0.324","0.35","0.34","0.35","0.353","0.36","0.35","0.327","0.39","0.369","0.38","0.4","0.375","0.359","0.37","0.218","0.197","0.199","0.06","0.079","0.049","0.039","0.035","0.027","0.046","0.12","0.4","0.4","0.4","0.4","0.4","0.4","0.4","0.4","0.4","0.358","0.362","0.355","0.356","0.367","0.375","0.353","0.355","0.316","0.368","0.372","0.364","0.339","0.365","0.365","0.362","0.354","0.371","0.286","0.278","0.25","0.167","0.333","0.333","0.286","0.294","0.308","0.333","0.091","0.4","0.4","0.4","0","0.3","0.286","0.25",,,,,,,"0.286",,,,,
TaxEffectOfUnusualItems,"1,335,283.177","630,400","-1,215,245.981","-741,600","2,698,600","-6,729,500","-2,101,361.206","-190,000","-588,700","-1,431,000","-10,287,000","-480,600","-16,213,200","-137,500","-816,830.295","-417,600","-10,897,600","-1,920,000","-1,240,000","-1,728,600","359,240,000","-816,000","-544,372.093","-241,500","-2,075,000","-595,700","-524,409.449","-11,167,100","-428,000","-4,968,600","-5,494,818.653","-2,345,000","-5,781,300","-7,451,500","-396,405,100","-10,066,700","-14,090,072","3,648,750","-28,243,926.493","-265,300","-9,266,044.994","729,050","-1,178,465.63","-241,520.619","419,078.671","-3,898,623.992","-20,769,655.859","122,000","187,252.747","93,434.113","9,800","-236,675.457","-819,243,950","-1,046,402.155","-68,960,500","-1,976,672.058","-57,246.834","-130,520,250","0","0","0","0","0","0","0","-1,551,952.349","0","0","0","0","0","0","0","0","0","0","0","0","918,400","-274,800","-198,000","-630,000","506,000","-647,200","-416,400","-9,200","-1,843,761.015","-2,896.452","-15,602.837","0","36,734.694","-75,000","458,823.529","709,677.419","-442,105.263","882,352.941","520,930.233","436,363.636","542,372.881","510,810.811","510,810.811","362,318.841","1,558,333.333","222,580.645","142,857.143","-250,000","-350,000","-116,666.667","66,666.667","0","0","29,411.765","30,769.231","33,333.333","45,454.545","0","40,000","0","0","90,000","28,571.429","50,000",,,,,,,"28,571.429",,,,,