name,ttm,12/31/2021,09/30/2021,06/30/2021,03/31/2021,12/31/2020,09/30/2020,06/30/2020,03/31/2020,12/31/2019,09/30/2019,06/30/2019,03/31/2019,12/31/2018,09/30/2018,06/30/2018,03/31/2018,12/31/2017,09/30/2017,06/30/2017,03/31/2017,12/31/2016,09/30/2016,06/30/2016,03/31/2016,12/31/2015,09/30/2015,06/30/2015,03/31/2015,12/31/2014,09/30/2014,06/30/2014,03/31/2014,12/31/2013,09/30/2013,06/30/2013,03/31/2013,12/31/2012,09/30/2012,06/30/2012,03/31/2012,12/31/2011,09/30/2011,06/30/2011,03/31/2011,12/31/2010,09/30/2010,06/30/2010,03/31/2010,12/31/2009,09/30/2009,06/30/2009,03/31/2009,12/31/2008,09/30/2008,06/30/2008,03/31/2008,12/31/2007,09/30/2007,06/30/2007,03/31/2007,12/31/2006,09/30/2006,06/30/2006,03/31/2006,12/31/2005,09/30/2005,06/30/2005,03/31/2005,12/31/2004,09/30/2004,06/30/2004,03/31/2004,12/31/2003,09/30/2003,06/30/2003,03/31/2003,12/31/2002,09/30/2002,06/30/2002,03/31/2002,12/31/2001,09/30/2001,06/30/2001,03/31/2001,12/31/2000,09/30/2000,06/30/2000,03/31/2000,12/31/1999,09/30/1999,06/30/1999,03/31/1999,12/31/1998,09/30/1998,06/30/1998,03/31/1998,12/31/1997,09/30/1997,06/30/1997,03/31/1997,12/31/1996,09/30/1996,06/30/1996,03/31/1996,12/31/1995,09/30/1995,06/30/1995,03/31/1995,12/31/1994,09/30/1994,06/30/1994,03/31/1994,12/31/1993,09/30/1993,06/30/1993,03/31/1993,12/31/1992,09/30/1992,06/30/1992,03/31/1992,12/31/1991,09/30/1991,06/30/1991,03/31/1991,12/31/1990,09/30/1990,06/30/1990,03/31/1990,12/31/1989,09/30/1989,06/30/1989,03/31/1989,12/31/1988,09/30/1988,06/30/1988,03/31/1988,12/31/1987,09/30/1987,06/30/1987,03/31/1987,12/31/1986,09/30/1986,06/30/1986,03/31/1986,12/31/1985,09/30/1985
TotalRevenue,"34,392,000,000","8,657,000,000","8,473,000,000","8,808,000,000","8,454,000,000","8,900,000,000","7,797,000,000","7,477,000,000","8,463,000,000","9,496,000,000","9,086,000,000","9,243,000,000","8,884,000,000","9,729,000,000","10,762,000,000","10,919,000,000","10,392,000,000","10,843,000,000","10,121,000,000","10,078,000,000","9,492,000,000","9,985,000,000","9,804,000,000","9,991,000,000","9,522,000,000","9,982,000,000","9,611,000,000","9,775,000,000","9,213,000,000","10,266,000,000","10,108,000,000","10,253,000,000","9,679,000,000","10,387,000,000","9,647,000,000","9,693,000,000","9,328,000,000","9,581,000,000","9,342,000,000","9,435,000,000","9,307,000,000","9,473,000,000","9,298,000,000","9,086,000,000","8,909,000,000","9,041,000,000","8,392,000,000","8,161,000,000","7,776,000,000","8,072,000,000","7,700,000,000","7,566,000,000","7,570,000,000","8,712,000,000","9,275,000,000","9,674,000,000","8,895,000,000","9,275,000,000","8,735,000,000","8,538,000,000","8,041,000,000","8,276,000,000","7,952,000,000","7,898,000,000","7,241,000,000","7,275,000,000","6,899,000,000","7,026,000,000","6,453,000,000","6,640,000,000","6,395,000,000","6,388,000,000","6,178,000,000","6,187,000,000","5,768,000,000","5,749,000,000","5,399,000,000","5,855,000,000","5,569,000,000","5,651,000,000","5,199,000,000","5,853,000,000","5,789,000,000","6,066,000,000","5,944,000,000","6,454,000,000","6,216,000,000","6,309,000,000","6,044,000,000","12,483,000,000","3,838,000,000","3,818,000,000","3,596,000,000","3,872,000,000","3,741,000,000","3,869,000,000","3,646,000,000","3,910,000,000","3,657,000,000","3,578,000,000","3,327,000,000","3,498,000,000","3,348,000,000","3,347,000,000","3,778,000,000","3,798,000,000","3,499,000,000","3,630,000,000","3,419,000,000","3,534,000,000","3,110,000,000","3,187,000,000","2,986,000,000","3,049,000,000","2,822,000,000","3,055,000,000","2,901,000,000","3,052,000,000","2,936,000,000","3,075,000,000","2,979,000,000","3,004,000,000","2,877,000,000","3,047,000,000","2,903,000,000","3,143,000,000","2,961,000,000","3,184,000,000","3,055,000,000","3,058,000,000","2,827,000,000","3,115,000,000","2,942,000,000","3,007,000,000","2,864,000,000","3,096,000,000","2,942,000,000","2,954,000,000","2,679,000,000","2,846,000,000","2,637,000,000","3,035,000,000","2,907,000,000","2,943,000,000","2,909,000,000","2,615,000,000","1,631,000,000"
	OperatingRevenue,"34,392,000,000","8,657,000,000","8,473,000,000","8,808,000,000","8,454,000,000","8,900,000,000","7,797,000,000","7,477,000,000","8,463,000,000","9,496,000,000","9,086,000,000","9,243,000,000","8,884,000,000","9,729,000,000","10,762,000,000","10,919,000,000","10,392,000,000","10,843,000,000","10,121,000,000","10,078,000,000","9,492,000,000","9,985,000,000","9,804,000,000","9,991,000,000","9,522,000,000","9,982,000,000","9,611,000,000","9,775,000,000","9,213,000,000","10,266,000,000","10,108,000,000","10,253,000,000","9,679,000,000","10,387,000,000","9,647,000,000","9,693,000,000","9,328,000,000","9,581,000,000","9,342,000,000","9,435,000,000","9,307,000,000","9,473,000,000","9,298,000,000","9,086,000,000","8,909,000,000","9,041,000,000","8,392,000,000","8,161,000,000","7,776,000,000","8,072,000,000","7,700,000,000","7,566,000,000","7,570,000,000","8,712,000,000","9,275,000,000","9,674,000,000","8,895,000,000","9,275,000,000","8,735,000,000","8,538,000,000","8,041,000,000","8,276,000,000","7,952,000,000","7,898,000,000","7,241,000,000","7,275,000,000","6,899,000,000","7,026,000,000","6,453,000,000","6,640,000,000","6,395,000,000","6,388,000,000","6,178,000,000","6,187,000,000","5,768,000,000","5,749,000,000","5,399,000,000","5,855,000,000","5,569,000,000","5,651,000,000","5,199,000,000","5,853,000,000","5,789,000,000","6,066,000,000","5,944,000,000","6,454,000,000","6,216,000,000","6,309,000,000","6,044,000,000","12,483,000,000","3,838,000,000","3,818,000,000","3,596,000,000","3,872,000,000","3,741,000,000","3,869,000,000","3,646,000,000","3,910,000,000","3,657,000,000","3,578,000,000","3,327,000,000","3,498,000,000","3,348,000,000","3,347,000,000","3,778,000,000","3,798,000,000","3,499,000,000","3,630,000,000","3,419,000,000","3,534,000,000","3,110,000,000","3,187,000,000","2,986,000,000","3,049,000,000","2,822,000,000","3,055,000,000","2,901,000,000","3,052,000,000","2,936,000,000","3,075,000,000","2,979,000,000","3,004,000,000","2,877,000,000","3,047,000,000","2,903,000,000","3,143,000,000","2,961,000,000","3,184,000,000","3,055,000,000","3,058,000,000","2,827,000,000","3,115,000,000","2,942,000,000","3,007,000,000","2,864,000,000","3,096,000,000","2,942,000,000","2,954,000,000","2,679,000,000","2,846,000,000","2,637,000,000","3,035,000,000","2,907,000,000","2,943,000,000","2,909,000,000","2,615,000,000","1,631,000,000"
CostOfRevenue,"23,394,000,000","5,936,000,000","5,746,000,000","6,003,000,000","5,709,000,000","5,976,000,000","5,383,000,000","5,276,000,000","5,534,000,000","6,328,000,000","6,038,000,000","6,094,000,000","5,879,000,000","6,685,000,000","7,556,000,000","7,613,000,000","7,193,000,000","7,496,000,000","6,873,000,000","6,850,000,000","6,356,000,000","6,879,000,000","6,903,000,000","6,821,000,000","6,547,000,000","6,917,000,000","6,654,000,000","6,814,000,000","6,362,000,000","7,566,000,000","7,128,000,000","7,296,000,000","6,967,000,000","7,612,000,000","6,942,000,000","7,027,000,000","6,783,000,000","7,681,000,000","6,808,000,000","6,922,000,000","6,880,000,000","8,435,000,000","7,033,000,000","6,664,000,000","6,610,000,000","6,779,000,000","6,490,000,000","6,268,000,000","5,982,000,000","5,950,000,000","5,797,000,000","5,682,000,000","5,756,000,000","6,523,000,000","7,476,000,000","7,323,000,000","6,672,000,000","7,013,000,000","6,646,000,000","6,491,000,000","6,150,000,000","6,358,000,000","6,111,000,000","6,027,000,000","5,600,000,000","5,595,000,000","5,291,000,000","5,494,000,000","5,085,000,000","5,340,000,000","5,087,000,000","5,228,000,000","4,930,000,000","4,972,000,000","4,509,000,000","4,514,000,000","4,240,000,000","4,832,000,000","4,236,000,000","4,431,000,000","4,116,000,000","5,021,000,000","5,368,000,000","5,067,000,000","4,973,000,000","5,124,000,000","4,845,000,000","4,671,000,000","4,450,000,000","9,765,000,000","2,976,000,000","3,045,000,000","2,709,000,000","2,880,000,000","2,838,000,000","2,949,000,000","2,809,000,000","3,272,000,000","2,840,000,000","2,764,000,000","2,605,000,000","2,761,000,000","2,598,000,000","3,235,000,000","3,012,000,000","3,090,000,000","2,800,000,000","2,902,000,000","2,747,000,000","2,853,000,000","2,503,000,000","2,541,000,000","2,402,000,000","2,325,000,000","2,136,000,000","2,325,000,000","2,218,000,000","2,413,000,000","2,270,000,000","2,383,000,000","2,328,000,000","2,360,000,000","2,275,000,000","2,426,000,000","2,347,000,000","2,537,000,000","2,348,000,000","2,509,000,000","2,372,000,000","2,394,000,000","2,167,000,000",,,,,,,,,,,,,,,,
GrossProfit,"10,998,000,000","2,721,000,000","2,727,000,000","2,805,000,000","2,745,000,000","2,924,000,000","2,414,000,000","2,201,000,000","2,929,000,000","3,168,000,000","3,048,000,000","3,149,000,000","3,005,000,000","3,044,000,000","3,206,000,000","3,306,000,000","3,199,000,000","3,347,000,000","3,248,000,000","3,228,000,000","3,136,000,000","3,106,000,000","2,901,000,000","3,170,000,000","2,975,000,000","3,065,000,000","2,957,000,000","2,961,000,000","2,851,000,000","2,700,000,000","2,980,000,000","2,957,000,000","2,712,000,000","2,775,000,000","2,705,000,000","2,666,000,000","2,545,000,000","1,900,000,000","2,534,000,000","2,513,000,000","2,427,000,000","1,038,000,000","2,265,000,000","2,422,000,000","2,299,000,000","2,262,000,000","1,902,000,000","1,893,000,000","1,794,000,000","2,122,000,000","1,903,000,000","1,884,000,000","1,814,000,000","2,189,000,000","1,799,000,000","2,351,000,000","2,223,000,000","2,262,000,000","2,089,000,000","2,047,000,000","1,891,000,000","1,918,000,000","1,841,000,000","1,871,000,000","1,641,000,000","1,680,000,000","1,608,000,000","1,532,000,000","1,368,000,000","1,300,000,000","1,308,000,000","1,160,000,000","1,248,000,000","1,215,000,000","1,259,000,000","1,235,000,000","1,159,000,000","1,023,000,000","1,333,000,000","1,220,000,000","1,083,000,000","832,000,000","421,000,000","999,000,000","971,000,000","1,330,000,000","1,371,000,000","1,638,000,000","1,594,000,000","2,718,000,000","862,000,000","773,000,000","887,000,000","992,000,000","903,000,000","920,000,000","837,000,000","638,000,000","817,000,000","814,000,000","722,000,000","737,000,000","750,000,000","112,000,000","766,000,000","708,000,000","699,000,000","728,000,000","672,000,000","681,000,000","607,000,000","646,000,000","584,000,000","724,000,000","686,000,000","730,000,000","683,000,000","639,000,000","666,000,000","692,000,000","651,000,000","644,000,000","602,000,000","621,000,000","556,000,000","606,000,000","613,000,000","675,000,000","683,000,000","664,000,000","660,000,000",,,,,,,,,,,,,,,,
OperatingExpense,"4,798,000,000","1,203,000,000","1,152,000,000","1,207,000,000","1,236,000,000","1,248,000,000","1,103,000,000","1,183,000,000","1,238,000,000","1,473,000,000","1,296,000,000","1,387,000,000","1,363,000,000","1,524,000,000","1,524,000,000","1,528,000,000","1,475,000,000","1,631,000,000","1,447,000,000","1,381,000,000","1,349,000,000","1,493,000,000","1,367,000,000","1,329,000,000","1,280,000,000","1,332,000,000","1,202,000,000","1,242,000,000","1,230,000,000","1,460,000,000","1,344,000,000","1,375,000,000","1,339,000,000","1,438,000,000","1,242,000,000","1,281,000,000","1,229,000,000","1,523,000,000","1,238,000,000","1,226,000,000","1,231,000,000","1,616,000,000","1,303,000,000","1,248,000,000","1,254,000,000","1,242,000,000","1,177,000,000","1,162,000,000","1,136,000,000","1,071,000,000","1,034,000,000","1,084,000,000","1,152,000,000","1,179,000,000","1,309,000,000","1,290,000,000","1,255,000,000","1,205,000,000","1,144,000,000","1,127,000,000","1,089,000,000","1,085,000,000","1,037,000,000","1,086,000,000","1,002,000,000","936,000,000","982,000,000","935,000,000","854,000,000","865,000,000","820,000,000","823,000,000","808,000,000","756,000,000","729,000,000","762,000,000","703,000,000","782,000,000","698,000,000","660,000,000","617,000,000","656,000,000","803,000,000","837,000,000","768,000,000","822,000,000","791,000,000","763,000,000","758,000,000","2,151,000,000","266,000,000","418,000,000","381,000,000","490,000,000","396,000,000","406,000,000","398,000,000","210,000,000","394,000,000","386,000,000","365,000,000","365,000,000","379,000,000","-289,000,000","401,000,000","446,000,000","369,000,000","374,000,000","358,000,000","381,000,000","325,000,000","346,000,000","314,000,000","511,000,000","456,000,000","472,000,000","446,000,000","860,000,000","449,000,000","469,000,000","455,000,000","473,000,000","1,274,000,000","498,000,000","469,000,000","477,000,000","449,000,000","462,000,000","459,000,000","442,000,000","429,000,000",,,,,,,,,,,,,,,,
	SellingGeneralAndAdministration,"4,798,000,000","1,203,000,000","1,152,000,000","1,207,000,000","1,236,000,000","1,248,000,000","1,103,000,000","1,183,000,000","1,238,000,000","1,473,000,000","1,296,000,000","1,387,000,000","1,363,000,000","1,524,000,000","1,524,000,000","1,528,000,000","1,475,000,000","1,631,000,000","1,447,000,000","1,381,000,000","1,349,000,000","1,493,000,000","1,367,000,000","1,329,000,000","1,280,000,000","1,332,000,000","1,202,000,000","1,242,000,000","1,230,000,000","1,460,000,000","1,344,000,000","1,375,000,000","1,339,000,000","1,438,000,000","1,242,000,000","1,281,000,000","1,229,000,000","1,523,000,000","1,238,000,000","1,226,000,000","1,231,000,000","1,616,000,000","1,303,000,000","1,248,000,000","1,254,000,000","1,242,000,000","1,177,000,000","1,162,000,000","1,136,000,000","1,071,000,000","1,034,000,000","1,084,000,000","1,152,000,000","1,179,000,000","1,309,000,000","1,290,000,000","1,255,000,000","1,205,000,000","1,144,000,000","1,127,000,000","1,089,000,000","1,085,000,000","1,037,000,000","1,086,000,000","1,002,000,000","936,000,000","982,000,000","935,000,000","854,000,000","865,000,000","820,000,000","823,000,000","808,000,000","756,000,000","729,000,000","762,000,000","703,000,000","782,000,000","698,000,000","660,000,000","617,000,000","656,000,000","803,000,000","837,000,000","768,000,000","822,000,000","791,000,000","763,000,000","758,000,000","2,045,000,000","372,000,000","418,000,000","381,000,000","490,000,000","396,000,000","406,000,000","398,000,000","436,000,000","394,000,000","386,000,000","365,000,000","365,000,000","379,000,000","366,000,000","401,000,000","402,000,000","369,000,000","374,000,000","358,000,000","381,000,000","325,000,000","346,000,000","314,000,000","370,000,000","325,000,000","332,000,000","311,000,000","720,000,000","320,000,000","337,000,000","327,000,000","345,000,000","1,154,000,000","372,000,000","339,000,000","364,000,000","333,000,000","346,000,000","344,000,000","336,000,000","324,000,000",,,,,,,,,,,,,,,,
	DepreciationAmortizationDepletionIncomeStatement,,,,,,,,,,,,,,,,,,,,,,,,,,,,,,,,,,,,,,,,,,,,,,,,,,,,,,,,,,,,,,,,,,,,,,,,,,,,,,,,,,,,,,,,,,,,,,,,,,,,,,,,,,,,,,,,,,"141,000,000","131,000,000","140,000,000","135,000,000","140,000,000","129,000,000","132,000,000","128,000,000","128,000,000","120,000,000","126,000,000","130,000,000","113,000,000","116,000,000","116,000,000","115,000,000","106,000,000","105,000,000",,,,,,,,,,,,,,,,
		DepreciationAndAmortizationInIncomeStatement,,,,,,,,,,,,,,,,,,,,,,,,,,,,,,,,,,,,,,,,,,,,,,,,,,,,,,,,,,,,,,,,,,,,,,,,,,,,,,,,,,,,,,,,,,,,,,,,,,,,,,,,,,,,,,,,,,"141,000,000","131,000,000","140,000,000","135,000,000","140,000,000","129,000,000","132,000,000","128,000,000","128,000,000","120,000,000","126,000,000","130,000,000","113,000,000","116,000,000","116,000,000","115,000,000","106,000,000","105,000,000",,,,,,,,,,,,,,,,
	OtherOperatingExpenses,,,,,,,,,,,,,,,,,,,,,,,,,,,,,,,,,,,,,,,,,,,,,,,,,,,"-39,000,000","51,000,000",,,,,,,,,,,,,,,,,,,,,,,,,,,,,,,,,,,,,,,"-106,000,000",,,,,,,,,,,"0",,"-655,000,000",,,,,,,,,,,,,,,,,,,,,,,,,,,,,,,,,,,,,,,,,,,
OperatingIncome,"6,200,000,000","1,518,000,000","1,575,000,000","1,598,000,000","1,509,000,000","1,676,000,000","1,311,000,000","1,018,000,000","1,691,000,000","1,695,000,000","1,752,000,000","1,762,000,000","1,642,000,000","1,520,000,000","1,682,000,000","1,778,000,000","1,724,000,000","1,716,000,000","1,801,000,000","1,847,000,000","1,787,000,000","1,613,000,000","1,534,000,000","1,841,000,000","1,695,000,000","1,733,000,000","1,755,000,000","1,719,000,000","1,621,000,000","1,240,000,000","1,636,000,000","1,582,000,000","1,373,000,000","1,337,000,000","1,463,000,000","1,385,000,000","1,316,000,000","377,000,000","1,296,000,000","1,287,000,000","1,196,000,000","-578,000,000","962,000,000","1,174,000,000","1,045,000,000","1,020,000,000","725,000,000","731,000,000","658,000,000","1,051,000,000","869,000,000","800,000,000","662,000,000","1,010,000,000","490,000,000","1,061,000,000","968,000,000","1,057,000,000","945,000,000","920,000,000","802,000,000","833,000,000","804,000,000","785,000,000","639,000,000","744,000,000","626,000,000","597,000,000","514,000,000","435,000,000","488,000,000","337,000,000","440,000,000","459,000,000","530,000,000","473,000,000","456,000,000","241,000,000","635,000,000","560,000,000","466,000,000","176,000,000","-382,000,000","162,000,000","203,000,000","508,000,000","580,000,000","875,000,000","836,000,000","567,000,000","596,000,000","355,000,000","506,000,000","502,000,000","507,000,000","514,000,000","439,000,000","428,000,000","423,000,000","428,000,000","357,000,000","372,000,000","371,000,000","401,000,000","365,000,000","262,000,000","330,000,000","354,000,000","314,000,000","300,000,000","282,000,000","300,000,000","270,000,000","213,000,000","230,000,000","258,000,000","237,000,000","-221,000,000","217,000,000","223,000,000","196,000,000","171,000,000","-672,000,000","123,000,000","87,000,000","129,000,000","164,000,000","213,000,000","224,000,000","222,000,000","231,000,000","3,115,000,000","2,942,000,000","-8,199,000,000","2,864,000,000","3,096,000,000","2,942,000,000","-7,412,000,000","2,679,000,000","2,846,000,000","2,637,000,000","-7,707,000,000","2,907,000,000","2,943,000,000","2,909,000,000","-5,605,000,000","1,631,000,000"
NetNonOperatingInterestIncomeExpense,"-241,000,000","-48,000,000","-62,000,000","-60,000,000","-71,000,000","-74,000,000","-81,000,000","-68,000,000","-29,000,000","-30,000,000","-32,000,000","-22,000,000","-18,000,000","-27,000,000","-44,000,000","-46,000,000","-33,000,000","70,000,000","-81,000,000","-79,000,000","-75,000,000","20,000,000","-82,000,000","-85,000,000","-85,000,000","20,000,000","-72,000,000","-77,000,000","-77,000,000","-51,000,000","-53,000,000","-55,000,000","-57,000,000","-61,000,000","-65,000,000","-65,000,000","-67,000,000","-71,000,000","-74,000,000","-73,000,000","-75,000,000","-75,000,000","-75,000,000","-96,000,000","-86,000,000","-121,000,000","-82,000,000","-85,000,000","-98,000,000","-101,000,000","-103,000,000","-117,000,000","-105,000,000",,,,,,,,,,,,,,,,,,,,,,,,,,,,,,,,,,,,,,,,,,,,,,,,,,,,,,,,,,,,,,,,,,,,,,,,,,,,,,,,,,,,,,,,,,,,,,
	InterestIncomeNonOperating,"102,000,000","32,000,000","28,000,000","23,000,000","19,000,000","21,000,000","20,000,000","22,000,000","44,000,000","61,000,000","64,000,000","63,000,000","67,000,000","63,000,000","55,000,000","49,000,000","50,000,000",,,,,,,,,,,,,"31,000,000","24,000,000","25,000,000","22,000,000","22,000,000","15,000,000","15,000,000","17,000,000","16,000,000","14,000,000","14,000,000","14,000,000","16,000,000","15,000,000",,"13,000,000",,"13,000,000","7,000,000","9,000,000","8,000,000","7,000,000","6,000,000","12,000,000",,,,,,,,,,,,,,,,,,,,,,,,,,,,,,,,,,,,,,,,,,,,,,,,,,,,,,,,,,,,,,,,,,,,,,,,,,,,,,,,,,,,,,,,,,,,,,
	InterestExpenseNonOperating,"343,000,000","80,000,000","90,000,000","83,000,000","90,000,000","95,000,000","101,000,000","90,000,000","73,000,000","91,000,000","96,000,000","85,000,000","85,000,000","90,000,000","99,000,000","95,000,000","83,000,000","81,000,000","81,000,000","79,000,000","75,000,000","86,000,000","82,000,000","85,000,000","85,000,000","84,000,000","72,000,000","77,000,000","77,000,000","82,000,000","77,000,000","80,000,000","79,000,000","83,000,000","80,000,000","80,000,000","84,000,000","87,000,000","88,000,000","87,000,000","89,000,000","91,000,000","90,000,000","96,000,000","99,000,000","92,000,000","95,000,000","92,000,000","107,000,000","109,000,000","110,000,000","123,000,000","117,000,000",,,,,,,,,,,,,,,,,,,,,,,,,,,,,,,,,,,,,,,,,,,,,,,,,,,,,,,,,,,,,,,,,,,,,,,,,,,,,,,,,,,,,,,,,,,,,,
OtherIncomeExpense,"1,276,000,000","323,000,000","187,000,000","343,000,000","423,000,000","108,000,000","-82,000,000","269,000,000","273,000,000","103,000,000","247,000,000","242,000,000","218,000,000","227,000,000","220,000,000","267,000,000","218,000,000","-169,000,000","63,000,000","10,000,000","12,000,000","-201,000,000","180,000,000","-1,000,000","18,000,000","-100,000,000","24,000,000","20,000,000","20,000,000","115,000,000","-3,000,000","-4,000,000","95,000,000","163,000,000","-14,000,000","9,000,000","11,000,000","0","2,000,000","9,000,000","1,000,000","56,000,000","-6,000,000","22,000,000","16,000,000","38,000,000","62,000,000","2,000,000","-7,000,000","61,000,000","32,000,000","-57,000,000","-14,000,000","-15,000,000","635,000,000","9,000,000","-3,000,000","-20,000,000","5,000,000","4,000,000","-8,000,000","-52,000,000","27,000,000","17,000,000","25,000,000","78,000,000","43,000,000","14,000,000","63,000,000","-205,000,000","79,000,000","268,000,000","49,000,000","-112,000,000","5,000,000","61,000,000","1,000,000","-2,565,000,000","11,000,000","-157,000,000","148,000,000","-15,000,000","-17,000,000","-71,000,000","-99,000,000","-75,000,000","-33,000,000","129,000,000","14,000,000","54,000,000","117,000,000","261,000,000","27,000,000","60,000,000","11,000,000","29,000,000","33,000,000","229,000,000","58,000,000","69,000,000","75,000,000","-9,000,000","57,000,000","734,000,000","27,000,000","24,000,000","35,000,000","37,000,000","30,000,000","31,000,000","28,000,000","27,000,000","17,000,000","68,000,000","23,000,000","22,000,000","-29,000,000","406,000,000","26,000,000","33,000,000","42,000,000","27,000,000","-25,000,000","91,000,000","65,000,000","49,000,000","33,000,000","31,000,000","37,000,000","8,000,000","29,000,000",,,,,,,,,,,,,,,,
	GainOnSaleOfSecurity,"-25,000,000","-3,000,000","-4,000,000","-13,000,000","-5,000,000","52,000,000","1,000,000","3,000,000","12,000,000","23,000,000","43,000,000","43,000,000","11,000,000","36,000,000","15,000,000","11,000,000","1,000,000",,,,,,,,,,,,,"112,000,000","-11,000,000","-5,000,000","91,000,000","185,000,000","-21,000,000","-1,000,000","-2,000,000","-8,000,000","-15,000,000","-3,000,000","-10,000,000","-73,000,000","5,000,000",,"-8,000,000",,"1,000,000",,,,,,,,,,,,,,,,,,,,,,,,,,,,,,,,,,,,,,,,,,,,,,,,,,,,,,,,,,,,,,,,,,,,,,,,,,,,,,,,,,,,,,,,,,,,,,,,,,,,
	EarningsFromEquityInterest,"67,000,000","14,000,000","21,000,000","18,000,000","14,000,000","22,000,000","17,000,000","15,000,000","12,000,000","19,000,000","13,000,000","11,000,000","9,000,000","12,000,000","14,000,000","13,000,000","11,000,000",,,,,,,,,,,,,"9,000,000","10,000,000","11,000,000","6,000,000","5,000,000","11,000,000","11,000,000","9,000,000","9,000,000","12,000,000","14,000,000","10,000,000",,"-13,000,000",,"9,000,000",,"3,000,000","9,000,000",,"3,000,000","8,000,000","9,000,000","6,000,000","14,000,000","27,000,000","6,000,000","16,000,000","3,000,000","5,000,000","4,000,000","-2,000,000","18,000,000","-4,000,000","1,000,000","-2,000,000","52,000,000","22,000,000","29,000,000","31,000,000","34,000,000","24,000,000","17,000,000","7,000,000","27,000,000","7,000,000","6,000,000","-2,000,000","25,000,000","7,000,000","3,000,000","7,000,000","12,000,000","-17,000,000","-85,000,000","-103,000,000","-39,000,000","-68,000,000","14,000,000","4,000,000","64,000,000","16,000,000","-16,000,000","12,000,000","68,000,000","19,000,000","29,000,000","34,000,000","38,000,000","44,000,000","55,000,000","41,000,000","39,000,000","31,000,000","46,000,000","27,000,000","68,000,000","38,000,000","36,000,000","49,000,000","38,000,000","31,000,000","30,000,000","30,000,000",,,,,,,,,,,,,,,,,,,,,,,,,,,,,,,,,,
	SpecialIncomeCharges,"-58,000,000","8,000,000","-155,000,000","-1,000,000","90,000,000","-3,000,000","0","0",,"-2,000,000","0","1,000,000","0","-87,000,000","-116,000,000","-63,000,000","-55,000,000",,,,,,,,,,,,,"0","-1,000,000","-10,000,000",,"-20,000,000","0","0",,"1,000,000","5,000,000","-2,000,000","1,000,000","93,000,000","2,000,000","22,000,000","15,000,000","47,000,000","58,000,000","-7,000,000","-7,000,000","58,000,000","24,000,000","-66,000,000","-20,000,000","-29,000,000","608,000,000","3,000,000","-19,000,000","-23,000,000",,,"-6,000,000","-70,000,000","31,000,000","16,000,000","27,000,000","26,000,000","21,000,000","-15,000,000","32,000,000","-239,000,000","55,000,000","251,000,000","42,000,000","-139,000,000","-2,000,000","55,000,000","3,000,000","-2,590,000,000","4,000,000","-160,000,000","141,000,000","-27,000,000",,"14,000,000","4,000,000","-36,000,000","35,000,000","115,000,000","10,000,000","-10,000,000","101,000,000","277,000,000","15,000,000","-8,000,000","-8,000,000",,"-1,000,000","191,000,000","14,000,000","14,000,000","34,000,000","-48,000,000","26,000,000","688,000,000",,"-44,000,000","-3,000,000","1,000,000","-19,000,000","-7,000,000","-3,000,000","-3,000,000","-13,000,000","68,000,000","23,000,000","22,000,000","-29,000,000","406,000,000","26,000,000","33,000,000","42,000,000","27,000,000","-25,000,000","91,000,000","65,000,000","49,000,000","33,000,000","31,000,000","37,000,000","8,000,000","29,000,000",,,,,,,,,,,,,,,,
		RestructuringAndMergernAcquisition,,,,,,,,,,,,,,,,,,,,,,,,,,,,,,,,,,,,,,,,,,,,,,,,,,,,,,,"-623,000,000",,,,,,,,,,,,,,,,,,,,,,,,,,,,,,,,,,,,,,,,,,,,,,,,,,,,,,,,,,,,,,,,,,,,,,,,,,,,,,,,,,,,,,,,,,,,
		OtherSpecialCharges,"160,000,000","0","160,000,000",,,,,,,,,,,,,,,,,,,,,,,,,,,,,,,,,,,,"-1,000,000","1,000,000","-1,000,000",,"-8,000,000",,"29,000,000",,"-58,000,000",,,"14,000,000","-9,000,000","66,000,000",,,"15,000,000",,,,,,,,,,,,,,,,,,,,,,,,,,,,,,,,,,,,,,,,,,,,,,,,,,,,,,,,,,,,,,,,,,,,,,,,,,,,,,,,,,,,,,,,,,,,
		GainOnSaleOfBusiness,"102,000,000","8,000,000","5,000,000","-1,000,000","90,000,000","-3,000,000","0","0",,"-2,000,000","0","1,000,000","0","-87,000,000","-116,000,000","-63,000,000","-55,000,000",,,,,,,,,,,,,"0","-1,000,000","-10,000,000",,"-20,000,000","0","0",,"2,000,000","4,000,000","-1,000,000","0",,"-6,000,000",,"44,000,000",,"0",,,"72,000,000","15,000,000","0",,,,,,,,,,,,,,,,,,,,,,,,,,,,,,,,,,,,,,,,,,,,,,,,,,,,,,,,,,,,,,,,,,,,,,,,,,,,,,,,,,,,,,,,,,,,,,,
	OtherNonOperatingIncomeExpenses,"1,292,000,000","304,000,000","325,000,000","339,000,000","324,000,000","37,000,000","-100,000,000","251,000,000","249,000,000","63,000,000","191,000,000","187,000,000","198,000,000","266,000,000","307,000,000","306,000,000","261,000,000","-183,000,000","63,000,000","10,000,000","12,000,000","-398,000,000","180,000,000","-1,000,000","18,000,000","-86,000,000","24,000,000","20,000,000","20,000,000","-6,000,000","-1,000,000",,"-2,000,000","-7,000,000","-4,000,000","-1,000,000","4,000,000","16,000,000",,,,,,,,,,,,,,,,,,,,,,,,,,,,,,,,,,,,,,,,,,,,,,,,,,,,,,,,,,,,,,,,,,,,,,,,,,,,,,,,,,,,,,,,,,,,,,,,,,,,,,,,,,,,,
PretaxIncome,"7,235,000,000","1,793,000,000","1,700,000,000","1,881,000,000","1,861,000,000","1,710,000,000","1,148,000,000","1,219,000,000","1,935,000,000","1,768,000,000","1,967,000,000","1,982,000,000","1,842,000,000","1,720,000,000","1,858,000,000","1,999,000,000","1,909,000,000","1,617,000,000","1,783,000,000","1,778,000,000","1,724,000,000","1,432,000,000","1,632,000,000","1,755,000,000","1,628,000,000","1,653,000,000","1,707,000,000","1,662,000,000","1,564,000,000","1,304,000,000","1,580,000,000","1,523,000,000","1,411,000,000","1,439,000,000","1,384,000,000","1,329,000,000","1,260,000,000","306,000,000","1,224,000,000","1,223,000,000","1,122,000,000","-657,000,000","893,000,000","1,100,000,000","975,000,000","937,000,000","705,000,000","648,000,000","553,000,000","1,011,000,000","798,000,000","626,000,000","543,000,000","908,000,000","1,034,000,000","984,000,000","875,000,000","938,000,000","837,000,000","830,000,000","716,000,000","781,000,000","734,000,000","708,000,000","575,000,000","726,000,000","586,000,000","525,000,000","486,000,000","266,000,000","486,000,000","523,000,000","405,000,000","367,000,000","453,000,000","447,000,000","373,000,000","-2,347,000,000","560,000,000","315,000,000","527,000,000","95,000,000","-498,000,000","-12,000,000","-7,000,000","362,000,000","422,000,000","875,000,000","739,000,000","599,000,000","574,000,000","586,000,000","489,000,000","514,000,000","480,000,000","511,000,000","438,000,000","437,000,000","431,000,000","458,000,000","390,000,000","397,000,000","381,000,000","433,000,000","342,000,000","291,000,000","322,000,000","345,000,000","303,000,000","296,000,000","276,000,000","289,000,000","250,000,000","248,000,000","217,000,000","237,000,000","208,000,000","134,000,000","190,000,000","204,000,000","174,000,000","140,000,000","-759,000,000","148,000,000","81,000,000","109,000,000","128,000,000","174,000,000","191,000,000","161,000,000","177,000,000",,,,,,,,,,,,,,,,
TaxProvision,"1,625,000,000","351,000,000","427,000,000","434,000,000","413,000,000","331,000,000","367,000,000","120,000,000","329,000,000","178,000,000","319,000,000","426,000,000","406,000,000","-20,000,000","-498,000,000","719,000,000","458,000,000","4,016,000,000","418,000,000","378,000,000","392,000,000","387,000,000","384,000,000","465,000,000","432,000,000","450,000,000","431,000,000","440,000,000","418,000,000","329,000,000","388,000,000","397,000,000","375,000,000","475,000,000","377,000,000","307,000,000","291,000,000","51,000,000","278,000,000","318,000,000","297,000,000","-350,000,000","207,000,000","304,000,000","267,000,000","268,000,000","208,000,000","172,000,000","160,000,000","300,000,000","179,000,000","166,000,000","144,000,000","201,000,000","315,000,000","261,000,000","232,000,000","249,000,000","219,000,000","219,000,000","190,000,000","196,000,000","193,000,000","187,000,000","144,000,000","215,000,000","153,000,000","247,000,000","127,000,000","13,000,000","114,000,000","162,000,000","110,000,000","-40,000,000","109,000,000","128,000,000","99,000,000","-880,000,000","148,000,000","-144,000,000","151,000,000","-23,000,000","-190,000,000","-62,000,000","-48,000,000","108,000,000","140,000,000","258,000,000","233,000,000","179,000,000","188,000,000","186,000,000","154,000,000","162,000,000","151,000,000","161,000,000","138,000,000","123,000,000","139,000,000","153,000,000","131,000,000","127,000,000","128,000,000","161,000,000","117,000,000","58,000,000","105,000,000","118,000,000","105,000,000","91,000,000","87,000,000","93,000,000","81,000,000","79,000,000","49,000,000","67,000,000","59,000,000","11,000,000","50,000,000","59,000,000","47,000,000","25,000,000","-219,000,000","59,000,000","18,000,000","2,000,000","23,000,000","53,000,000","62,000,000","46,000,000","56,000,000",,,,,,,,,,,,,,,,
NetIncomeCommonStockholders,"5,542,000,000","1,428,000,000","1,257,000,000","1,430,000,000","1,427,000,000","1,359,000,000","758,000,000","1,081,000,000","1,581,000,000","1,562,000,000","1,624,000,000","1,541,000,000","1,416,000,000","1,721,000,000","2,338,000,000","1,267,000,000","1,438,000,000","-2,411,000,000","1,348,000,000","1,392,000,000","1,326,000,000","1,034,000,000","1,240,000,000","1,282,000,000","1,186,000,000","1,194,000,000","1,264,000,000","1,194,000,000","1,116,000,000","956,000,000","1,167,000,000","1,099,000,000","1,017,000,000","947,000,000","990,000,000","1,021,000,000","966,000,000","251,000,000","950,000,000","902,000,000","823,000,000","-310,000,000","862,000,000","810,000,000","705,000,000","669,000,000","499,000,000","468,000,000","386,000,000","698,000,000","608,000,000","450,000,000","397,000,000","707,000,000","719,000,000","723,000,000","643,000,000","689,000,000","618,000,000","611,000,000","526,000,000","585,000,000","541,000,000","521,000,000","436,000,000","520,000,000","470,000,000","306,000,000","359,000,000","253,000,000","372,000,000","361,000,000","295,000,000","407,000,000","344,000,000","319,000,000","254,000,000","-1,467,000,000","412,000,000","459,000,000","376,000,000","118,000,000","-308,000,000","50,000,000","41,000,000","254,000,000","282,000,000","617,000,000","506,000,000","420,000,000","386,000,000","400,000,000","335,000,000","352,000,000","329,000,000","350,000,000","300,000,000","314,000,000","292,000,000","305,000,000","259,000,000","270,000,000","253,000,000","272,000,000","225,000,000","233,000,000","217,000,000","227,000,000","198,000,000","205,000,000","189,000,000","196,000,000","169,000,000","-76,000,000","168,000,000","170,000,000","149,000,000","-1,124,000,000","140,000,000","145,000,000","127,000,000","115,000,000","-540,000,000","89,000,000","63,000,000","107,000,000","105,000,000","121,000,000","129,000,000","115,000,000","121,000,000",,,,,,,,,,,,,,,,
	NetIncome,"5,542,000,000","1,428,000,000","1,257,000,000","1,430,000,000","1,427,000,000","1,359,000,000","758,000,000","1,081,000,000","1,581,000,000","1,562,000,000","1,624,000,000","1,541,000,000","1,416,000,000","1,721,000,000","2,338,000,000","1,267,000,000","1,438,000,000","-2,411,000,000","1,348,000,000","1,392,000,000","1,326,000,000","1,034,000,000","1,240,000,000","1,282,000,000","1,186,000,000","1,194,000,000","1,264,000,000","1,194,000,000","1,116,000,000","956,000,000","1,167,000,000","1,099,000,000","1,017,000,000","947,000,000","990,000,000","1,021,000,000","966,000,000","251,000,000","950,000,000","902,000,000","823,000,000","-310,000,000","862,000,000","810,000,000","705,000,000","669,000,000","499,000,000","468,000,000","386,000,000","698,000,000","608,000,000","450,000,000","397,000,000","707,000,000","719,000,000","723,000,000","643,000,000","689,000,000","618,000,000","611,000,000","526,000,000","585,000,000","541,000,000","521,000,000","436,000,000","520,000,000","470,000,000","306,000,000","359,000,000","253,000,000","372,000,000","361,000,000","295,000,000","407,000,000","344,000,000","319,000,000","254,000,000","-1,467,000,000","412,000,000","459,000,000","376,000,000","118,000,000","-308,000,000","50,000,000","41,000,000","254,000,000","282,000,000","617,000,000","506,000,000","420,000,000","386,000,000","400,000,000","335,000,000","352,000,000","329,000,000","350,000,000","300,000,000","314,000,000","292,000,000","305,000,000","259,000,000","270,000,000","253,000,000","272,000,000","225,000,000","233,000,000","217,000,000","227,000,000","198,000,000","205,000,000","189,000,000","196,000,000","169,000,000","-76,000,000","168,000,000","170,000,000","149,000,000","-1,124,000,000","140,000,000","145,000,000","127,000,000","115,000,000","-540,000,000","89,000,000","63,000,000","107,000,000","105,000,000","121,000,000","129,000,000","115,000,000","121,000,000",,,,,,,,,,,,,,,,
		NetIncomeIncludingNoncontrollingInterests,"5,610,000,000","1,442,000,000","1,273,000,000","1,447,000,000","1,448,000,000","1,379,000,000","781,000,000","1,099,000,000","1,606,000,000","1,590,000,000","1,648,000,000","1,556,000,000","1,436,000,000","1,740,000,000","2,356,000,000","1,280,000,000","1,451,000,000","-2,399,000,000","1,365,000,000","1,400,000,000","1,332,000,000","1,045,000,000","1,248,000,000","1,290,000,000","1,196,000,000","1,203,000,000","1,276,000,000","1,222,000,000","1,146,000,000","975,000,000","1,192,000,000","1,126,000,000","1,036,000,000","964,000,000","1,007,000,000","1,022,000,000","969,000,000","255,000,000","946,000,000","905,000,000","825,000,000","-307,000,000","863,000,000","810,000,000","708,000,000","669,000,000","497,000,000","476,000,000","393,000,000","711,000,000","619,000,000","460,000,000","399,000,000","707,000,000","719,000,000","723,000,000","643,000,000","689,000,000","618,000,000","611,000,000","526,000,000","585,000,000","541,000,000","521,000,000","436,000,000","520,000,000","470,000,000","306,000,000","359,000,000","263,000,000","372,000,000","361,000,000","295,000,000","414,000,000","344,000,000","319,000,000","254,000,000","-1,459,000,000","412,000,000","459,000,000","376,000,000","142,000,000","-308,000,000","50,000,000","41,000,000","288,000,000","282,000,000","617,000,000","506,000,000","466,000,000","386,000,000","400,000,000","335,000,000","389,000,000","329,000,000","350,000,000","300,000,000","359,000,000","292,000,000","305,000,000","259,000,000","288,000,000","253,000,000","272,000,000","225,000,000","269,000,000","217,000,000","227,000,000","198,000,000","235,000,000","189,000,000","196,000,000","169,000,000","-76,000,000","168,000,000","170,000,000","149,000,000","-1,124,000,000","140,000,000","145,000,000","127,000,000","115,000,000","-540,000,000","89,000,000","63,000,000","107,000,000","105,000,000","121,000,000","129,000,000","115,000,000","121,000,000","166,000,000","126,000,000","104,000,000","119,000,000","128,000,000","112,000,000","77,000,000","174,000,000","111,000,000","156,000,000","69,000,000","164,000,000","186,000,000","186,000,000","-660,000,000","95,000,000"
			NetIncomeContinuousOperations,"5,610,000,000","1,442,000,000","1,273,000,000","1,447,000,000","1,448,000,000","1,379,000,000","781,000,000","1,099,000,000","1,606,000,000","1,590,000,000","1,648,000,000","1,556,000,000","1,436,000,000","1,740,000,000","2,356,000,000","1,280,000,000","1,451,000,000","-2,399,000,000","1,365,000,000","1,400,000,000","1,332,000,000","1,045,000,000","1,248,000,000","1,290,000,000","1,196,000,000","1,203,000,000","1,276,000,000","1,222,000,000","1,146,000,000","975,000,000","1,192,000,000","1,126,000,000","1,036,000,000","964,000,000","1,007,000,000","1,022,000,000","969,000,000","255,000,000","946,000,000","905,000,000","825,000,000","-307,000,000","686,000,000","796,000,000","708,000,000","669,000,000","497,000,000","476,000,000","393,000,000","711,000,000","619,000,000","460,000,000","399,000,000","707,000,000","719,000,000","723,000,000","643,000,000","689,000,000","618,000,000","611,000,000","526,000,000","585,000,000","541,000,000","521,000,000","431,000,000","511,000,000","433,000,000","278,000,000","359,000,000","253,000,000","372,000,000","361,000,000","295,000,000","407,000,000","344,000,000","319,000,000","274,000,000","-1,467,000,000","412,000,000","459,000,000","376,000,000","118,000,000","-308,000,000","50,000,000","41,000,000","254,000,000","282,000,000","617,000,000","506,000,000","420,000,000","386,000,000","400,000,000","335,000,000","352,000,000","329,000,000","350,000,000","300,000,000","314,000,000","292,000,000","305,000,000","259,000,000","270,000,000","253,000,000","272,000,000","225,000,000","233,000,000","217,000,000","227,000,000","198,000,000","205,000,000","189,000,000","196,000,000","169,000,000","169,000,000","168,000,000","170,000,000","149,000,000","123,000,000","140,000,000","145,000,000","127,000,000","115,000,000","-540,000,000","89,000,000","63,000,000","107,000,000","105,000,000","121,000,000","129,000,000","115,000,000","121,000,000","166,000,000","126,000,000","104,000,000","119,000,000","128,000,000","112,000,000","77,000,000","174,000,000","111,000,000","153,000,000","69,000,000","164,000,000","186,000,000","186,000,000","-660,000,000","95,000,000"
			NetIncomeDiscontinuousOperations,,,,,,,,,,,,,,,,,,,,,,,,,,,,,,,,,,,,,,"0","0","0","0","0","177,000,000","14,000,000",,,,,,,,,,,,,,,,,,"0",,,"5,000,000","30,000,000","37,000,000","28,000,000",,,,,,,,,,,,,,,,,,,,,,,,,,,,,,,,,,,,,,,,,,,,,,,,,,,,,,,,,,,,,,,,,,,,,,"0",,,"3,000,000",,,,,,
			NetIncomeExtraordinary,,,,,,,,,,,,,,,,,,,,,,,,,,,,,,,,,,,,,,,,,,,,,,,,,,,,,,,,,,,,,,,,,,,,,,,,,,"0",,,"-20,000,000",,,,,,,,,,,,,,,,,,,,,,,,,,,,,,,,,,,,,,,,,,,,,,,,,,,,,,,,,,,,,,,,,,,,,,
		MinorityInterests,"-68,000,000","-14,000,000","-16,000,000","-17,000,000","-21,000,000","-20,000,000","-23,000,000","-18,000,000","-25,000,000","-28,000,000","-24,000,000","-15,000,000","-20,000,000","-19,000,000","-18,000,000","-13,000,000","-13,000,000","-12,000,000","-17,000,000","-8,000,000","-6,000,000","-11,000,000","-8,000,000","-8,000,000","-10,000,000","-9,000,000","-12,000,000","-28,000,000","-30,000,000","-19,000,000","-25,000,000","-27,000,000","-19,000,000","-17,000,000","-17,000,000","-1,000,000","-3,000,000","-4,000,000","4,000,000","-3,000,000","-2,000,000","-3,000,000","-1,000,000","0","-3,000,000","0","2,000,000","-8,000,000","-7,000,000","-13,000,000","-11,000,000","-10,000,000","-2,000,000",,,,,,,,,,,,,,,,,,,,,,,,,,,,,,,,,,,,,,,,,,,,,,,,,,,,,,,,,,,,,,,,,,,,,,,,,,,,,,,,,,,,,,,,,,,,,,
	OtherunderPreferredStockDividend,,,,,,,,,,,,,,,,,,,,,,,,,,,,,,,,,,,,,,,,,,,,,,,,,,,,"10,000,000",,,,,,,,,,,,,,,,,,,,,,,,,,,,,,,,,,,,,,,,,,,,,,,,,,,,,,,,,,,,,,,,,,,,,,,,,,,,,,,,,,,,,,,,,,,,,,,
DilutedNIAvailtoComStockholders,"5,542,000,000","1,428,000,000","1,257,000,000","1,430,000,000","1,427,000,000","1,359,000,000","758,000,000","1,081,000,000","1,581,000,000","1,562,000,000","1,624,000,000","1,541,000,000","1,416,000,000","1,721,000,000","2,338,000,000","1,267,000,000","1,438,000,000","-2,411,000,000","1,348,000,000","1,392,000,000","1,326,000,000","1,034,000,000","1,240,000,000","1,282,000,000","1,186,000,000","1,194,000,000","1,264,000,000","1,194,000,000","1,116,000,000","956,000,000","1,167,000,000","1,099,000,000","1,017,000,000","947,000,000","990,000,000","1,021,000,000","966,000,000","251,000,000","950,000,000","902,000,000","823,000,000","-310,000,000","862,000,000","810,000,000","705,000,000","669,000,000","499,000,000","468,000,000","386,000,000","698,000,000","608,000,000","450,000,000","397,000,000","707,000,000","719,000,000","723,000,000","643,000,000","689,000,000","618,000,000","611,000,000","526,000,000","585,000,000","541,000,000","521,000,000","436,000,000","520,000,000","470,000,000","306,000,000","359,000,000","253,000,000","372,000,000","361,000,000","295,000,000","407,000,000","344,000,000","319,000,000","254,000,000","-1,467,000,000","412,000,000","459,000,000","376,000,000","118,000,000","-308,000,000","50,000,000","41,000,000","254,000,000","282,000,000","617,000,000","506,000,000","420,000,000","386,000,000","400,000,000","335,000,000","352,000,000","329,000,000","350,000,000","300,000,000","314,000,000","292,000,000","305,000,000","259,000,000","270,000,000","253,000,000","272,000,000","225,000,000","233,000,000","217,000,000","227,000,000","198,000,000","205,000,000","189,000,000","196,000,000","169,000,000","-76,000,000","168,000,000","170,000,000","149,000,000","-1,124,000,000","140,000,000","145,000,000","127,000,000","115,000,000","-540,000,000","89,000,000","63,000,000","107,000,000","105,000,000","121,000,000","129,000,000","115,000,000","121,000,000",,,,,,,,,,,,,,,,
BasicEPS,,"2.07","1.82","2.06","2.05","1.94","1.08","1.54","2.23","2.19","2.26","2.13","1.94","2.34","3.15","1.7","1.92","-3.18","1.77","1.82","1.74","1.36","1.62","1.68","1.54","1.55","1.62","1.52","1.42","1.22","1.49","1.4","1.3","1.2","1.26","1.3","1.23","0.32","1.21","1.15","1.06","-0.4","1.11","1.03","0.9",,"0.64","0.61","0.5",,"0.8","0.6","0.54",,"0.98","0.97","0.87",,"0.83","0.79","0.66",,"0.66","0.63","0.52",,"0.55","0.36","0.42",,"0.43","0.42","0.34",,"0.4","0.37","0.3",,"0.5","0.56","0.46",,"-0.38","0.06","0.05",,"0.35","0.77","0.64",,"0.7","0.72","0.6",,"0.59","0.62","0.53",,"0.52","0.54","0.46",,"0.45","0.48","0.4",,"0.385","0.4","0.35",,"0.335","0.345","0.3",,"0.3","0.31","0.27",,"0.25","0.26","0.23",,"-0.99","0.17","0.12",,"0.19","0.22","0.23",,"0.21","0.28","0.22",,"0.2","0.22","0.19",,"0.26","0.16","0.23",,"0.23","0.25","0.25",,"0.21"
DilutedEPS,,"2.05","1.8","2.04","2.03","1.91","1.07","1.53","2.21","2.16","2.23","2.1","1.92","2.31","3.11","1.68","1.89","-3.18","1.75","1.8","1.71","1.34","1.6","1.66","1.53","1.53","1.6","1.51","1.41","1.2","1.47","1.38","1.28","1.19","1.24","1.28","1.21","0.32","1.2","1.14","1.04","-0.4","1.1","1.02","0.88",,"0.64","0.6","0.5",,"0.8","0.6","0.54",,"0.97","0.96","0.85",,"0.81","0.78","0.66",,"0.66","0.63","0.52",,"0.55","0.36","0.42",,"0.43","0.42","0.34",,"0.4","0.37","0.3",,"0.5","0.56","0.46",,"-0.38","0.06","0.05",,"0.35","0.76","0.63",,"0.69","0.71","0.59",,"0.58","0.61","0.52",,"0.5","0.52","0.45",,"0.45","0.48","0.4",,"0.385","0.4","0.35",,"0.335","0.345","0.3",,"0.3","0.31","0.27",,"0.25","0.26","0.23",,"-0.99","0.17","0.12",,"0.19","0.22","0.23",,"0.21","0.28","0.22",,"0.2","0.22","0.19",,"0.26","0.16","0.23",,"0.23","0.25","0.25",,"0.21"
BasicAverageShares,,"688,300,000","690,600,000","693,800,000","696,200,000","701,800,000","702,600,000","702,300,000","709,600,000","713,500,000","717,600,000","723,200,000","729,700,000","734,000,000","741,800,000","745,500,000","750,600,000","758,800,000","762,200,000","764,200,000","763,100,000","762,400,000","763,700,000","763,300,000","767,900,000","771,800,000","780,400,000","783,300,000","783,800,000","783,800,000","784,500,000","784,500,000","784,900,000","785,900,000","786,300,000","787,600,000","785,800,000","787,200,000","783,600,000","781,400,000","777,300,000","774,700,000","778,200,000","785,000,000","785,500,000",,"776,500,000","770,000,000","765,700,000",,"761,000,000","748,000,000","737,700,000",,"730,900,000","745,360,825","739,080,460",,"744,578,313","773,417,722","796,969,697",,"819,696,970","826,984,127","838,461,538",,"854,545,455","850,000,000","854,761,905",,"865,116,279","859,523,810","867,647,059",,"860,000,000","862,162,162","846,666,667",,"824,000,000","819,642,857","817,391,304",,"810,526,316","833,333,333","820,000,000",,"805,714,286","801,298,701","790,625,000",,"551,800,000","551,900,000","556,600,000",,"560,000,000","563,200,000","564,300,000",,"564,500,000","565,400,000","567,000,000",,"565,702,000","565,540,000","565,700,000",,"566,210,000","567,892,000","567,530,000",,"566,042,000","566,528,000","568,912,000",,"560,000,000","548,387,097","551,851,852",,"560,000,000","557,692,308","552,173,913",,"545,454,545","523,529,412","525,000,000",,"552,631,579","550,000,000","560,869,565",,"576,190,476","591,844,000","593,384,000",,"599,796,000","599,796,000","599,796,000",,"686,656,000","693,712,000","697,408,000",,"700,128,000","705,276,000","700,776,000",,"700,776,000"
DilutedAverageShares,,"695,800,000","698,900,000","702,500,000","704,500,000","710,000,000","709,600,000","708,100,000","717,000,000","722,600,000","726,700,000","733,000,000","738,800,000","743,900,000","752,000,000","755,000,000","761,000,000","758,800,000","771,400,000","774,000,000","773,900,000","772,300,000","774,400,000","772,400,000","776,900,000","780,800,000","789,500,000","792,900,000","794,000,000","794,100,000","795,000,000","795,400,000","796,400,000","797,000,000","797,100,000","798,100,000","797,100,000","796,400,000","792,500,000","790,500,000","788,100,000","784,300,000","786,900,000","794,117,647","797,700,000",,"782,800,000","777,000,000","771,700,000",,"764,000,000","750,000,000","739,300,000",,"737,600,000","753,125,000","756,470,588",,"762,962,963","783,333,333","796,969,697",,"819,696,970","826,984,127","838,461,538",,"854,545,455","850,000,000","854,761,905",,"865,116,279","859,523,810","867,647,059",,"860,000,000","862,162,162","846,666,667",,"824,000,000","819,642,857","817,391,304",,"810,526,316","833,333,333","820,000,000",,"805,714,286","811,842,105","803,174,603",,"564,300,000","565,000,000","567,500,000",,"571,500,000","577,100,000","578,400,000",,"581,100,000","580,300,000","582,400,000",,"565,702,000","565,540,000","565,700,000",,"566,210,000","567,892,000","567,530,000",,"566,042,000","566,528,000","568,912,000",,"560,000,000","548,387,097","551,851,852",,"560,000,000","557,692,308","552,173,913",,"545,454,545","523,529,412","525,000,000",,"552,631,579","550,000,000","560,869,565",,"576,190,476","591,844,000","593,384,000",,"599,796,000","599,796,000","599,796,000",,"686,656,000","693,712,000","697,408,000",,"700,128,000","705,276,000","700,776,000",,"700,776,000"
TotalExpenses,"28,192,000,000","7,139,000,000","6,898,000,000","7,210,000,000","6,945,000,000","7,224,000,000","6,486,000,000","6,459,000,000","6,772,000,000","7,801,000,000","7,334,000,000","7,481,000,000","7,242,000,000","8,209,000,000","9,080,000,000","9,141,000,000","8,668,000,000","9,127,000,000","8,320,000,000","8,231,000,000","7,705,000,000","8,372,000,000","8,270,000,000","8,150,000,000","7,827,000,000","8,249,000,000","7,856,000,000","8,056,000,000","7,592,000,000","9,026,000,000","8,472,000,000","8,671,000,000","8,306,000,000","9,050,000,000","8,184,000,000","8,308,000,000","8,012,000,000","9,204,000,000","8,046,000,000","8,148,000,000","8,111,000,000","10,051,000,000","8,336,000,000","7,912,000,000","7,864,000,000","8,021,000,000","7,667,000,000","7,430,000,000","7,118,000,000","7,021,000,000","6,831,000,000","6,766,000,000","6,908,000,000","7,702,000,000","8,785,000,000","8,613,000,000","7,927,000,000","8,218,000,000","7,790,000,000","7,618,000,000","7,239,000,000","7,443,000,000","7,148,000,000","7,113,000,000","6,602,000,000","6,531,000,000","6,273,000,000","6,429,000,000","5,939,000,000","6,205,000,000","5,907,000,000","6,051,000,000","5,738,000,000","5,728,000,000","5,238,000,000","5,276,000,000","4,943,000,000","5,614,000,000","4,934,000,000","5,091,000,000","4,733,000,000","5,677,000,000","6,171,000,000","5,904,000,000","5,741,000,000","5,946,000,000","5,636,000,000","5,434,000,000","5,208,000,000","11,916,000,000","3,242,000,000","3,463,000,000","3,090,000,000","3,370,000,000","3,234,000,000","3,355,000,000","3,207,000,000","3,482,000,000","3,234,000,000","3,150,000,000","2,970,000,000","3,126,000,000","2,977,000,000","2,946,000,000","3,413,000,000","3,536,000,000","3,169,000,000","3,276,000,000","3,105,000,000","3,234,000,000","2,828,000,000","2,887,000,000","2,716,000,000","2,836,000,000","2,592,000,000","2,797,000,000","2,664,000,000","3,273,000,000","2,719,000,000","2,852,000,000","2,783,000,000","2,833,000,000","3,549,000,000","2,924,000,000","2,816,000,000","3,014,000,000","2,797,000,000","2,971,000,000","2,831,000,000","2,836,000,000","2,596,000,000",,,,,,,,,,,,,,,,
NetIncomeFromContinuingAndDiscontinuedOperation,"5,542,000,000","1,428,000,000","1,257,000,000","1,430,000,000","1,427,000,000","1,359,000,000","758,000,000","1,081,000,000","1,581,000,000","1,562,000,000","1,624,000,000","1,541,000,000","1,416,000,000","1,721,000,000","2,338,000,000","1,267,000,000","1,438,000,000","-2,411,000,000","1,348,000,000","1,392,000,000","1,326,000,000","1,034,000,000","1,240,000,000","1,282,000,000","1,186,000,000","1,194,000,000","1,264,000,000","1,194,000,000","1,116,000,000","956,000,000","1,167,000,000","1,099,000,000","1,017,000,000","947,000,000","990,000,000","1,021,000,000","966,000,000","251,000,000","950,000,000","902,000,000","823,000,000","-310,000,000","862,000,000","810,000,000","705,000,000","669,000,000","499,000,000","468,000,000","386,000,000","698,000,000","608,000,000","450,000,000","397,000,000","707,000,000","719,000,000","723,000,000","643,000,000","689,000,000","618,000,000","611,000,000","526,000,000","585,000,000","541,000,000","521,000,000","436,000,000","541,000,000","470,000,000","306,000,000","359,000,000","253,000,000","372,000,000","361,000,000","295,000,000","407,000,000","344,000,000","319,000,000","274,000,000","-1,467,000,000","412,000,000","459,000,000","376,000,000","118,000,000","-308,000,000","50,000,000","41,000,000","254,000,000","282,000,000","617,000,000","506,000,000","420,000,000","386,000,000","400,000,000","335,000,000","352,000,000","329,000,000","350,000,000","300,000,000","314,000,000","292,000,000","305,000,000","259,000,000","270,000,000","253,000,000","272,000,000","225,000,000","233,000,000","217,000,000","227,000,000","198,000,000","205,000,000","189,000,000","196,000,000","169,000,000","169,000,000","168,000,000","170,000,000","149,000,000","123,000,000","140,000,000","145,000,000","127,000,000","115,000,000","-540,000,000","89,000,000","63,000,000","107,000,000","105,000,000","121,000,000","129,000,000","115,000,000","121,000,000",,,,,,,,,,,,,,,,
NormalizedIncome,"5,606,325,000","1,423,978,806.47","1,376,062,941.176","1,440,769,803.296","1,360,863,514.24","1,319,484,795.322","757,320,000","1,078,294,000","1,571,040,000","1,543,114,253.394","1,587,966,000","1,506,460,000","1,407,420,000","1,758,230,000","2,411,730,000","1,300,280,000","1,479,040,000","-2,411,000,000","1,348,000,000","1,392,000,000","1,326,000,000","1,034,000,000","1,240,000,000","1,282,000,000","1,186,000,000","1,194,000,000","1,264,000,000","1,194,000,000","1,116,000,000","872,257,668.712","1,176,048,000","1,110,085,000","950,206,000","836,464,906.185","1,005,288,000","1,021,769,000","967,538,000","256,833,333.333","957,728,758.17","905,699,918.234","829,617,647.059","-323,000,000","679,622,620.381","780,080,000","699,916,923.077","630,445,037.353","457,407,092.199","473,141,975.309","390,974,683.544","657,210,682.493","589,383,458.647","498,498,402.556","411,696,132.597","729,580,396.476","296,222,437.137","720,795,731.707","656,962,285.714","705,894,456.29","618,000,000","611,000,000","530,407,821.229","637,432,778.489","518,151,226.158","509,225,988.701","410,761,739.13","492,699,724.518","417,482,935.154","287,000,000","335,362,139.918","480,319,548.872","329,901,234.568","187,747,609.943","264,407,407.407","490,400,000","345,518,763.797","279,749,440.716","271,796,246.649","151,887,942.054","409,057,142.857","555,000,000","275,400,379.507","134,200,000","-308,000,000","41,600,000","38,600,000","279,259,668.508","258,611,374.408","535,908,571.429","499,152,909.337","427,011,686.144","318,080,139.373","210,921,501.706","324,723,926.38","357,478,599.222","334,483,333.333","350,000,000","300,684,931.507","176,759,725.4","282,515,081.206","295,676,855.895","236,420,512.821","302,644,836.272","235,734,908.136","-160,184,757.506","225,000,000","268,230,240.55","219,021,739.13","226,342,028.986","210,415,841.584","209,847,972.973","191,054,347.826","198,034,602.076","177,788,000","122,661,290.323","150,193,548.387","154,219,409.283","169,774,038.462","-249,671,641.791","120,842,105.263","121,544,117.647","96,344,827.586","92,821,428.571","-522,213,438.735","34,277,027.027","12,444,444.444","58,899,082.569","77,929,687.5","99,442,528.736","104,010,471.204","109,285,714.286","101,175,141.243",,,,,,,,,,,,,,,,
InterestIncome,"102,000,000","32,000,000","28,000,000","23,000,000","19,000,000","21,000,000","20,000,000","22,000,000","44,000,000","61,000,000","64,000,000","63,000,000","67,000,000","63,000,000","55,000,000","49,000,000","50,000,000",,,,,,,,,,,,,"31,000,000","24,000,000","25,000,000","22,000,000","22,000,000","15,000,000","15,000,000","17,000,000","16,000,000","14,000,000","14,000,000","14,000,000","16,000,000","15,000,000",,"13,000,000",,"13,000,000","7,000,000","9,000,000","8,000,000","7,000,000","6,000,000","12,000,000",,,,,,,,,,,,,,,,,,,,,,,,,,,,,,,,,,,,,,,,,,,,,,,,,,,,,,,,,,,,,,,,,,,,,,,,,,,,,,,,,,,,,,,,,,,,,,
InterestExpense,"343,000,000","80,000,000","90,000,000","83,000,000","90,000,000","95,000,000","101,000,000","90,000,000","73,000,000","91,000,000","96,000,000","85,000,000","85,000,000","90,000,000","99,000,000","95,000,000","83,000,000","81,000,000","81,000,000","79,000,000","75,000,000","86,000,000","82,000,000","85,000,000","85,000,000","84,000,000","72,000,000","77,000,000","77,000,000","82,000,000","77,000,000","80,000,000","79,000,000","83,000,000","80,000,000","80,000,000","84,000,000","87,000,000","88,000,000","87,000,000","89,000,000","91,000,000","90,000,000","96,000,000","99,000,000","92,000,000","95,000,000","92,000,000","107,000,000","109,000,000","110,000,000","123,000,000","117,000,000",,,,,,,,,,,,,,,,,,,,,,,,,,,,,,,,,,,,,,,,,,,,,,,,,,,,,,,,,,,,,,,,,,,,,,,,,,,,,,,,,,,,,,,,,,,,,,
NetInterestIncome,"-241,000,000","-48,000,000","-62,000,000","-60,000,000","-71,000,000","-74,000,000","-81,000,000","-68,000,000","-29,000,000","-30,000,000","-32,000,000","-22,000,000","-18,000,000","-27,000,000","-44,000,000","-46,000,000","-33,000,000","70,000,000","-81,000,000","-79,000,000","-75,000,000","20,000,000","-82,000,000","-85,000,000","-85,000,000","20,000,000","-72,000,000","-77,000,000","-77,000,000","-51,000,000","-53,000,000","-55,000,000","-57,000,000","-61,000,000","-65,000,000","-65,000,000","-67,000,000","-71,000,000","-74,000,000","-73,000,000","-75,000,000","-75,000,000","-75,000,000","-96,000,000","-86,000,000","-121,000,000","-82,000,000","-85,000,000","-98,000,000","-101,000,000","-103,000,000","-117,000,000","-105,000,000",,,,,,,,,,,,,,,,,,,,,,,,,,,,,,,,,,,,,,,,,,,,,,,,,,,,,,,,,,,,,,,,,,,,,,,,,,,,,,,,,,,,,,,,,,,,,,
EBIT,"7,578,000,000","1,873,000,000","1,790,000,000","1,964,000,000","1,951,000,000","1,805,000,000","1,249,000,000","1,309,000,000","2,008,000,000","1,859,000,000","2,063,000,000","2,067,000,000","1,927,000,000","1,810,000,000","1,957,000,000","2,094,000,000","1,992,000,000","1,698,000,000","1,864,000,000","1,857,000,000","1,799,000,000","1,518,000,000","1,714,000,000","1,840,000,000","1,713,000,000","1,737,000,000","1,779,000,000","1,739,000,000","1,641,000,000","1,386,000,000","1,657,000,000","1,603,000,000","1,490,000,000","1,522,000,000","1,464,000,000","1,409,000,000","1,344,000,000","393,000,000","1,312,000,000","1,310,000,000","1,211,000,000","-566,000,000","983,000,000","1,196,000,000","1,074,000,000","1,029,000,000","800,000,000","740,000,000","660,000,000","1,120,000,000","908,000,000","749,000,000","660,000,000","1,010,000,000","490,000,000","1,061,000,000","968,000,000","1,057,000,000","945,000,000","920,000,000","802,000,000","833,000,000","804,000,000","785,000,000","639,000,000","744,000,000","626,000,000","597,000,000","514,000,000","435,000,000","488,000,000","337,000,000","440,000,000","459,000,000","530,000,000","473,000,000","456,000,000","241,000,000","635,000,000","560,000,000","466,000,000","176,000,000","-382,000,000","162,000,000","203,000,000","508,000,000","580,000,000","875,000,000","836,000,000","567,000,000","596,000,000","355,000,000","506,000,000","502,000,000","507,000,000","514,000,000","439,000,000","428,000,000","423,000,000","428,000,000","357,000,000","372,000,000","371,000,000","401,000,000","365,000,000","262,000,000","330,000,000","354,000,000","314,000,000","300,000,000","282,000,000","300,000,000","270,000,000","213,000,000","230,000,000","258,000,000","237,000,000","-221,000,000","217,000,000","223,000,000","196,000,000","171,000,000","-672,000,000","123,000,000","87,000,000","129,000,000","164,000,000","213,000,000","224,000,000","222,000,000","231,000,000","3,115,000,000","2,942,000,000","-8,199,000,000","2,864,000,000","3,096,000,000","2,942,000,000","-7,412,000,000","2,679,000,000","2,846,000,000","2,637,000,000","-7,707,000,000","2,907,000,000","2,943,000,000","2,909,000,000","-5,605,000,000","1,631,000,000"
EBITDA,"8,801,000,000"
ReconciledCostOfRevenue,"23,394,000,000","5,936,000,000","5,746,000,000","6,003,000,000","5,709,000,000","5,976,000,000","5,383,000,000","5,276,000,000","5,534,000,000","6,328,000,000","6,038,000,000","6,094,000,000","5,879,000,000","6,685,000,000","7,556,000,000","7,613,000,000","7,193,000,000","7,496,000,000","6,873,000,000","6,850,000,000","6,356,000,000","6,879,000,000","6,903,000,000","6,821,000,000","6,547,000,000","6,917,000,000","6,654,000,000","6,814,000,000","6,362,000,000","7,566,000,000","7,128,000,000","7,296,000,000","6,967,000,000","7,612,000,000","6,942,000,000","7,027,000,000","6,783,000,000","7,681,000,000","6,808,000,000","6,922,000,000","6,880,000,000","8,435,000,000","7,033,000,000","6,664,000,000","6,610,000,000","6,779,000,000","6,490,000,000","6,268,000,000","5,982,000,000","5,950,000,000","5,797,000,000","5,682,000,000","5,756,000,000","6,523,000,000","7,476,000,000","7,323,000,000","6,672,000,000","7,013,000,000","6,646,000,000","6,491,000,000","6,150,000,000","6,358,000,000","6,111,000,000","6,027,000,000","5,600,000,000","5,595,000,000","5,291,000,000","5,494,000,000","5,085,000,000","5,340,000,000","5,087,000,000","5,228,000,000","4,930,000,000","4,972,000,000","4,509,000,000","4,514,000,000","4,240,000,000","4,832,000,000","4,236,000,000","4,431,000,000","4,116,000,000","5,021,000,000","5,368,000,000","5,067,000,000","4,973,000,000","5,124,000,000","4,845,000,000","4,671,000,000","4,450,000,000","9,765,000,000","2,976,000,000","3,045,000,000","2,709,000,000","2,880,000,000","2,838,000,000","2,949,000,000","2,809,000,000","3,272,000,000","2,840,000,000","2,764,000,000","2,605,000,000","2,761,000,000","2,598,000,000","3,235,000,000","3,012,000,000","3,090,000,000","2,800,000,000","2,902,000,000","2,747,000,000","2,853,000,000","2,503,000,000","2,541,000,000","2,402,000,000","2,325,000,000","2,136,000,000","2,325,000,000","2,218,000,000","2,413,000,000","2,270,000,000","2,383,000,000","2,328,000,000","2,360,000,000","2,275,000,000","2,426,000,000","2,347,000,000","2,537,000,000","2,348,000,000","2,509,000,000","2,372,000,000","2,394,000,000","2,167,000,000",,,,,,,,,,,,,,,,
ReconciledDepreciation,"1,223,000,000","290,000,000","308,000,000","284,000,000","341,000,000","254,000,000","255,000,000","250,000,000","243,000,000","269,000,000","263,000,000","295,000,000","261,000,000","254,000,000","286,000,000","288,000,000","288,000,000","283,000,000","285,000,000","276,000,000","271,000,000","257,000,000","260,000,000","260,000,000","253,000,000","222,000,000","219,000,000","226,000,000","216,000,000","226,000,000","227,000,000","233,000,000","238,000,000","249,000,000","245,000,000","247,000,000","248,000,000","245,000,000","226,000,000","225,000,000","230,000,000","253,000,000","226,000,000","236,000,000","242,000,000","271,000,000","242,000,000","241,000,000","233,000,000","246,000,000","242,000,000","235,000,000","234,000,000","210,000,000","247,000,000","229,000,000","217,000,000","217,000,000","207,000,000","213,000,000","200,000,000","198,000,000","190,000,000","218,000,000","188,000,000","181,000,000","173,000,000","176,000,000","167,000,000","222,000,000","140,000,000","142,000,000","146,000,000","158,000,000","147,000,000","148,000,000","142,000,000","161,000,000","170,000,000","164,000,000","176,000,000","227,000,000","222,000,000","238,000,000","239,000,000","228,000,000","238,000,000","267,000,000","262,000,000","438,000,000","148,000,000","151,000,000","144,000,000","156,000,000","151,000,000","149,000,000","153,000,000","153,000,000","151,000,000","155,000,000","150,000,000","129,000,000","150,000,000","155,000,000","168,000,000","152,000,000","153,000,000","155,000,000","152,000,000","146,000,000","136,000,000","143,000,000","135,000,000","141,000,000","131,000,000","140,000,000","135,000,000","140,000,000","129,000,000","132,000,000","128,000,000","128,000,000","120,000,000","126,000,000","130,000,000","113,000,000","116,000,000","116,000,000","115,000,000","106,000,000","105,000,000",,,,,,,,,,,,,,,,
NetIncomeFromContinuingOperationNetMinorityInterest,"5,542,000,000","1,428,000,000","1,257,000,000","1,430,000,000","1,427,000,000","1,359,000,000","758,000,000","1,081,000,000","1,581,000,000","1,562,000,000","1,624,000,000","1,541,000,000","1,416,000,000","1,721,000,000","2,338,000,000","1,267,000,000","1,438,000,000","-2,411,000,000","1,348,000,000","1,392,000,000","1,326,000,000","1,034,000,000","1,240,000,000","1,282,000,000","1,186,000,000","1,194,000,000","1,264,000,000","1,194,000,000","1,116,000,000","956,000,000","1,167,000,000","1,099,000,000","1,017,000,000","947,000,000","990,000,000","1,021,000,000","966,000,000","251,000,000","950,000,000","902,000,000","823,000,000","-310,000,000","685,000,000","796,000,000","705,000,000","669,000,000","499,000,000","468,000,000","386,000,000","698,000,000","608,000,000","450,000,000","397,000,000","707,000,000","719,000,000","723,000,000","643,000,000","689,000,000","618,000,000","611,000,000","526,000,000","585,000,000","541,000,000","521,000,000","431,000,000","511,000,000","433,000,000","278,000,000","359,000,000","253,000,000","372,000,000","361,000,000","295,000,000","407,000,000","344,000,000","319,000,000","274,000,000","-1,467,000,000","412,000,000","459,000,000","376,000,000","118,000,000","-308,000,000","50,000,000","41,000,000","254,000,000","282,000,000","617,000,000","506,000,000","420,000,000","386,000,000","400,000,000","335,000,000","352,000,000","329,000,000","350,000,000","300,000,000","314,000,000","292,000,000","305,000,000","259,000,000","270,000,000","253,000,000","272,000,000","225,000,000","233,000,000","217,000,000","227,000,000","198,000,000","205,000,000","189,000,000","196,000,000","169,000,000","169,000,000","168,000,000","170,000,000","149,000,000","123,000,000","140,000,000","145,000,000","127,000,000","115,000,000","-540,000,000","89,000,000","63,000,000","107,000,000","105,000,000","121,000,000","129,000,000","115,000,000","121,000,000",,,,,,,,,,,,,,,,
TotalUnusualItemsExcludingGoodwill,"-83,000,000","5,000,000","-159,000,000","-14,000,000","85,000,000","49,000,000","1,000,000","3,000,000","12,000,000","21,000,000","43,000,000","44,000,000","11,000,000","-51,000,000","-101,000,000","-52,000,000","-54,000,000",,,,,,,,,,,,,"112,000,000","-12,000,000","-15,000,000","91,000,000","165,000,000","-21,000,000","-1,000,000","-2,000,000","-7,000,000","-10,000,000","-5,000,000","-9,000,000","20,000,000","7,000,000","22,000,000","7,000,000","54,000,000","59,000,000","-7,000,000","-7,000,000","58,000,000","24,000,000","-66,000,000","-20,000,000","-29,000,000","608,000,000","3,000,000","-19,000,000","-23,000,000",,,"-6,000,000","-70,000,000","31,000,000","16,000,000","27,000,000","26,000,000","21,000,000","-15,000,000","32,000,000","-239,000,000","55,000,000","251,000,000","42,000,000","-139,000,000","-2,000,000","55,000,000","3,000,000","-2,590,000,000","4,000,000","-160,000,000","141,000,000","-27,000,000",,"14,000,000","4,000,000","-36,000,000","35,000,000","115,000,000","10,000,000","-10,000,000","101,000,000","277,000,000","15,000,000","-8,000,000","-8,000,000",,"-1,000,000","191,000,000","14,000,000","14,000,000","34,000,000","-48,000,000","26,000,000","688,000,000",,"-44,000,000","-3,000,000","1,000,000","-19,000,000","-7,000,000","-3,000,000","-3,000,000","-13,000,000","68,000,000","23,000,000","22,000,000","-29,000,000","406,000,000","26,000,000","33,000,000","42,000,000","27,000,000","-25,000,000","91,000,000","65,000,000","49,000,000","33,000,000","31,000,000","37,000,000","8,000,000","29,000,000",,,,,,,,,,,,,,,,
TotalUnusualItems,"-83,000,000","5,000,000","-159,000,000","-14,000,000","85,000,000","49,000,000","1,000,000","3,000,000","12,000,000","21,000,000","43,000,000","44,000,000","11,000,000","-51,000,000","-101,000,000","-52,000,000","-54,000,000",,,,,,,,,,,,,"112,000,000","-12,000,000","-15,000,000","91,000,000","165,000,000","-21,000,000","-1,000,000","-2,000,000","-7,000,000","-10,000,000","-5,000,000","-9,000,000","20,000,000","7,000,000","22,000,000","7,000,000","54,000,000","59,000,000","-7,000,000","-7,000,000","58,000,000","24,000,000","-66,000,000","-20,000,000","-29,000,000","608,000,000","3,000,000","-19,000,000","-23,000,000",,,"-6,000,000","-70,000,000","31,000,000","16,000,000","27,000,000","26,000,000","21,000,000","-15,000,000","32,000,000","-239,000,000","55,000,000","251,000,000","42,000,000","-139,000,000","-2,000,000","55,000,000","3,000,000","-2,590,000,000","4,000,000","-160,000,000","141,000,000","-27,000,000",,"14,000,000","4,000,000","-36,000,000","35,000,000","115,000,000","10,000,000","-10,000,000","101,000,000","277,000,000","15,000,000","-8,000,000","-8,000,000",,"-1,000,000","191,000,000","14,000,000","14,000,000","34,000,000","-48,000,000","26,000,000","688,000,000",,"-44,000,000","-3,000,000","1,000,000","-19,000,000","-7,000,000","-3,000,000","-3,000,000","-13,000,000","68,000,000","23,000,000","22,000,000","-29,000,000","406,000,000","26,000,000","33,000,000","42,000,000","27,000,000","-25,000,000","91,000,000","65,000,000","49,000,000","33,000,000","31,000,000","37,000,000","8,000,000","29,000,000",,,,,,,,,,,,,,,,
NormalizedEBITDA,"8,884,000,000","2,158,000,000","2,257,000,000","2,262,000,000","2,207,000,000","2,010,000,000","1,503,000,000","1,556,000,000","2,239,000,000","2,107,000,000","2,283,000,000","2,318,000,000","2,177,000,000","2,115,000,000","2,344,000,000","2,434,000,000","2,334,000,000","1,981,000,000","2,149,000,000","2,133,000,000","2,070,000,000","1,775,000,000","1,974,000,000","2,100,000,000","1,966,000,000","1,959,000,000","1,998,000,000","1,965,000,000","1,857,000,000","1,500,000,000","1,896,000,000","1,851,000,000","1,637,000,000","1,606,000,000","1,730,000,000","1,657,000,000","1,594,000,000","645,000,000","1,548,000,000","1,540,000,000","1,450,000,000","-333,000,000","1,202,000,000","1,410,000,000","1,309,000,000","1,246,000,000","983,000,000","988,000,000","900,000,000","1,308,000,000","1,126,000,000","1,050,000,000","914,000,000","1,249,000,000","129,000,000","1,287,000,000","1,204,000,000","1,297,000,000","1,152,000,000","1,133,000,000","1,008,000,000","1,101,000,000","963,000,000","987,000,000","800,000,000","899,000,000","778,000,000","788,000,000","649,000,000","896,000,000","573,000,000","228,000,000","544,000,000","756,000,000","679,000,000","566,000,000","595,000,000","2,992,000,000","801,000,000","884,000,000","501,000,000","430,000,000","-160,000,000","386,000,000","438,000,000","772,000,000","783,000,000","1,027,000,000","1,088,000,000","1,015,000,000","643,000,000","229,000,000","635,000,000","666,000,000","666,000,000","663,000,000","593,000,000","390,000,000","560,000,000","569,000,000","473,000,000","549,000,000","495,000,000","-132,000,000","533,000,000","458,000,000","486,000,000","508,000,000","485,000,000","453,000,000","421,000,000","446,000,000","418,000,000","286,000,000","338,000,000","376,000,000","401,000,000","-487,000,000","320,000,000","322,000,000","282,000,000","272,000,000","-527,000,000","158,000,000","152,000,000","193,000,000","247,000,000","298,000,000","302,000,000","320,000,000","307,000,000","3,115,000,000","2,942,000,000","-8,199,000,000","2,864,000,000","3,096,000,000","2,942,000,000","-7,412,000,000","2,679,000,000","2,846,000,000","2,637,000,000","-7,707,000,000","2,907,000,000","2,943,000,000","2,909,000,000","-5,605,000,000","1,631,000,000"
TaxRateForCalcs,"0.225","0.196","0.251","0.231","0.222","0.194","0.32","0.098","0.17","0.101","0.162","0.215","0.22","0.27","0.27","0.36","0.24","0.4","0.234","0.213","0.227","0.27","0.235","0.265","0.265","0.272","0.252","0.265","0.267","0.252","0.246","0.261","0.266","0.33","0.272","0.231","0.231","0.167","0.227","0.26","0.265","0.35","0.232","0.276","0.274","0.286","0.295","0.265","0.289","0.297","0.224","0.265","0.265","0.221","0.305","0.265","0.265","0.265","0.262","0.264","0.265","0.251","0.263","0.264","0.25","0.296","0.261","0.4","0.261","0.049","0.235","0.31","0.272","0.4","0.241","0.286","0.265","0.375","0.264","0.4","0.287","0.4","0.382","0.4","0.4","0.298","0.332","0.295","0.315","0.299","0.328","0.317","0.315","0.315","0.315","0.315","0.315","0.281","0.323","0.334","0.336","0.32","0.336","0.372","0.342","0.199","0.326","0.342","0.347","0.307","0.315","0.322","0.324","0.319","0.226","0.283","0.284","0.082","0.263","0.289","0.27","0.179","0.289","0.399","0.222","0.018","0.18","0.305","0.325","0.286","0.316",,,,,,,,,,,,,,,,
TaxEffectOfUnusualItems,"-18,675,000","978,806.47","-39,937,058.824","-3,230,196.704","18,863,514.24","9,484,795.322","320,000","294,000","2,040,000","2,114,253.394","6,966,000","9,460,000","2,420,000","-13,770,000","-27,270,000","-18,720,000","-12,960,000","0","0","0","0","0","0","0","0","0","0","0","0","28,257,668.712","-2,952,000","-3,915,000","24,206,000","54,464,906.185","-5,712,000","-231,000","-462,000","-1,166,666.667","-2,271,241.83","-1,300,081.766","-2,382,352.941","7,000,000","1,622,620.381","6,080,000","1,916,923.077","15,445,037.353","17,407,092.199","-1,858,024.691","-2,025,316.456","17,210,682.493","5,383,458.647","-17,501,597.444","-5,303,867.403","-6,419,603.524","185,222,437.137","795,731.707","-5,037,714.286","-6,105,543.71","0","0","-1,592,178.771","-17,567,221.511","8,151,226.158","4,225,988.701","6,761,739.13","7,699,724.518","5,482,935.154","-6,000,000","8,362,139.918","-11,680,451.128","12,901,234.568","77,747,609.943","11,407,407.407","-55,600,000","-481,236.203","15,749,440.716","796,246.649","-971,112,057.946","1,057,142.857","-64,000,000","40,400,379.507","-10,800,000","0","5,600,000","1,600,000","-10,740,331.492","11,611,374.408","33,908,571.429","3,152,909.337","-2,988,313.856","33,080,139.373","87,921,501.706","4,723,926.38","-2,521,400.778","-2,516,666.667","0","-315,068.493","53,759,725.4","4,515,081.206","4,676,855.895","11,420,512.821","-15,355,163.728","8,734,908.136","255,815,242.494","0","-8,769,759.45","-978,260.87","342,028.986","-6,584,158.416","-2,152,027.027","-945,652.174","-965,397.924","-4,212,000","21,661,290.323","5,193,548.387","6,219,409.283","-8,225,961.538","33,328,358.209","6,842,105.263","9,544,117.647","11,344,827.586","4,821,428.571","-7,213,438.735","36,277,027.027","14,444,444.444","899,082.569","5,929,687.5","9,442,528.736","12,010,471.204","2,285,714.286","9,175,141.243",,,,,,,,,,,,,,,,