name,ttm,01/31/2022,10/31/2021,07/31/2021,04/30/2021,01/31/2021,10/31/2020,07/31/2020,04/30/2020,01/31/2020,10/31/2019,07/31/2019,04/30/2019,01/31/2019,10/31/2018,07/31/2018,04/30/2018,01/31/2018,10/31/2017,07/31/2017,04/30/2017,01/31/2017,10/31/2016,07/31/2016,04/30/2016,01/31/2016,10/31/2015,07/31/2015,04/30/2015,01/31/2015,10/31/2014,07/31/2014,04/30/2014,01/31/2014,10/31/2013,07/31/2013,04/30/2013,01/31/2013,10/31/2012,07/31/2012,04/30/2012,01/31/2012,10/31/2011,07/31/2011,04/30/2011,01/31/2011,10/31/2010,07/31/2010,04/30/2010,01/31/2010,10/31/2009,07/31/2009,04/30/2009,01/31/2009,10/31/2008,07/31/2008,04/30/2008,01/31/2008,10/31/2007,07/31/2007,04/30/2007,01/31/2007,10/31/2006,07/31/2006,04/30/2006,01/31/2006,10/31/2005,07/31/2005,04/30/2005,01/31/2005,10/31/2004,07/31/2004,04/30/2004,01/31/2004,10/31/2003,07/31/2003,04/30/2003,01/31/2003,10/31/2002,07/31/2002,04/30/2002,01/31/2002,10/31/2001,07/31/2001,04/30/2001,01/31/2001,10/31/2000,07/31/2000,04/30/2000,01/31/2000,10/31/1999,07/31/1999,04/30/1999,01/31/1999,10/31/1998,07/31/1998,04/30/1998,01/31/1998,10/31/1997,07/31/1997,04/30/1997,01/31/1997,10/31/1996,07/31/1996,04/30/1996,01/31/1996,10/31/1995,07/31/1995,04/30/1995,01/31/1995,10/31/1994,07/31/1994,04/30/1994,01/31/1994,10/31/1993,07/31/1993,04/30/1993,01/31/1993,10/31/1992,07/31/1992,04/30/1992,01/31/1992,10/31/1991,07/31/1991,04/30/1991,01/31/1991,10/31/1990,07/31/1990,04/30/1990,01/31/1990,10/31/1989,07/31/1989,04/30/1989,01/31/1989,10/31/1988,07/31/1988,04/30/1988,01/31/1988,10/31/1987,07/31/1987,04/30/1987,01/31/1987,10/31/1986,07/31/1986,04/30/1986,01/31/1986,10/31/1985
TotalRevenue,"64,869,000,000","17,028,000,000","16,675,000,000","15,289,000,000","15,877,000,000","15,646,000,000","15,258,000,000","14,294,000,000","12,469,000,000","14,618,000,000","15,407,000,000","14,603,000,000","14,036,000,000","14,710,000,000","15,366,000,000","14,586,000,000","14,003,000,000","14,517,000,000","13,927,000,000","13,060,000,000","12,385,000,000","12,684,000,000","12,512,000,000","11,892,000,000","11,588,000,000","12,246,000,000","25,714,000,000","25,349,000,000","25,453,000,000","26,839,000,000","28,406,000,000","27,585,000,000","27,309,000,000","28,154,000,000","29,131,000,000","27,226,000,000","27,582,000,000","28,359,000,000","29,959,000,000","29,669,000,000","30,693,000,000","30,036,000,000","32,122,000,000","31,189,000,000","31,632,000,000","32,302,000,000","33,278,000,000","30,729,000,000","30,849,000,000","31,177,000,000","30,950,000,000","27,451,000,000","27,351,000,000","28,800,000,000","33,603,000,000","28,032,000,000","28,262,000,000","28,467,000,000","28,293,000,000","25,377,000,000","25,534,000,000","25,082,000,000","24,555,000,000","21,890,000,000","22,554,000,000","22,659,000,000","22,913,000,000","20,759,000,000","21,570,000,000","21,454,000,000","21,389,000,000","18,889,000,000","20,113,000,000","19,514,000,000","19,853,000,000","17,348,000,000","17,983,000,000","17,877,000,000","18,049,000,000","16,536,000,000","10,621,000,000","11,383,000,000","11,524,000,000","10,147,000,000","11,607,000,000","11,948,000,000","13,263,000,000","11,818,000,000","12,028,000,000","11,673,000,000","11,362,000,000","10,318,000,000","12,419,000,000","11,937,000,000","12,226,000,000","10,979,000,000","12,040,000,000","11,816,000,000","11,789,000,000","10,471,000,000","10,340,000,000","10,295,000,000","10,147,000,000","9,105,000,000","9,880,000,000","9,288,000,000","9,048,000,000","7,739,000,000","7,428,000,000","7,304,000,000","7,002,000,000","6,053,000,000","6,254,000,000","5,682,000,000","5,687,000,000","4,961,000,000","5,096,000,000","4,573,000,000","4,324,000,000","4,040,000,000","4,183,000,000","3,863,000,000","3,832,000,000","3,524,000,000","3,730,000,000","3,408,000,000","3,580,000,000","3,242,000,000","3,308,000,000","3,103,000,000","3,377,000,000","3,001,000,000","2,864,000,000","2,657,000,000","2,709,000,000","2,434,000,000","2,496,000,000","2,192,000,000","2,279,000,000","2,054,000,000","2,017,000,000","1,740,000,000","1,933,000,000","1,794,000,000","1,778,000,000","1,597,000,000","1,685,000,000"
	OperatingRevenue,"64,869,000,000","17,028,000,000","16,675,000,000","15,289,000,000","15,877,000,000","15,646,000,000","15,258,000,000","14,294,000,000","12,469,000,000","14,618,000,000","15,407,000,000","14,603,000,000","14,036,000,000","14,710,000,000","15,366,000,000","14,586,000,000","14,003,000,000","14,517,000,000","13,927,000,000","13,060,000,000","12,385,000,000","12,684,000,000","12,512,000,000","11,892,000,000","11,588,000,000","12,246,000,000","25,626,000,000","25,260,000,000","25,364,000,000","26,744,000,000","28,311,000,000","27,485,000,000","27,206,000,000","28,051,000,000","29,026,000,000","27,116,000,000","27,468,000,000","28,241,000,000","29,497,000,000","29,669,000,000","30,693,000,000","30,036,000,000","32,122,000,000","31,189,000,000","31,632,000,000","32,302,000,000","33,278,000,000","30,729,000,000","30,849,000,000","31,177,000,000","30,950,000,000","27,451,000,000","27,351,000,000","28,800,000,000","33,603,000,000","28,032,000,000","28,262,000,000","28,467,000,000","28,293,000,000","25,377,000,000","25,534,000,000","25,082,000,000","24,555,000,000","21,890,000,000","22,554,000,000","22,659,000,000","22,913,000,000","20,759,000,000","21,570,000,000","21,454,000,000","21,389,000,000","18,889,000,000","20,113,000,000","19,514,000,000","19,853,000,000","17,348,000,000","17,983,000,000","17,877,000,000","18,049,000,000","16,536,000,000","10,621,000,000","11,383,000,000","11,524,000,000","10,147,000,000","11,607,000,000","11,948,000,000","13,263,000,000","11,818,000,000","12,028,000,000","11,673,000,000","11,362,000,000","10,318,000,000","12,419,000,000","11,937,000,000","12,226,000,000","10,979,000,000","12,040,000,000","11,816,000,000","11,789,000,000","10,471,000,000","10,340,000,000","10,295,000,000","10,147,000,000","9,105,000,000","9,880,000,000","9,288,000,000","9,048,000,000","7,739,000,000","7,428,000,000","7,304,000,000","7,002,000,000","6,053,000,000","6,254,000,000","5,682,000,000","5,687,000,000","4,961,000,000","5,096,000,000","4,573,000,000","4,324,000,000","4,040,000,000","4,183,000,000","3,863,000,000","3,832,000,000","3,524,000,000","3,730,000,000","3,408,000,000","3,580,000,000","3,242,000,000","3,308,000,000","3,103,000,000","3,377,000,000","3,001,000,000","2,864,000,000","2,657,000,000","2,709,000,000","2,434,000,000","2,496,000,000","2,192,000,000","2,279,000,000","2,054,000,000","2,017,000,000","1,740,000,000","1,933,000,000","1,794,000,000","1,778,000,000","1,597,000,000","1,685,000,000"
CostOfRevenue,"51,391,000,000","13,643,000,000","13,410,000,000","11,901,000,000","12,437,000,000","12,322,000,000","12,579,000,000","11,901,000,000","9,976,000,000","11,746,000,000","12,483,000,000","11,698,000,000","11,307,000,000","12,098,000,000","12,669,000,000","11,898,000,000","11,301,000,000","11,935,000,000","11,407,000,000","10,633,000,000","10,002,000,000","10,436,000,000","10,221,000,000","9,720,000,000","9,338,000,000","9,961,000,000","19,363,000,000","19,317,000,000","19,345,000,000","20,571,000,000","21,425,000,000","20,974,000,000","20,704,000,000","21,736,000,000","22,437,000,000","20,859,000,000","21,055,000,000","22,029,000,000","22,711,000,000","22,820,000,000","23,541,000,000","23,313,000,000","25,561,000,000","23,849,000,000","23,860,000,000","24,408,000,000","25,024,000,000","23,402,000,000","23,601,000,000","24,062,000,000","23,600,000,000","20,936,000,000","20,919,000,000","22,069,000,000","25,441,000,000","21,253,000,000","21,261,000,000","21,499,000,000","21,304,000,000","19,164,000,000","19,283,000,000","19,136,000,000","18,593,000,000","16,472,000,000","16,970,000,000","17,392,000,000","17,532,000,000","15,942,000,000","16,429,000,000","16,537,000,000","16,288,000,000","14,443,000,000","15,045,000,000","14,564,000,000","14,804,000,000","12,809,000,000","13,103,000,000","13,141,000,000","13,260,000,000","12,419,000,000","7,583,000,000","8,330,000,000","8,584,000,000","7,520,000,000","8,667,000,000","8,703,000,000","9,612,000,000","8,308,000,000","8,595,000,000","8,349,000,000","8,102,000,000","7,251,000,000","8,327,000,000","7,984,000,000","8,506,000,000","7,505,000,000","8,224,000,000","7,837,000,000","7,829,000,000","7,053,000,000","6,743,000,000","6,694,000,000","6,819,000,000","6,194,000,000","6,498,000,000","5,988,000,000","5,906,000,000","4,907,000,000","4,654,000,000","4,547,000,000","4,356,000,000","3,774,000,000","3,890,000,000","3,470,000,000","64,000,000","2,744,000,000","2,798,000,000","2,477,000,000","2,374,000,000","2,130,000,000","2,076,000,000","1,905,000,000","1,964,000,000","1,750,000,000","1,834,000,000","1,686,000,000","1,765,000,000","1,565,000,000","1,605,000,000","1,492,000,000",,,,,,,,,,,,,,,,,
GrossProfit,"13,478,000,000","3,385,000,000","3,265,000,000","3,388,000,000","3,440,000,000","3,324,000,000","2,679,000,000","2,393,000,000","2,493,000,000","2,872,000,000","2,924,000,000","2,905,000,000","2,729,000,000","2,612,000,000","2,697,000,000","2,688,000,000","2,702,000,000","2,582,000,000","2,520,000,000","2,427,000,000","2,383,000,000","2,248,000,000","2,291,000,000","2,172,000,000","2,250,000,000","2,285,000,000","6,351,000,000","6,032,000,000","6,108,000,000","6,268,000,000","6,981,000,000","6,611,000,000","6,605,000,000","6,418,000,000","6,694,000,000","6,367,000,000","6,527,000,000","6,330,000,000","7,248,000,000","6,849,000,000","7,152,000,000","6,723,000,000","6,561,000,000","7,340,000,000","7,772,000,000","7,894,000,000","8,254,000,000","7,327,000,000","7,248,000,000","7,115,000,000","7,350,000,000","6,515,000,000","6,432,000,000","6,731,000,000","8,162,000,000","6,779,000,000","7,001,000,000","6,968,000,000","6,989,000,000","6,213,000,000","6,251,000,000","5,946,000,000","5,962,000,000","5,418,000,000","5,584,000,000","5,267,000,000","5,381,000,000","4,817,000,000","5,141,000,000","4,917,000,000","5,101,000,000","4,446,000,000","5,068,000,000","4,950,000,000","5,049,000,000","4,539,000,000","4,880,000,000","4,736,000,000","4,789,000,000","4,117,000,000","3,038,000,000","3,053,000,000","2,940,000,000","2,627,000,000","2,940,000,000","3,245,000,000","3,651,000,000","3,510,000,000","3,433,000,000","3,324,000,000","3,260,000,000","3,067,000,000","4,092,000,000","3,953,000,000","3,720,000,000","3,474,000,000","3,816,000,000","3,979,000,000","3,960,000,000","3,418,000,000","3,597,000,000","3,601,000,000","3,328,000,000","2,911,000,000","3,382,000,000","3,300,000,000","3,142,000,000","2,832,000,000","2,774,000,000","2,757,000,000","2,646,000,000","2,279,000,000","2,364,000,000","2,212,000,000","5,623,000,000","2,217,000,000","2,298,000,000","2,096,000,000","1,950,000,000","1,910,000,000","2,107,000,000","1,958,000,000","1,868,000,000","1,774,000,000","1,896,000,000","1,722,000,000","1,815,000,000","1,677,000,000","1,703,000,000","1,611,000,000",,,,,,,,,,,,,,,,,
OperatingExpense,"7,827,000,000","1,938,000,000","1,933,000,000","1,927,000,000","2,029,000,000","1,876,000,000","1,867,000,000","1,545,000,000","1,582,000,000","1,716,000,000","2,240,000,000","2,602,000,000","1,716,000,000","1,621,000,000","1,563,000,000","1,597,000,000","2,307,000,000","1,536,000,000","1,420,000,000","1,385,000,000","1,402,000,000","1,313,000,000","1,400,000,000","1,019,000,000","1,309,000,000","1,337,000,000","4,269,000,000","4,097,000,000","4,134,000,000","4,118,000,000","4,466,000,000","4,502,000,000","4,528,000,000","4,304,000,000","4,397,000,000","4,427,000,000","4,507,000,000","4,444,000,000","4,508,000,000","4,696,000,000","4,860,000,000","4,619,000,000","4,817,000,000","4,572,000,000","4,625,000,000","4,313,000,000","4,673,000,000","4,279,000,000","4,133,000,000","3,943,000,000","4,070,000,000","3,920,000,000","3,976,000,000","4,037,000,000","5,097,000,000","4,245,000,000","4,394,000,000","4,345,000,000","4,373,000,000","4,102,000,000","3,651,000,000","3,977,000,000","3,909,000,000","3,903,000,000","3,939,000,000","3,710,000,000","3,582,000,000","3,792,000,000","3,974,000,000","3,749,000,000","3,775,000,000","3,746,000,000","3,874,000,000","3,738,000,000","3,757,000,000","3,822,000,000","3,877,000,000","3,771,000,000","4,069,000,000","3,868,000,000","2,466,000,000","2,428,000,000","2,223,000,000","2,482,000,000","2,616,000,000","2,608,000,000","2,696,000,000","2,418,000,000","2,543,000,000","2,372,000,000","2,351,000,000","2,280,000,000","2,983,000,000","2,754,000,000","2,829,000,000","2,700,000,000","2,944,000,000","2,675,000,000","2,829,000,000","2,593,000,000","2,495,000,000","2,320,000,000","2,449,000,000","2,300,000,000","2,341,000,000","2,105,000,000","2,205,000,000","2,008,000,000","1,899,000,000","1,825,000,000","1,876,000,000","1,736,000,000","1,726,000,000","1,614,000,000","5,146,000,000","1,790,000,000","1,744,000,000","1,675,000,000","1,812,000,000","1,605,000,000","1,621,000,000","1,483,000,000","1,633,000,000","1,471,000,000","1,529,000,000","1,417,000,000","1,497,000,000","1,401,000,000","1,409,000,000","1,337,000,000",,,,,,,,,,,,,,,,,
	SellingGeneralAndAdministration,"5,796,000,000","1,468,000,000","1,437,000,000","1,408,000,000","1,483,000,000","1,376,000,000","1,458,000,000","1,156,000,000","1,216,000,000","1,290,000,000","1,405,000,000","1,376,000,000","1,339,000,000","1,248,000,000","1,203,000,000","1,227,000,000","1,260,000,000","1,169,000,000","1,176,000,000","1,096,000,000","1,087,000,000","1,017,000,000","1,082,000,000","719,000,000","1,002,000,000","1,037,000,000","3,089,000,000","2,962,000,000","3,063,000,000","3,071,000,000","3,364,000,000","3,388,000,000","3,391,000,000","3,210,000,000","3,351,000,000","3,274,000,000","3,342,000,000","3,300,000,000","3,227,000,000","3,366,000,000","3,540,000,000","3,367,000,000","3,577,000,000","3,402,000,000","3,397,000,000","3,090,000,000","3,435,000,000","3,154,000,000","3,064,000,000","2,932,000,000","2,966,000,000","2,874,000,000","2,880,000,000","2,893,000,000","3,451,000,000","3,137,000,000","3,275,000,000","3,241,000,000","3,272,000,000","3,002,000,000","3,044,000,000","2,899,000,000","2,886,000,000","2,830,000,000","2,858,000,000","2,692,000,000","2,786,000,000","2,761,000,000","2,933,000,000","2,704,000,000","2,751,000,000","2,738,000,000","2,816,000,000","2,719,000,000","2,707,000,000","2,785,000,000","2,795,000,000","2,725,000,000","2,951,000,000","2,738,000,000","1,724,000,000","1,750,000,000","1,573,000,000","1,820,000,000","1,931,000,000","1,935,000,000","1,991,000,000","1,755,000,000","1,872,000,000","1,765,000,000","1,739,000,000","1,661,000,000","2,110,000,000","1,955,000,000","1,972,000,000","1,885,000,000","2,064,000,000","1,872,000,000","1,971,000,000","1,816,000,000","1,751,000,000","1,621,000,000","1,742,000,000","1,592,000,000","1,650,000,000","1,493,000,000","1,581,000,000","1,421,000,000","1,343,000,000","1,290,000,000","1,334,000,000","1,219,000,000","1,224,000,000","1,148,000,000","4,910,000,000","1,566,000,000","1,545,000,000","1,488,000,000","1,623,000,000","1,432,000,000","1,458,000,000","1,335,000,000","1,469,000,000","1,310,000,000","1,365,000,000","1,282,000,000","1,342,000,000","1,258,000,000","1,276,000,000","1,202,000,000",,,,,,,,,,,,,,,,,
		GeneralAndAdministrativeExpense,,,,,,,,,,,,,,,,,,"1,168,000,000","1,176,000,000","1,096,000,000","1,087,000,000","1,017,000,000","1,082,000,000","719,000,000",,"1,037,000,000","3,089,000,000","2,962,000,000",,,,,,,,,,,,,,,,,,,,,,,,,,,,,,,,,,,,,,,,,,,,,,,,,,,,,,,,,,,,,,,,,,,,,,,,,,,,,,,,,,,,,,,,,,,,,,,,,,,,,,,,,,,,,,,,,,,,,,,
			OtherGandA,,,,,,,,,,,,,,,,,,"1,168,000,000","1,176,000,000","1,096,000,000","1,087,000,000","1,017,000,000","1,082,000,000","719,000,000",,"1,037,000,000","3,089,000,000","2,962,000,000",,,,,,,,,,,,,,,,,,,,,,,,,,,,,,,,,,,,,,,,,,,,,,,,,,,,,,,,,,,,,,,,,,,,,,,,,,,,,,,,,,,,,,,,,,,,,,,,,,,,,,,,,,,,,,,,,,,,,,,
	ResearchAndDevelopment,"1,854,000,000","418,000,000","445,000,000","477,000,000","514,000,000","471,000,000","381,000,000","359,000,000","338,000,000","400,000,000","389,000,000","413,000,000","353,000,000","344,000,000","354,000,000","347,000,000","356,000,000","347,000,000","291,000,000","289,000,000","314,000,000","296,000,000","318,000,000","298,000,000","301,000,000","292,000,000","934,000,000","893,000,000","850,000,000","825,000,000","876,000,000","887,000,000","873,000,000","811,000,000","729,000,000","797,000,000","815,000,000","794,000,000","909,000,000","854,000,000","850,000,000","786,000,000","829,000,000","812,000,000","815,000,000","798,000,000","814,000,000","742,000,000","722,000,000","681,000,000","704,000,000","667,000,000","716,000,000","732,000,000","842,000,000","895,000,000","908,000,000","898,000,000","914,000,000","917,000,000","903,000,000","877,000,000","870,000,000","920,000,000","930,000,000","871,000,000","859,000,000","863,000,000","890,000,000","878,000,000","859,000,000","862,000,000","910,000,000","875,000,000","907,000,000","896,000,000","941,000,000","908,000,000","967,000,000","983,000,000","742,000,000","678,000,000","650,000,000","662,000,000","685,000,000","673,000,000","705,000,000","663,000,000","671,000,000","607,000,000","612,000,000","619,000,000","873,000,000","799,000,000","857,000,000","815,000,000","880,000,000","803,000,000","858,000,000","777,000,000","744,000,000","699,000,000","707,000,000","708,000,000","691,000,000","612,000,000","624,000,000","587,000,000","556,000,000","535,000,000","542,000,000","517,000,000","502,000,000","466,000,000",,,,,,,,,,,,,,,,,,,,,,,,,,,,,,,,,
	DepreciationAmortizationDepletionIncomeStatement,"177,000,000","52,000,000","51,000,000","42,000,000","32,000,000","29,000,000","29,000,000","29,000,000","29,000,000","26,000,000","29,000,000","29,000,000","29,000,000","29,000,000","20,000,000","20,000,000","20,000,000","20,000,000","0","0","1,000,000","0","0","2,000,000","6,000,000","8,000,000","246,000,000","242,000,000","221,000,000","222,000,000","226,000,000","227,000,000","264,000,000","283,000,000","317,000,000","356,000,000","350,000,000","350,000,000","372,000,000","476,000,000","470,000,000","466,000,000","411,000,000","358,000,000","413,000,000","425,000,000","424,000,000","383,000,000","347,000,000","330,000,000","400,000,000","379,000,000","380,000,000","412,000,000","337,000,000","213,000,000","211,000,000","206,000,000","187,000,000","183,000,000","212,000,000","201,000,000","153,000,000","153,000,000","151,000,000","147,000,000","136,000,000","168,000,000","151,000,000","167,000,000","165,000,000","146,000,000","148,000,000","144,000,000","143,000,000","141,000,000","141,000,000","138,000,000","151,000,000","147,000,000",,,,,,,,,,,,,,,,,,,,,,,,,,,,,,,,,,,"236,000,000","224,000,000","199,000,000","187,000,000","189,000,000","173,000,000","163,000,000","148,000,000","164,000,000","161,000,000","164,000,000","135,000,000","155,000,000","143,000,000","133,000,000","135,000,000",,,,,,,,,,,,,,,,,
		DepreciationAndAmortizationInIncomeStatement,"177,000,000","52,000,000","51,000,000","42,000,000","32,000,000","29,000,000","29,000,000","29,000,000","29,000,000","26,000,000","29,000,000","29,000,000","29,000,000","29,000,000","20,000,000","20,000,000","20,000,000","20,000,000","0","0","1,000,000","0","0","2,000,000","6,000,000","8,000,000","246,000,000","242,000,000","221,000,000","222,000,000","226,000,000","227,000,000","264,000,000","283,000,000","317,000,000","356,000,000","350,000,000","350,000,000","372,000,000","476,000,000","470,000,000","466,000,000","411,000,000","358,000,000","413,000,000","425,000,000","424,000,000","383,000,000","347,000,000","330,000,000","400,000,000","379,000,000","380,000,000","412,000,000","337,000,000","213,000,000","211,000,000","206,000,000","187,000,000","183,000,000","212,000,000","201,000,000","153,000,000","153,000,000","151,000,000","147,000,000","136,000,000","168,000,000","151,000,000","167,000,000","165,000,000","146,000,000","148,000,000","144,000,000","143,000,000","141,000,000","141,000,000","138,000,000","151,000,000","147,000,000",,,,,,,,,,,,,,,,,,,,,,,,,,,,,,,,,,,"236,000,000","224,000,000","199,000,000","187,000,000","189,000,000","173,000,000","163,000,000","148,000,000","164,000,000","161,000,000","164,000,000","135,000,000","155,000,000","143,000,000","133,000,000","135,000,000",,,,,,,,,,,,,,,,,
			Amortization,"177,000,000","52,000,000","51,000,000","42,000,000","32,000,000","29,000,000","29,000,000","29,000,000","29,000,000","26,000,000","29,000,000","29,000,000","29,000,000","29,000,000","20,000,000","20,000,000","20,000,000","20,000,000","0","0","1,000,000","0","0","2,000,000","6,000,000","8,000,000","246,000,000","242,000,000","221,000,000","222,000,000","226,000,000","227,000,000","264,000,000","283,000,000","317,000,000","356,000,000","350,000,000","350,000,000","372,000,000","476,000,000","470,000,000","466,000,000","411,000,000","358,000,000","413,000,000","425,000,000","424,000,000","383,000,000","347,000,000","330,000,000","400,000,000","379,000,000","380,000,000","412,000,000","337,000,000","213,000,000","211,000,000","206,000,000","187,000,000","183,000,000","212,000,000","201,000,000","153,000,000","153,000,000","151,000,000","147,000,000","136,000,000","168,000,000","151,000,000","167,000,000","165,000,000","146,000,000","148,000,000","144,000,000","143,000,000","141,000,000","141,000,000","138,000,000","151,000,000","147,000,000",,,,,,,,,,,,,,,,,,,,,,,,,,,,,,,,,,,,,,,,,,,,,,,,,,,,,,,,,,,,,,,,,,,
				AmortizationOfIntangiblesIncomeStatement,"177,000,000","52,000,000","51,000,000","42,000,000","32,000,000","29,000,000","29,000,000","29,000,000","29,000,000","26,000,000","29,000,000","29,000,000","29,000,000","29,000,000","20,000,000","20,000,000","20,000,000","20,000,000","0","0","1,000,000","0","0","2,000,000","6,000,000","8,000,000","246,000,000","242,000,000","221,000,000","222,000,000","226,000,000","227,000,000","264,000,000","283,000,000","317,000,000","356,000,000","350,000,000","350,000,000","372,000,000","476,000,000","470,000,000","466,000,000","411,000,000","358,000,000","413,000,000","425,000,000","424,000,000","383,000,000","347,000,000","330,000,000","400,000,000","379,000,000","380,000,000","412,000,000","337,000,000","213,000,000","211,000,000","206,000,000","187,000,000","183,000,000","212,000,000","201,000,000","153,000,000","153,000,000","151,000,000","147,000,000","136,000,000","168,000,000","151,000,000","167,000,000","165,000,000","146,000,000","148,000,000","144,000,000","143,000,000","141,000,000","141,000,000","138,000,000","151,000,000","147,000,000",,,,,,,,,,,,,,,,,,,,,,,,,,,,,,,,,,,,,,,,,,,,,,,,,,,,,,,,,,,,,,,,,,,
	OtherTaxes,,,,,,,"-1,000,000","1,000,000","-1,000,000",,"417,000,000","784,000,000","-5,000,000",,"-14,000,000","3,000,000","671,000,000",,,,,,,,,,,,,,,,,,,,,,,,,,,,,,,,,,,,,,,,,,,,,,,,,,,,,,,,,,,,,,,,,,,,,,,,,,,,,,,,,,,,,,,,,,,,,,,,,,,,,,,,,,,,,,,,,,,,,,,,,,,,,,,,,,
	OtherOperatingExpenses,,,,,,,,,,,,,,,,,,,,,,,,,,,,,,,,,,,,,,,,,,,,,,,,,,,,,,,,,,,"0",,"-508,000,000",,,,,,,,,,,,,,,,,,,,,,,,,,,,,,,,,,,,,,,,,,,,,,,,,,,,,,,,,,,,,,,,,,,,,,,,,,,,,,,,,,,,,,
OperatingIncome,"5,651,000,000","1,447,000,000","1,332,000,000","1,461,000,000","1,411,000,000","1,448,000,000","812,000,000","848,000,000","911,000,000","1,156,000,000","684,000,000","303,000,000","1,013,000,000","991,000,000","1,134,000,000","1,091,000,000","395,000,000","1,046,000,000","1,100,000,000","1,042,000,000","981,000,000","935,000,000","891,000,000","1,153,000,000","941,000,000","948,000,000","2,082,000,000","1,935,000,000","1,974,000,000","2,150,000,000","2,515,000,000","2,109,000,000","2,077,000,000","2,114,000,000","2,297,000,000","1,940,000,000","2,020,000,000","1,886,000,000","2,740,000,000","2,153,000,000","2,292,000,000","2,104,000,000","1,744,000,000","2,768,000,000","3,147,000,000","3,581,000,000","3,581,000,000","3,048,000,000","3,115,000,000","3,172,000,000","3,280,000,000","2,595,000,000","2,456,000,000","2,694,000,000","3,065,000,000","2,534,000,000","2,607,000,000","2,623,000,000","2,616,000,000","2,111,000,000","2,600,000,000","1,969,000,000","2,053,000,000","1,515,000,000","1,645,000,000","1,557,000,000","1,799,000,000","1,025,000,000","1,167,000,000","1,168,000,000","1,326,000,000","700,000,000","1,194,000,000","1,212,000,000","1,292,000,000","717,000,000","1,003,000,000","965,000,000","720,000,000","249,000,000","572,000,000","625,000,000","717,000,000","145,000,000","324,000,000","637,000,000","955,000,000","1,092,000,000","890,000,000","952,000,000","909,000,000","787,000,000","1,109,000,000","1,199,000,000","891,000,000","774,000,000","872,000,000","1,304,000,000","1,131,000,000","825,000,000","1,102,000,000","1,281,000,000","879,000,000","611,000,000","1,041,000,000","1,195,000,000","937,000,000","824,000,000","875,000,000","932,000,000","770,000,000","543,000,000","638,000,000","598,000,000","477,000,000","427,000,000","554,000,000","421,000,000","138,000,000","305,000,000","486,000,000","475,000,000","235,000,000","303,000,000","367,000,000","305,000,000","318,000,000","276,000,000","294,000,000","274,000,000","-7,310,000,000","3,001,000,000","2,864,000,000","2,657,000,000","-5,980,000,000","2,434,000,000","2,496,000,000","2,192,000,000","-4,849,000,000","2,054,000,000","2,017,000,000","1,740,000,000","-4,389,000,000","1,794,000,000","1,778,000,000","1,597,000,000","-4,062,000,000"
NetNonOperatingInterestIncomeExpense,"-252,000,000","-61,000,000","-61,000,000","-68,000,000","-64,000,000","-63,000,000","-63,000,000","-55,000,000","-64,000,000","-58,000,000","-60,000,000","-57,000,000","-61,000,000","-64,000,000","-71,000,000","-66,000,000","-88,000,000","-87,000,000","-108,000,000","-56,000,000","-64,000,000","-81,000,000","347,000,000","-36,000,000","-5,000,000","-94,000,000","-318,000,000","-108,000,000","-139,000,000","-174,000,000","-146,000,000","-145,000,000","-174,000,000","-163,000,000","-103,000,000","-146,000,000","-193,000,000","-179,000,000","-188,000,000","-224,000,000","-243,000,000","-221,000,000","-172,000,000","-201,000,000","-76,000,000","-97,000,000","-81,000,000","-134,000,000","-91,000,000","-199,000,000","-230,000,000","-177,000,000","-180,000,000",,,,,,,,,,,,,,,,,,,,,,,,,,,,,,,,,,,,,,,,,,,,,,,,,,,,,,,,,,,,,,,,,,,,,,,,,,,,,,,,,,,,,,,,,,,,,,
	InterestExpenseNonOperating,"252,000,000","61,000,000","61,000,000","68,000,000","64,000,000","63,000,000","63,000,000","55,000,000","64,000,000","58,000,000","60,000,000","57,000,000","61,000,000","64,000,000","71,000,000","66,000,000","88,000,000","87,000,000",,,,,,,,,,,,,,,,,,,,,,"224,000,000","243,000,000","221,000,000",,"201,000,000","76,000,000","97,000,000","81,000,000","134,000,000",,"199,000,000",,,,,,,,,,,,,,,,,,,,,,,,,,,,,,,,,,,,,,,,,,,,,,,,,,,,,,,,,,,,,,,,,,,,,,,,,,,,,,,,,,,,,,,,,,,,,,,,,
	TotalOtherFinanceCost,,"32,000,000","-2,315,000,000","55,000,000","26,000,000","25,000,000","216,000,000",,,"-13,000,000","452,000,000","831,000,000","45,000,000","26,000,000","40,000,000",,"881,000,000","68,000,000","42,000,000","56,000,000","64,000,000","81,000,000","-347,000,000","36,000,000","5,000,000","94,000,000","318,000,000","108,000,000","139,000,000","174,000,000","146,000,000","145,000,000","174,000,000","163,000,000","103,000,000","146,000,000","193,000,000","179,000,000","188,000,000","224,000,000",,"221,000,000",,"121,000,000",,"97,000,000",,,"91,000,000",,"230,000,000","177,000,000","180,000,000",,,,,,,,,,,,,,,,,,,,,,,,,,,,,,,,,,,,,,,,,,,,,,,,,,,,,,,,,,,,,,,,,,,,,,,,,,,,,,,,,,,,,,,,,,,,,,
OtherIncomeExpense,"2,143,000,000","-59,000,000","2,282,000,000","-67,000,000","-11,000,000","-89,000,000","27,000,000","-42,000,000","-21,000,000","-220,000,000","-132,000,000","2,000,000","-69,000,000","-27,000,000","-56,000,000","-7,000,000","-224,000,000","-54,000,000","-144,000,000","-87,000,000","-163,000,000","-79,000,000","-228,000,000","-36,000,000","-100,000,000","-20,000,000","-1,174,000,000","-723,000,000","-543,000,000","-230,000,000","-607,000,000","-651,000,000","-255,000,000","-117,000,000","-374,000,000","-85,000,000","-419,000,000","-134,000,000","-9,228,000,000","-10,986,000,000","-70,000,000","-62,000,000","-1,178,000,000","-168,000,000","-179,000,000","-187,000,000","-286,000,000","-725,000,000","-257,000,000","-169,000,000","-99,000,000","-421,000,000","-169,000,000","-200,000,000","-324,000,000","-5,000,000","-17,000,000","-10,000,000","2,000,000","10,000,000","49,000,000","-117,000,000","-138,000,000","2,000,000","18,000,000","-67,000,000","-1,351,000,000","-111,000,000","-1,000,000","-143,000,000","-38,000,000","-42,000,000","-131,000,000","-60,000,000","-207,000,000","-440,000,000","-372,000,000","-91,000,000","-333,000,000","-2,764,000,000","-174,000,000",,"-396,000,000","-131,000,000","-400,000,000","-365,000,000",,,,,,,,,,,,,,,,,,,,,,,,,,,,,"4,000,000","1,000,000","8,000,000","12,000,000","-27,000,000","5,000,000","29,000,000","10,000,000","-20,000,000","12,000,000","13,000,000","42,000,000","17,000,000","21,000,000","13,000,000","15,000,000",,,,,,,,,,,,,,,,,
	GainOnSaleOfSecurity,,,,,,,,,,,,,,,,,"-27,000,000","-13,000,000",,,,,,,,,,,,,,,,,,,,,,,,,,,,,,,,,,,,,,,,,,,,,,,,,,,,,,,,,,,,,,,,,,,,,,,,,,,,,,,,,,,,,,,,,,,,,,,,,,,,,,,,,,,,,,,,,,,,,,,,,,,,,,,,,
	SpecialIncomeCharges,"2,014,000,000","-88,000,000","2,247,000,000","-96,000,000","-49,000,000","-127,000,000","-33,000,000","-110,000,000","-84,000,000","-291,000,000","-157,000,000","-8,000,000","-80,000,000","-65,000,000","-73,000,000","-14,000,000","-228,000,000","-73,000,000","-163,000,000","-87,000,000","-163,000,000","-79,000,000","-228,000,000","-36,000,000","-100,000,000","-20,000,000","-1,174,000,000","-723,000,000","-543,000,000","-230,000,000","-607,000,000","-651,000,000","-255,000,000","-117,000,000","-374,000,000","-85,000,000","-419,000,000","-134,000,000","-9,228,000,000","-10,986,000,000","-70,000,000","-62,000,000","-1,178,000,000","-168,000,000","-179,000,000","-187,000,000","-286,000,000","-725,000,000","-257,000,000","-169,000,000","-99,000,000","-421,000,000","-169,000,000","-200,000,000","-324,000,000","-5,000,000","-17,000,000","-10,000,000","2,000,000","10,000,000","49,000,000","-117,000,000","-138,000,000","2,000,000","18,000,000","-67,000,000","-1,351,000,000","-111,000,000","-1,000,000","-143,000,000","-38,000,000","-42,000,000","-131,000,000","-60,000,000","-207,000,000","-440,000,000","-372,000,000","-91,000,000","-333,000,000","-2,764,000,000","-174,000,000",,"-396,000,000","-131,000,000","-400,000,000","-365,000,000",,,,,,,,,,,,,,,,,,,,,,,,,,,,,"4,000,000","1,000,000","8,000,000","12,000,000","-27,000,000","5,000,000","29,000,000","10,000,000","-20,000,000","12,000,000","13,000,000","42,000,000","17,000,000","21,000,000","13,000,000","15,000,000",,,,,,,,,,,,,,,,,
		RestructuringAndMergernAcquisition,"274,000,000","88,000,000","57,000,000","80,000,000","49,000,000","127,000,000","33,000,000","70,000,000","84,000,000","291,000,000","157,000,000","8,000,000","80,000,000","65,000,000","66,000,000","14,000,000","102,000,000","73,000,000","162,000,000","86,000,000","160,000,000","79,000,000","49,000,000","36,000,000","100,000,000","20,000,000","611,000,000","72,000,000","274,000,000","150,000,000","607,000,000","651,000,000","255,000,000","117,000,000","374,000,000","85,000,000","419,000,000","134,000,000","381,000,000","1,798,000,000","70,000,000","62,000,000","293,000,000","168,000,000","179,000,000","187,000,000","286,000,000","725,000,000","257,000,000","169,000,000","98,000,000","421,000,000","169,000,000","194,000,000","292,000,000","5,000,000","4,000,000","10,000,000","-20,000,000","-5,000,000","453,000,000","-41,000,000","152,000,000","5,000,000","-14,000,000","15,000,000","1,565,000,000","112,000,000","4,000,000","3,000,000","37,000,000","15,000,000","47,000,000","69,000,000","218,000,000","416,000,000","360,000,000","86,000,000","295,000,000","1,990,000,000","158,000,000",,,,,,,,,,,,,,,,,,,,,,,,,,,,,,,,,,,,,,,,,,,,,,,,,,,,,,,,,,,,,,,,,,
		ImpairmentOfCapitalAssets,,,,,,,,,,,,,,,,,,,,,,,,,,,,,,,,,,,"0","0",,"0","8,847,000,000","9,188,000,000",,"0",,,,,,,,,,,,,,,,,,,,,,,,,,,,,,,,,,,,,,,,,,,,,,,,,,,,,,,,,,,,,,,,,,,,,,,,,,,,,,,,,,,,,,,,,,,,,,,,,,,,,,,,,
		WriteOff,,,,,,,,,,,,,,,,,,,,,,,,,,,"0","136,000,000",,,,,,,,,,,,,,,,,,,,,,,,,,,,,,,,,,,,,,,,,,,,,,,,,,,,,,,,,,,,,,,,,,,,,,,,,,,,,,,,,,,,,,,,,,,,,,,,,,,,,,,,,,,,,,,,,,,,,,,
		OtherSpecialCharges,,,"-2,304,000,000","16,000,000",,,"0","40,000,000",,,,,,,"7,000,000",,"126,000,000","1,000,000","1,000,000","1,000,000","3,000,000",,"179,000,000",,,,"563,000,000","515,000,000","269,000,000","80,000,000",,,,,,,,,,,,,,,,,,,,"87,000,000","1,000,000",,,"6,000,000","32,000,000",,"13,000,000",,"18,000,000","-5,000,000","-502,000,000","158,000,000","-14,000,000","-7,000,000","-4,000,000","52,000,000","-214,000,000","-1,000,000","-3,000,000","140,000,000","1,000,000","27,000,000","84,000,000","-9,000,000","-11,000,000","24,000,000","12,000,000","5,000,000","38,000,000","774,000,000","16,000,000",,,,,,,,,,,,,,,,,,,,,,,,,,,,,,,,,,,,,,,,,,,,,,,,,,,,,,,,,,,,,,,,,,
	OtherNonOperatingIncomeExpenses,"129,000,000","29,000,000","35,000,000","29,000,000","38,000,000","38,000,000","60,000,000","68,000,000","63,000,000","71,000,000","25,000,000","10,000,000","11,000,000","38,000,000","17,000,000","7,000,000","31,000,000","32,000,000",,,,,,,,,,,,,,,,,,,,,,,,,,,,,,,,,,,,,,,,,,,,,,,,,,,,,,,,,,,,,,,,,,,,,,,,,,,,,,,,,,,,,,,,,,,,,,,,,,,,,,,,,,,,,,,,,,,,,,,,,,,,,,,,,
PretaxIncome,"7,542,000,000","1,327,000,000","3,553,000,000","1,326,000,000","1,336,000,000","1,296,000,000","776,000,000","751,000,000","826,000,000","878,000,000","492,000,000","248,000,000","883,000,000","900,000,000","1,007,000,000","1,018,000,000","83,000,000","905,000,000","848,000,000","899,000,000","754,000,000","775,000,000","1,010,000,000","1,081,000,000","836,000,000","834,000,000","590,000,000","1,104,000,000","1,292,000,000","1,746,000,000","1,762,000,000","1,313,000,000","1,648,000,000","1,834,000,000","1,820,000,000","1,709,000,000","1,408,000,000","1,573,000,000","-6,676,000,000","-9,057,000,000","1,979,000,000","1,821,000,000","394,000,000","2,399,000,000","2,892,000,000","3,297,000,000","3,214,000,000","2,189,000,000","2,767,000,000","2,804,000,000","3,049,000,000","1,997,000,000","2,107,000,000","2,262,000,000","2,643,000,000","2,552,000,000","2,593,000,000","2,685,000,000","2,699,000,000","2,286,000,000","2,228,000,000","1,964,000,000","2,105,000,000","1,738,000,000","1,820,000,000","1,528,000,000","381,000,000","1,033,000,000","1,079,000,000","1,050,000,000","1,290,000,000","678,000,000","1,065,000,000","1,163,000,000","1,065,000,000","287,000,000","611,000,000","925,000,000","455,000,000","-2,495,000,000","353,000,000","635,000,000","200,000,000","100,000,000","7,000,000","395,000,000","1,198,000,000","1,308,000,000","1,060,000,000","1,059,000,000","1,005,000,000","946,000,000","1,258,000,000","1,315,000,000","943,000,000","874,000,000","947,000,000","1,327,000,000","1,151,000,000","881,000,000","1,120,000,000","1,303,000,000","886,000,000","616,000,000","1,030,000,000","1,162,000,000","992,000,000","867,000,000","854,000,000","919,000,000","721,000,000","526,000,000","609,000,000","567,000,000","451,000,000","397,000,000","534,000,000","401,000,000","88,000,000","287,000,000","493,000,000","457,000,000","187,000,000","286,000,000","348,000,000","306,000,000","289,000,000","254,000,000","266,000,000","247,000,000",,,,,,,,,,,,,,,,,
TaxProvision,"1,021,000,000","241,000,000","454,000,000","218,000,000","108,000,000","228,000,000","108,000,000","17,000,000","62,000,000","200,000,000","104,000,000","-931,000,000","101,000,000","97,000,000","-444,000,000","138,000,000","-975,000,000","-1,033,000,000","188,000,000","203,000,000","195,000,000","164,000,000","497,000,000","238,000,000","176,000,000","184,000,000","-733,000,000","250,000,000","281,000,000","380,000,000","432,000,000","328,000,000","375,000,000","409,000,000","406,000,000","319,000,000","331,000,000","341,000,000","178,000,000","-200,000,000","386,000,000","353,000,000","155,000,000","473,000,000","588,000,000","692,000,000","676,000,000","416,000,000","567,000,000","554,000,000","601,000,000","355,000,000","391,000,000","408,000,000","531,000,000","525,000,000","536,000,000","552,000,000","535,000,000","508,000,000","453,000,000","417,000,000","408,000,000","363,000,000","-79,000,000","301,000,000","-35,000,000","960,000,000","113,000,000","107,000,000","199,000,000","92,000,000","181,000,000","227,000,000","203,000,000","-10,000,000","-48,000,000","204,000,000","65,000,000","-466,000,000","115,000,000","157,000,000","39,000,000","-3,000,000","-48,000,000","90,000,000","276,000,000","279,000,000","244,000,000","265,000,000","245,000,000","250,000,000","340,000,000","355,000,000","233,000,000","253,000,000","262,000,000","398,000,000","345,000,000","264,000,000","336,000,000","391,000,000","238,000,000","191,000,000","307,000,000","372,000,000","314,000,000","291,000,000","277,000,000","317,000,000","245,000,000","179,000,000","201,000,000","199,000,000","153,000,000","126,000,000","187,000,000","140,000,000","30,000,000","96,000,000","167,000,000","151,000,000","62,000,000","94,000,000","115,000,000","101,000,000","87,000,000","76,000,000","80,000,000","74,000,000",,,,,,,,,,,,,,,,,
NetIncomeCommonStockholders,"6,521,000,000","1,086,000,000","3,099,000,000","1,108,000,000","1,228,000,000","1,068,000,000","668,000,000","734,000,000","764,000,000","678,000,000","388,000,000","1,179,000,000","782,000,000","803,000,000","1,451,000,000","880,000,000","1,058,000,000","1,938,000,000","660,000,000","696,000,000","559,000,000","611,000,000","492,000,000","783,000,000","629,000,000","592,000,000","1,323,000,000","854,000,000","1,011,000,000","1,366,000,000","1,330,000,000","985,000,000","1,273,000,000","1,425,000,000","1,414,000,000","1,390,000,000","1,077,000,000","1,232,000,000","-6,854,000,000","-8,857,000,000","1,593,000,000","1,468,000,000","239,000,000","1,926,000,000","2,304,000,000","2,605,000,000","2,538,000,000","1,773,000,000","2,200,000,000","2,250,000,000","2,448,000,000","1,642,000,000","1,716,000,000","1,854,000,000","2,112,000,000","2,027,000,000","2,057,000,000","2,133,000,000","2,164,000,000","1,778,000,000","1,775,000,000","1,547,000,000","1,697,000,000","1,375,000,000","1,899,000,000","1,227,000,000","416,000,000","73,000,000","966,000,000","943,000,000","1,091,000,000","586,000,000","884,000,000","936,000,000","862,000,000","297,000,000","659,000,000","721,000,000","390,000,000","-2,029,000,000","252,000,000","484,000,000","-98,000,000","111,000,000","67,000,000","328,000,000","922,000,000","1,046,000,000","935,000,000","794,000,000","760,000,000","853,000,000","918,000,000","960,000,000","710,000,000","621,000,000","685,000,000","929,000,000","806,000,000","617,000,000","784,000,000","912,000,000","648,000,000","425,000,000","723,000,000","790,000,000","678,000,000","576,000,000","577,000,000","602,000,000","476,000,000","347,000,000","408,000,000","368,000,000","298,000,000","271,000,000","347,000,000","261,000,000","-274,000,000","191,000,000","326,000,000","306,000,000","125,000,000","192,000,000","233,000,000","205,000,000","202,000,000","178,000,000","186,000,000","173,000,000",,,,,,,,,,,,,,,,,
	NetIncome,"6,521,000,000","1,086,000,000","3,099,000,000","1,108,000,000","1,228,000,000","1,068,000,000","668,000,000","734,000,000","764,000,000","678,000,000","388,000,000","1,179,000,000","782,000,000","803,000,000","1,451,000,000","880,000,000","1,058,000,000","1,938,000,000","660,000,000","696,000,000","559,000,000","611,000,000","492,000,000","783,000,000","629,000,000","592,000,000","1,323,000,000","854,000,000","1,011,000,000","1,366,000,000","1,330,000,000","985,000,000","1,273,000,000","1,425,000,000","1,414,000,000","1,390,000,000","1,077,000,000","1,232,000,000","-6,854,000,000","-8,857,000,000","1,593,000,000","1,468,000,000","239,000,000","1,926,000,000","2,304,000,000","2,605,000,000","2,538,000,000","1,773,000,000","2,200,000,000","2,250,000,000","2,448,000,000","1,642,000,000","1,716,000,000","1,854,000,000","2,112,000,000","2,027,000,000","2,057,000,000","2,133,000,000","2,164,000,000","1,778,000,000","1,775,000,000","1,547,000,000","1,697,000,000","1,375,000,000","1,899,000,000","1,227,000,000","416,000,000","73,000,000","966,000,000","943,000,000","1,091,000,000","586,000,000","884,000,000","936,000,000","862,000,000","297,000,000","659,000,000","721,000,000","390,000,000","-2,029,000,000","252,000,000","484,000,000","-98,000,000","111,000,000","67,000,000","328,000,000","922,000,000","1,046,000,000","935,000,000","794,000,000","760,000,000","853,000,000","918,000,000","960,000,000","710,000,000","621,000,000","685,000,000","929,000,000","806,000,000","617,000,000","784,000,000","912,000,000","648,000,000","425,000,000","723,000,000","790,000,000","678,000,000","576,000,000","577,000,000","602,000,000","476,000,000","347,000,000","408,000,000","368,000,000","298,000,000","271,000,000","347,000,000","261,000,000","-274,000,000","191,000,000","326,000,000","306,000,000","125,000,000","192,000,000","233,000,000","205,000,000","202,000,000","178,000,000","186,000,000","173,000,000",,,,,,,,,,,,,,,,,
		NetIncomeIncludingNoncontrollingInterests,"6,521,000,000","1,086,000,000","3,099,000,000","1,108,000,000","1,228,000,000","1,068,000,000","668,000,000","734,000,000","764,000,000","678,000,000","388,000,000","1,179,000,000","782,000,000","803,000,000","1,451,000,000","880,000,000","1,058,000,000","1,938,000,000","660,000,000","696,000,000","559,000,000","611,000,000","492,000,000","783,000,000","629,000,000","592,000,000","1,323,000,000","854,000,000","1,011,000,000","1,366,000,000","1,330,000,000","985,000,000","1,273,000,000","1,425,000,000","1,414,000,000","1,390,000,000","1,077,000,000","1,232,000,000","-6,854,000,000","-8,857,000,000","1,593,000,000","1,468,000,000","239,000,000","1,926,000,000","2,304,000,000","2,605,000,000","2,538,000,000","1,773,000,000","2,200,000,000","2,250,000,000","2,448,000,000","1,642,000,000","1,716,000,000","1,854,000,000","2,112,000,000","2,027,000,000","2,057,000,000","2,133,000,000","2,164,000,000","1,778,000,000","1,775,000,000","1,547,000,000","1,697,000,000","1,375,000,000","1,899,000,000","1,227,000,000","416,000,000","73,000,000","966,000,000","943,000,000","1,091,000,000","586,000,000","884,000,000","936,000,000","862,000,000","297,000,000","659,000,000","721,000,000","390,000,000","-2,029,000,000","252,000,000","484,000,000","-98,000,000","111,000,000","67,000,000","328,000,000","922,000,000","1,046,000,000","935,000,000","794,000,000","760,000,000","853,000,000","918,000,000","960,000,000","710,000,000","621,000,000","685,000,000","929,000,000","806,000,000","617,000,000","784,000,000","912,000,000","648,000,000","425,000,000","723,000,000","790,000,000","678,000,000","576,000,000","577,000,000","602,000,000","476,000,000","347,000,000","408,000,000","368,000,000","298,000,000","271,000,000","347,000,000","261,000,000","-274,000,000","191,000,000","326,000,000","306,000,000","125,000,000","192,000,000","233,000,000","205,000,000","202,000,000","178,000,000","186,000,000","173,000,000","246,000,000","187,000,000","203,000,000","193,000,000","243,000,000","192,000,000","202,000,000","179,000,000","218,000,000","148,000,000","162,000,000","116,000,000","157,000,000","123,000,000","127,000,000","109,000,000","127,000,000"
			NetIncomeContinuousOperations,"6,521,000,000","1,086,000,000","3,099,000,000","1,108,000,000","1,228,000,000","1,068,000,000","668,000,000","734,000,000","764,000,000","678,000,000","388,000,000","1,179,000,000","782,000,000","803,000,000","1,451,000,000","880,000,000","1,058,000,000","1,938,000,000","660,000,000","696,000,000","559,000,000","611,000,000","513,000,000","843,000,000","660,000,000","650,000,000","1,323,000,000","854,000,000","1,011,000,000","1,366,000,000","1,330,000,000","985,000,000","1,273,000,000","1,425,000,000","1,414,000,000","1,390,000,000","1,077,000,000","1,232,000,000","-6,854,000,000","-8,857,000,000","1,593,000,000","1,468,000,000","239,000,000","1,926,000,000","2,304,000,000","2,605,000,000","2,538,000,000","1,773,000,000","2,200,000,000","2,250,000,000","2,448,000,000","1,642,000,000","1,716,000,000","1,854,000,000","2,112,000,000","2,027,000,000","2,057,000,000","2,133,000,000","2,164,000,000","1,778,000,000","1,775,000,000","1,547,000,000","1,697,000,000","1,375,000,000","1,899,000,000","1,227,000,000","416,000,000","73,000,000","966,000,000","943,000,000","1,091,000,000","586,000,000","884,000,000","936,000,000","862,000,000","297,000,000","659,000,000","721,000,000","390,000,000","-2,029,000,000","238,000,000","478,000,000","161,000,000","103,000,000","55,000,000","305,000,000","922,000,000","1,029,000,000","816,000,000","794,000,000","760,000,000","696,000,000","918,000,000","960,000,000","710,000,000","621,000,000","685,000,000","929,000,000","806,000,000","617,000,000","784,000,000","912,000,000","648,000,000","425,000,000","723,000,000","790,000,000","678,000,000","576,000,000","577,000,000","602,000,000","476,000,000","347,000,000","408,000,000","368,000,000","298,000,000","271,000,000","347,000,000","261,000,000","58,000,000","191,000,000","326,000,000","306,000,000","125,000,000","192,000,000","233,000,000","205,000,000","202,000,000","178,000,000","186,000,000","173,000,000","246,000,000","187,000,000","203,000,000","193,000,000","243,000,000","192,000,000","202,000,000","179,000,000","218,000,000","148,000,000","162,000,000","116,000,000","157,000,000","123,000,000","127,000,000","109,000,000","127,000,000"
			NetIncomeDiscontinuousOperations,,,,,,,,,,,,,,,,,,,"0","0","0","0","-21,000,000","-60,000,000","-31,000,000","-58,000,000",,,,,,,,,,,,,,,,,,,,,,,,,,,,,,,,,,,,,,,,,,,,,,,,,,,,,,,,,,,,,"0","17,000,000","119,000,000",,"0","157,000,000",,,,,,,,,,,,,,,,,,,,,,,,,,,,,,,,,,,,,,,,,,,,,,,,,,,,,,,
			NetIncomeFromTaxLossCarryforward,,,,,,,,,,,,,,,,,,,,,,,,,,,,,,,,,,,,,,,,,,,,,,,,,,,,,,,,,,,,,,,,,,,,,,,,,,,,,,,"0",,"14,000,000","6,000,000","13,000,000","8,000,000","12,000,000","23,000,000",,,,,,,,,,,,,,,,,,,,,,,,,,,,,,,,,,,,,,,,,,,,,,,,,,,,,,,,,,,,,
DilutedNIAvailtoComStockholders,"6,521,000,000","1,086,000,000","3,099,000,000","1,108,000,000","1,228,000,000","1,068,000,000","668,000,000","734,000,000","764,000,000","678,000,000","388,000,000","1,179,000,000","782,000,000","803,000,000","1,451,000,000","880,000,000","1,058,000,000","1,938,000,000","660,000,000","696,000,000","559,000,000","611,000,000","492,000,000","783,000,000","629,000,000","592,000,000","1,323,000,000","854,000,000","1,011,000,000","1,366,000,000","1,330,000,000","985,000,000","1,273,000,000","1,425,000,000","1,414,000,000","1,390,000,000","1,077,000,000","1,232,000,000","-6,854,000,000","-8,857,000,000","1,593,000,000","1,468,000,000","239,000,000","1,926,000,000","2,304,000,000","2,605,000,000","2,538,000,000","1,773,000,000","2,200,000,000","2,250,000,000","2,448,000,000","1,642,000,000","1,716,000,000","1,854,000,000","2,112,000,000","2,027,000,000","2,057,000,000","2,133,000,000","2,164,000,000","1,778,000,000","1,775,000,000","1,547,000,000","1,697,000,000","1,375,000,000","1,899,000,000","1,227,000,000","416,000,000","73,000,000","966,000,000","943,000,000","1,091,000,000","586,000,000","884,000,000","936,000,000","862,000,000","297,000,000","659,000,000","721,000,000","390,000,000","-2,029,000,000","252,000,000","484,000,000","-98,000,000","111,000,000","67,000,000","328,000,000","922,000,000","1,046,000,000","935,000,000","794,000,000","760,000,000","853,000,000","918,000,000","960,000,000","710,000,000","621,000,000","685,000,000","929,000,000","806,000,000","617,000,000","784,000,000","912,000,000","648,000,000","425,000,000","723,000,000","790,000,000","678,000,000","576,000,000","577,000,000","602,000,000","476,000,000","347,000,000","408,000,000","368,000,000","298,000,000","271,000,000","347,000,000","261,000,000","-274,000,000","191,000,000","326,000,000","306,000,000","125,000,000","192,000,000","233,000,000","205,000,000","202,000,000","178,000,000","186,000,000","173,000,000",,,,,,,,,,,,,,,,,
BasicEPS,,"1","2.75","0.94","1","0.83","0.5","0.52","0.53","0.47","0.26","0.79","0.51","0.52","0.92","0.55","0.65","1.17","0.4","0.41","0.33","0.36","0.29","0.46","0.37","0.33","0.73","0.47","0.56","0.75","0.71","0.53","0.67","0.75","0.74","0.72","0.56","0.63",,"-4.49","0.8","0.74",,"0.94","1.07","1.19",,"0.76","0.94","0.99",,"0.69","0.72","0.77",,"0.82","0.83","0.83",,"0.68","0.67","0.57",,"0.5","0.68","0.43",,"0.03","0.33","0.32",,"0.19","0.29","0.31",,"0.1","0.22","0.24",,"-0.67","0.13","0.25",,"0.06","0.03","0.17",,"0.53","0.47","0.4",,"0.43","0.46","0.48",,"0.3","0.33","0.45",,"0.3","0.38","0.44",,"0.2","0.35","0.38",,"0.28","0.28","0.29",,"0.17","0.2","0.18",,"0.14","0.18","0.13",,"0.1","0.16","0.16",,"0.1","0.12","0.11",,"0.1","0.1","0.09",,"0.1","0.11","0.11",,"0.1","0.11","0.09",,"0.08","0.08","0.06",,"0.06","0.07","0.06",
DilutedEPS,,"0.99","2.71","0.92","0.98","0.83","0.49","0.52","0.53","0.46","0.26","0.78","0.51","0.51","0.91","0.54","0.64","1.16","0.39","0.41","0.33","0.36","0.28","0.45","0.36","0.33","0.73","0.47","0.55","0.73","0.7","0.52","0.66","0.74","0.73","0.71","0.55","0.63",,"-4.49","0.8","0.73",,"0.93","1.05","1.17",,"0.75","0.91","0.96",,"0.67","0.7","0.75",,"0.8","0.8","0.8",,"0.66","0.65","0.55",,"0.48","0.66","0.42",,"0.03","0.33","0.32",,"0.19","0.29","0.3",,"0.1","0.22","0.24",,"-0.67","0.13","0.25",,"0.06","0.03","0.17",,"0.505","0.45","0.385",,"0.41","0.44","0.46",,"0.29","0.33","0.43",,"0.29","0.38","0.44",,"0.2","0.35","0.38",,"0.28","0.28","0.29",,"0.17","0.2","0.18",,"0.14","0.18","0.13",,"0.1","0.16","0.16",,"0.1","0.12","0.11",,"0.1","0.1","0.09",,"0.1","0.11","0.11",,"0.1","0.11","0.09",,"0.08","0.08","0.06",,"0.06","0.07","0.06",
BasicAverageShares,,"1,081,000,000","1,128,000,000","1,185,000,000","1,234,000,000","1,285,000,000","1,347,000,000","1,417,000,000","1,435,000,000","1,454,000,000","1,476,000,000","1,499,000,000","1,529,000,000","1,556,000,000","1,578,000,000","1,582,408,508","1,630,000,000","1,650,000,000","1,670,000,000","1,681,000,000","1,688,000,000","1,704,000,000","1,712,000,000","1,711,000,000","1,720,000,000","1,776,000,000","1,802,000,000","1,805,000,000","1,814,000,000","1,833,000,000","1,862,000,000","1,870,000,000","1,890,000,000","1,907,000,000","1,918,000,000","1,929,000,000","1,935,000,000","1,953,000,000",,"1,971,000,000","1,979,000,000","1,981,000,000",,"2,054,000,000","2,150,000,000","2,182,000,000",,"2,322,000,000","2,345,000,000","2,358,000,000",,"2,382,000,000","2,394,000,000","2,410,000,000",,"2,459,000,000","2,473,000,000","2,560,000,000",,"2,600,000,000","2,638,000,000","2,705,000,000",,"2,768,000,000","2,809,000,000","2,822,000,000",,"2,873,000,000","2,886,000,000","2,908,000,000",,"3,037,000,000","3,043,000,000","3,050,000,000",,"3,048,000,000","2,995,454,545","3,004,166,667",,"3,028,358,209","1,938,461,538","1,936,000,000",,"1,850,000,000","2,233,333,333","1,929,411,765",,"1,976,000,000","1,988,000,000","1,998,000,000",,"2,020,000,000","2,020,000,000","2,022,000,000",,"2,070,000,000","2,078,000,000","2,076,000,000",,"2,120,000,000","2,092,000,000","2,094,000,000",,"2,106,000,000","2,112,000,000","2,104,000,000",,"2,108,000,000","2,104,000,000","2,096,000,000",,"2,088,000,000","2,088,000,000","2,072,000,000",,"1,935,714,286","1,927,777,778","2,007,692,308",,"1,910,000,000","2,037,500,000","1,912,500,000",,"1,920,000,000","1,941,666,667","1,863,636,364",,"1,780,000,000","1,860,000,000","1,922,222,222",,"1,873,744,000","1,873,744,000","1,873,744,000",,"1,985,784,000","2,058,008,000","2,058,008,000",,"2,048,736,000","2,048,736,000","2,048,736,000",,"2,055,328,000","2,055,328,000","2,055,328,000",
DilutedAverageShares,,"1,094,000,000","1,142,000,000","1,199,000,000","1,247,000,000","1,293,000,000","1,356,000,000","1,423,000,000","1,440,000,000","1,460,000,000","1,486,000,000","1,508,000,000","1,536,000,000","1,567,000,000","1,598,000,000","1,582,408,508","1,646,000,000","1,669,000,000","1,687,000,000","1,695,000,000","1,709,000,000","1,721,000,000","1,729,000,000","1,725,000,000","1,731,000,000","1,785,000,000","1,821,000,000","1,828,000,000","1,836,000,000","1,861,000,000","1,896,000,000","1,899,000,000","1,916,000,000","1,935,000,000","1,940,000,000","1,948,000,000","1,947,000,000","1,956,000,000",,"1,971,000,000","1,987,000,000","1,998,000,000",,"2,080,000,000","2,184,000,000","2,226,000,000",,"2,376,000,000","2,406,000,000","2,427,000,000",,"2,436,000,000","2,438,000,000","2,464,000,000",,"2,533,000,000","2,557,000,000","2,655,000,000",,"2,697,000,000","2,731,000,000","2,801,000,000",,"2,839,000,000","2,887,000,000","2,893,000,000",,"2,907,000,000","2,917,000,000","2,936,000,000",,"3,057,000,000","3,081,000,000","3,088,000,000",,"3,071,000,000","2,995,454,545","3,004,166,667",,"3,028,358,209","1,938,461,538","1,936,000,000",,"1,850,000,000","2,233,333,333","1,929,411,765",,"2,090,000,000","2,084,000,000","2,086,000,000",,"2,112,000,000","2,102,000,000","2,098,000,000",,"2,152,000,000","2,156,000,000","2,152,000,000",,"2,120,000,000","2,092,000,000","2,094,000,000",,"2,106,000,000","2,112,000,000","2,104,000,000",,"2,108,000,000","2,104,000,000","2,096,000,000",,"2,088,000,000","2,088,000,000","2,072,000,000",,"1,935,714,286","1,927,777,778","2,007,692,308",,"1,910,000,000","2,037,500,000","1,912,500,000",,"1,920,000,000","1,941,666,667","1,863,636,364",,"1,780,000,000","1,860,000,000","1,922,222,222",,"1,873,744,000","1,873,744,000","1,873,744,000",,"1,985,784,000","2,058,008,000","2,058,008,000",,"2,048,736,000","2,048,736,000","2,048,736,000",,"2,055,328,000","2,055,328,000","2,055,328,000",
TotalOperatingIncomeAsReported,"5,340,000,000","1,359,000,000","1,238,000,000","1,381,000,000","1,362,000,000","1,321,000,000","992,000,000","779,000,000","826,000,000","865,000,000","944,000,000","1,079,000,000","928,000,000","926,000,000","1,047,000,000","1,080,000,000","964,000,000","973,000,000","890,000,000","955,000,000","818,000,000","856,000,000","663,000,000","1,117,000,000","841,000,000","928,000,000","908,000,000","1,212,000,000","1,431,000,000","1,920,000,000","1,908,000,000","1,458,000,000","1,822,000,000","1,997,000,000","1,923,000,000","1,855,000,000","1,601,000,000","1,752,000,000","-6,488,000,000","-8,833,000,000","2,222,000,000","2,042,000,000","795,000,000","2,520,000,000","2,968,000,000","3,394,000,000","3,295,000,000","2,323,000,000","2,858,000,000","3,003,000,000","3,181,000,000","2,174,000,000","2,287,000,000","2,494,000,000","2,741,000,000","2,529,000,000","2,590,000,000","2,613,000,000","2,632,000,000","2,116,000,000","2,128,000,000","1,843,000,000","1,901,000,000","1,510,000,000","1,657,000,000","1,492,000,000","232,000,000","913,000,000","1,163,000,000","1,165,000,000","1,289,000,000","657,000,000","1,138,000,000","1,143,000,000","1,073,000,000","301,000,000","643,000,000","879,000,000","425,000,000","-2,476,000,000","414,000,000","625,000,000","333,000,000","145,000,000","324,000,000","637,000,000","955,000,000","1,092,000,000","890,000,000","952,000,000","909,000,000","787,000,000","1,109,000,000","1,199,000,000","891,000,000","774,000,000","872,000,000","1,304,000,000","1,131,000,000","825,000,000","1,102,000,000","1,281,000,000","879,000,000","611,000,000","1,041,000,000","1,195,000,000","937,000,000","824,000,000","875,000,000","932,000,000","770,000,000","543,000,000","638,000,000","598,000,000","477,000,000","427,000,000","554,000,000","421,000,000","138,000,000","305,000,000","486,000,000","475,000,000","235,000,000","303,000,000","367,000,000","305,000,000","318,000,000","276,000,000","294,000,000","274,000,000",,,,,,,,,,,,,,,,,
TotalExpenses,"59,218,000,000","15,581,000,000","15,343,000,000","13,828,000,000","14,466,000,000","14,198,000,000","14,446,000,000","13,446,000,000","11,558,000,000","13,462,000,000","14,723,000,000","14,300,000,000","13,023,000,000","13,719,000,000","14,232,000,000","13,495,000,000","13,608,000,000","13,471,000,000","12,827,000,000","12,018,000,000","11,404,000,000","11,749,000,000","11,621,000,000","10,739,000,000","10,647,000,000","11,298,000,000","23,632,000,000","23,414,000,000","23,479,000,000","24,689,000,000","25,891,000,000","25,476,000,000","25,232,000,000","26,040,000,000","26,834,000,000","25,286,000,000","25,562,000,000","26,473,000,000","27,219,000,000","27,516,000,000","28,401,000,000","27,932,000,000","30,378,000,000","28,421,000,000","28,485,000,000","28,721,000,000","29,697,000,000","27,681,000,000","27,734,000,000","28,005,000,000","27,670,000,000","24,856,000,000","24,895,000,000","26,106,000,000","30,538,000,000","25,498,000,000","25,655,000,000","25,844,000,000","25,677,000,000","23,266,000,000","22,934,000,000","23,113,000,000","22,502,000,000","20,375,000,000","20,909,000,000","21,102,000,000","21,114,000,000","19,734,000,000","20,403,000,000","20,286,000,000","20,063,000,000","18,189,000,000","18,919,000,000","18,302,000,000","18,561,000,000","16,631,000,000","16,980,000,000","16,912,000,000","17,329,000,000","16,287,000,000","10,049,000,000","10,758,000,000","10,807,000,000","10,002,000,000","11,283,000,000","11,311,000,000","12,308,000,000","10,726,000,000","11,138,000,000","10,721,000,000","10,453,000,000","9,531,000,000","11,310,000,000","10,738,000,000","11,335,000,000","10,205,000,000","11,168,000,000","10,512,000,000","10,658,000,000","9,646,000,000","9,238,000,000","9,014,000,000","9,268,000,000","8,494,000,000","8,839,000,000","8,093,000,000","8,111,000,000","6,915,000,000","6,553,000,000","6,372,000,000","6,232,000,000","5,510,000,000","5,616,000,000","5,084,000,000","5,210,000,000","4,534,000,000","4,542,000,000","4,152,000,000","4,186,000,000","3,735,000,000","3,697,000,000","3,388,000,000","3,597,000,000","3,221,000,000","3,363,000,000","3,103,000,000","3,262,000,000","2,966,000,000","3,014,000,000","2,829,000,000",,,,,,,,,,,,,,,,,
NetIncomeFromContinuingAndDiscontinuedOperation,"6,521,000,000","1,086,000,000","3,099,000,000","1,108,000,000","1,228,000,000","1,068,000,000","668,000,000","734,000,000","764,000,000","678,000,000","388,000,000","1,179,000,000","782,000,000","803,000,000","1,451,000,000","880,000,000","1,058,000,000","1,938,000,000","660,000,000","696,000,000","559,000,000","611,000,000","492,000,000","783,000,000","629,000,000","592,000,000","1,323,000,000","854,000,000","1,011,000,000","1,366,000,000","1,330,000,000","985,000,000","1,273,000,000","1,425,000,000","1,414,000,000","1,390,000,000","1,077,000,000","1,232,000,000","-6,854,000,000","-8,857,000,000","1,593,000,000","1,468,000,000","239,000,000","1,926,000,000","2,304,000,000","2,605,000,000","2,538,000,000","1,773,000,000","2,200,000,000","2,250,000,000","2,448,000,000","1,642,000,000","1,716,000,000","1,854,000,000","2,112,000,000","2,027,000,000","2,057,000,000","2,133,000,000","2,164,000,000","1,778,000,000","1,775,000,000","1,547,000,000","1,697,000,000","1,375,000,000","1,899,000,000","1,227,000,000","416,000,000","73,000,000","966,000,000","943,000,000","1,091,000,000","586,000,000","884,000,000","936,000,000","862,000,000","297,000,000","659,000,000","721,000,000","390,000,000","-2,029,000,000","238,000,000","478,000,000","161,000,000","103,000,000","55,000,000","305,000,000","922,000,000","1,046,000,000","935,000,000","794,000,000","760,000,000","853,000,000","918,000,000","960,000,000","710,000,000","621,000,000","685,000,000","929,000,000","806,000,000","617,000,000","784,000,000","912,000,000","648,000,000","425,000,000","723,000,000","790,000,000","678,000,000","576,000,000","577,000,000","602,000,000","476,000,000","347,000,000","408,000,000","368,000,000","298,000,000","271,000,000","347,000,000","261,000,000","58,000,000","191,000,000","326,000,000","306,000,000","125,000,000","192,000,000","233,000,000","205,000,000","202,000,000","178,000,000","186,000,000","173,000,000",,,,,,,,,,,,,,,,,
NormalizedIncome,"4,779,645,717.316","1,158,072,000","1,139,120,180.129","1,188,160,000","1,273,031,000","1,172,775,000","696,407,216.495","841,580,000","841,616,000","902,652,000","511,813,008.13","1,184,840,000","852,880,000","860,980,000","1,504,290,000","892,096,000","1,244,150,000","2,000,780,000","841,344,339.623","763,425,000","679,783,000","673,252,000","649,800,000","871,080,000","738,900,000","665,600,000","2,027,400,000","1,413,602,000","1,436,169,000","1,545,860,000","1,788,178,206.583","1,473,250,000","1,469,860,000","1,515,909,000","1,704,569,230.769","1,459,105,000","1,397,535,000","1,336,922,000","-855,800,000","1,886,403,113.614","1,649,346,639.717","1,517,981,328.94","953,573,604.061","2,060,876,198.416","2,446,605,809.129","2,752,750,985.745","2,763,845,675.171","2,360,220,191.868","2,404,336,826.888","2,385,609,843.081","2,527,485,733.027","1,988,160,240.361","1,853,638,348.363","2,017,925,729.443","2,370,905,788.876","2,030,971,394.984","2,070,485,923.641","2,140,944,134.078","2,162,396,443.127","1,770,222,222.222","1,735,962,746.858","1,639,158,350.305","1,808,252,256.532","1,373,417,721.519","1,888,200,000","1,280,801,701.571","1,226,600,000","139,600,000","966,895,273.401","1,071,427,619.048","1,123,137,984.496","622,300,884.956","992,736,150.235","984,288,907.997","1,029,543,661.972","561,000,000","882,200,000","791,930,810.811","675,428,571.429","218,757,915.832","355,314,447.592","478,000,000","479,780,000","181,600,000","295,000,000","586,835,443.038","922,000,000","1,029,000,000","816,000,000","794,000,000","760,000,000","696,000,000","918,000,000","960,000,000","710,000,000","621,000,000","685,000,000","929,000,000","806,000,000","617,000,000","784,000,000","912,000,000","648,000,000","425,000,000","723,000,000","790,000,000","678,000,000","576,000,000","577,000,000","602,000,000","476,000,000","347,000,000","408,000,000","368,000,000","295,356,984.479","270,317,380.353","341,801,498.127","253,189,526.185","75,795,454.545","187,672,473.868","306,823,529.412","299,304,157.549","138,368,983.957","183,944,055.944","224,295,977.011","176,862,745.098","190,117,647.059","163,283,464.567","176,909,774.436","162,493,927.126",,,,,,,,,,,,,,,,,
InterestExpense,"252,000,000","61,000,000","61,000,000","68,000,000","64,000,000","63,000,000","63,000,000","55,000,000","64,000,000","58,000,000","60,000,000","57,000,000","61,000,000","64,000,000","71,000,000","66,000,000","88,000,000","87,000,000",,,,,,,,,,,,,,,,,,,,,,"224,000,000","243,000,000","221,000,000",,"201,000,000","76,000,000","97,000,000","81,000,000","134,000,000",,"199,000,000",,,,,,,,,,,,,,,,,,,,,,,,,,,,,,,,,,,,,,,,,,,,,,,,,,,,,,,,,,,,,,,,,,,,,,,,,,,,,,,,,,,,,,,,,,,,,,,,,
NetInterestIncome,"-252,000,000","-61,000,000","-61,000,000","-68,000,000","-64,000,000","-63,000,000","-63,000,000","-55,000,000","-64,000,000","-58,000,000","-60,000,000","-57,000,000","-61,000,000","-64,000,000","-71,000,000","-66,000,000","-88,000,000","-87,000,000","-108,000,000","-56,000,000","-64,000,000","-81,000,000","347,000,000","-36,000,000","-5,000,000","-94,000,000","-318,000,000","-108,000,000","-139,000,000","-174,000,000","-146,000,000","-145,000,000","-174,000,000","-163,000,000","-103,000,000","-146,000,000","-193,000,000","-179,000,000","-188,000,000","-224,000,000","-243,000,000","-221,000,000","-172,000,000","-201,000,000","-76,000,000","-97,000,000","-81,000,000","-134,000,000","-91,000,000","-199,000,000","-230,000,000","-177,000,000","-180,000,000",,,,,,,,,,,,,,,,,,,,,,,,,,,,,,,,,,,,,,,,,,,,,,,,,,,,,,,,,,,,,,,,,,,,,,,,,,,,,,,,,,,,,,,,,,,,,,
EBIT,"7,794,000,000","1,388,000,000","3,614,000,000","1,394,000,000","1,400,000,000","1,359,000,000","839,000,000","806,000,000","890,000,000","936,000,000","552,000,000","305,000,000","944,000,000","964,000,000","1,078,000,000","1,084,000,000","171,000,000","992,000,000","627,000,000","1,042,000,000","981,000,000","935,000,000","891,000,000","1,153,000,000","941,000,000","948,000,000","2,082,000,000","1,935,000,000","1,974,000,000","2,150,000,000","2,515,000,000","2,109,000,000","2,077,000,000","2,114,000,000","2,297,000,000","1,940,000,000","2,020,000,000","1,886,000,000","2,740,000,000","2,153,000,000","2,222,000,000","2,104,000,000","2,278,000,000","2,600,000,000","2,968,000,000","3,581,000,000","3,295,000,000","2,323,000,000","3,115,000,000","3,003,000,000","3,280,000,000","2,595,000,000","2,456,000,000","2,694,000,000","3,065,000,000","2,534,000,000","2,607,000,000","2,623,000,000","2,616,000,000","2,111,000,000","2,600,000,000","1,969,000,000","2,053,000,000","1,515,000,000","1,645,000,000","1,557,000,000","1,799,000,000","1,025,000,000","1,167,000,000","1,168,000,000","1,326,000,000","700,000,000","1,194,000,000","1,212,000,000","1,292,000,000","717,000,000","1,003,000,000","965,000,000","720,000,000","249,000,000","572,000,000","625,000,000","717,000,000","145,000,000","324,000,000","637,000,000","955,000,000","1,092,000,000","890,000,000","952,000,000","909,000,000","787,000,000","1,109,000,000","1,199,000,000","891,000,000","774,000,000","872,000,000","1,304,000,000","1,131,000,000","825,000,000","1,102,000,000","1,281,000,000","879,000,000","611,000,000","1,041,000,000","1,195,000,000","937,000,000","824,000,000","875,000,000","932,000,000","770,000,000","543,000,000","638,000,000","598,000,000","477,000,000","427,000,000","554,000,000","421,000,000","138,000,000","305,000,000","486,000,000","475,000,000","235,000,000","303,000,000","367,000,000","305,000,000","318,000,000","276,000,000","294,000,000","274,000,000","-7,310,000,000","3,001,000,000","2,864,000,000","2,657,000,000","-5,980,000,000","2,434,000,000","2,496,000,000","2,192,000,000","-4,849,000,000","2,054,000,000","2,017,000,000","1,740,000,000","-4,389,000,000","1,794,000,000","1,778,000,000","1,597,000,000","-4,062,000,000"
EBITDA,"8,573,000,000"
ReconciledCostOfRevenue,"50,789,000,000","13,498,000,000","13,261,000,000","11,747,000,000","12,283,000,000","12,148,000,000","12,412,000,000","11,733,000,000","9,807,000,000","11,574,000,000","12,307,000,000","11,537,000,000","11,155,000,000","11,959,000,000","12,549,000,000","11,786,000,000","11,194,000,000","11,826,000,000","11,316,000,000","10,543,000,000","9,914,000,000","10,352,000,000","10,138,000,000","9,637,000,000","9,259,000,000","9,890,000,000","18,602,000,000","18,536,000,000","18,563,000,000","19,765,000,000","20,576,000,000","20,146,000,000","19,881,000,000","20,902,000,000","21,634,000,000","20,057,000,000","20,235,000,000","21,216,000,000","21,882,000,000","21,990,000,000","22,726,000,000","22,476,000,000","24,710,000,000","22,982,000,000","23,031,000,000","23,578,000,000","24,184,000,000","22,575,000,000","22,764,000,000","23,230,000,000","22,773,000,000","20,136,000,000","20,146,000,000","21,267,000,000","24,690,000,000","20,707,000,000","20,712,000,000","20,956,000,000","20,792,000,000","18,662,000,000","18,817,000,000","18,694,000,000","18,150,000,000","16,027,000,000","16,525,000,000","16,976,000,000","17,123,000,000","15,522,000,000","15,981,000,000","16,092,000,000","15,851,000,000","13,987,000,000","14,567,000,000","14,143,000,000","14,346,000,000","12,344,000,000","12,614,000,000","12,589,000,000","12,702,000,000","11,852,000,000","7,583,000,000","8,330,000,000","8,584,000,000","7,520,000,000","8,667,000,000","8,703,000,000","9,612,000,000","8,308,000,000","8,595,000,000","8,349,000,000","8,102,000,000","7,251,000,000","8,327,000,000","7,984,000,000","8,506,000,000","7,505,000,000","8,224,000,000","7,837,000,000","7,829,000,000","7,053,000,000","6,743,000,000","6,694,000,000","6,819,000,000","6,194,000,000","6,498,000,000","5,988,000,000","5,906,000,000","4,907,000,000","4,654,000,000","4,547,000,000","4,356,000,000","3,774,000,000","3,890,000,000","3,470,000,000","64,000,000","2,744,000,000","2,798,000,000","2,477,000,000","2,374,000,000","2,130,000,000","2,076,000,000","1,905,000,000","1,964,000,000","1,750,000,000","1,834,000,000","1,686,000,000","1,765,000,000","1,565,000,000","1,605,000,000","1,492,000,000",,,,,,,,,,,,,,,,,
ReconciledDepreciation,"779,000,000","197,000,000","200,000,000","196,000,000","186,000,000","203,000,000","196,000,000","197,000,000","198,000,000","198,000,000","205,000,000","190,000,000","181,000,000","168,000,000","140,000,000","132,000,000","127,000,000","129,000,000","91,000,000","90,000,000","89,000,000","84,000,000","83,000,000","85,000,000","85,000,000","79,000,000","1,007,000,000","1,023,000,000","1,003,000,000","1,028,000,000","1,075,000,000","1,055,000,000","1,087,000,000","1,117,000,000","1,120,000,000","1,158,000,000","1,170,000,000","1,163,000,000","1,201,000,000","1,306,000,000","1,285,000,000","1,303,000,000","1,262,000,000","1,225,000,000","1,242,000,000","1,255,000,000","1,264,000,000","1,210,000,000","1,184,000,000","1,162,000,000","1,227,000,000","1,179,000,000","1,153,000,000","1,214,000,000","1,088,000,000","759,000,000","760,000,000","749,000,000","699,000,000","685,000,000","678,000,000","643,000,000","596,000,000","598,000,000","596,000,000","563,000,000","545,000,000","588,000,000","599,000,000","612,000,000","602,000,000","602,000,000","626,000,000","565,000,000","601,000,000","606,000,000","630,000,000","690,000,000","709,000,000","714,000,000","381,000,000","315,000,000","363,000,000","374,000,000","346,000,000","286,000,000","309,000,000","386,000,000","327,000,000","346,000,000","351,000,000","109,000,000","436,000,000","420,000,000","546,000,000","454,000,000","458,000,000","411,000,000","451,000,000","408,000,000","362,000,000","335,000,000","366,000,000","341,000,000","301,000,000","289,000,000","317,000,000","283,000,000","266,000,000","273,000,000","282,000,000","258,000,000","239,000,000","227,000,000","236,000,000","224,000,000","199,000,000","187,000,000","189,000,000","173,000,000","163,000,000","148,000,000","164,000,000","161,000,000","164,000,000","135,000,000","155,000,000","143,000,000","133,000,000","135,000,000",,,,,,,,,,,,,,,,,
NetIncomeFromContinuingOperationNetMinorityInterest,"6,521,000,000","1,086,000,000","3,099,000,000","1,108,000,000","1,228,000,000","1,068,000,000","668,000,000","734,000,000","764,000,000","678,000,000","388,000,000","1,179,000,000","782,000,000","803,000,000","1,451,000,000","880,000,000","1,058,000,000","1,938,000,000","660,000,000","696,000,000","559,000,000","611,000,000","513,000,000","843,000,000","660,000,000","650,000,000","1,323,000,000","854,000,000","1,011,000,000","1,366,000,000","1,330,000,000","985,000,000","1,273,000,000","1,425,000,000","1,414,000,000","1,390,000,000","1,077,000,000","1,232,000,000","-6,854,000,000","-8,857,000,000","1,593,000,000","1,468,000,000","239,000,000","1,926,000,000","2,304,000,000","2,605,000,000","2,538,000,000","1,773,000,000","2,200,000,000","2,250,000,000","2,448,000,000","1,642,000,000","1,716,000,000","1,854,000,000","2,112,000,000","2,027,000,000","2,057,000,000","2,133,000,000","2,164,000,000","1,778,000,000","1,775,000,000","1,547,000,000","1,697,000,000","1,375,000,000","1,899,000,000","1,227,000,000","416,000,000","73,000,000","966,000,000","943,000,000","1,091,000,000","586,000,000","884,000,000","936,000,000","862,000,000","297,000,000","659,000,000","721,000,000","390,000,000","-2,029,000,000","238,000,000","478,000,000","161,000,000","103,000,000","55,000,000","305,000,000","922,000,000","1,029,000,000","816,000,000","794,000,000","760,000,000","696,000,000","918,000,000","960,000,000","710,000,000","621,000,000","685,000,000","929,000,000","806,000,000","617,000,000","784,000,000","912,000,000","648,000,000","425,000,000","723,000,000","790,000,000","678,000,000","576,000,000","577,000,000","602,000,000","476,000,000","347,000,000","408,000,000","368,000,000","298,000,000","271,000,000","347,000,000","261,000,000","58,000,000","191,000,000","326,000,000","306,000,000","125,000,000","192,000,000","233,000,000","205,000,000","202,000,000","178,000,000","186,000,000","173,000,000",,,,,,,,,,,,,,,,,
TotalUnusualItemsExcludingGoodwill,"2,014,000,000","-88,000,000","2,247,000,000","-96,000,000","-49,000,000","-127,000,000","-33,000,000","-110,000,000","-84,000,000","-291,000,000","-157,000,000","-8,000,000","-80,000,000","-65,000,000","-73,000,000","-14,000,000","-255,000,000","-86,000,000","-233,000,000","-87,000,000","-163,000,000","-79,000,000","-228,000,000","-36,000,000","-100,000,000","-20,000,000","-1,174,000,000","-723,000,000","-543,000,000","-230,000,000","-607,000,000","-651,000,000","-255,000,000","-117,000,000","-374,000,000","-85,000,000","-419,000,000","-134,000,000","-9,228,000,000","-10,986,000,000","-70,000,000","-62,000,000","-1,178,000,000","-168,000,000","-179,000,000","-187,000,000","-286,000,000","-725,000,000","-257,000,000","-169,000,000","-99,000,000","-421,000,000","-169,000,000","-200,000,000","-324,000,000","-5,000,000","-17,000,000","-10,000,000","2,000,000","10,000,000","49,000,000","-117,000,000","-138,000,000","2,000,000","18,000,000","-67,000,000","-1,351,000,000","-111,000,000","-1,000,000","-143,000,000","-38,000,000","-42,000,000","-131,000,000","-60,000,000","-207,000,000","-440,000,000","-372,000,000","-91,000,000","-333,000,000","-2,764,000,000","-174,000,000",,"-396,000,000","-131,000,000","-400,000,000","-365,000,000",,,,,,,,,,,,,,,,,,,,,,,,,,,,,"4,000,000","1,000,000","8,000,000","12,000,000","-27,000,000","5,000,000","29,000,000","10,000,000","-20,000,000","12,000,000","13,000,000","42,000,000","17,000,000","21,000,000","13,000,000","15,000,000",,,,,,,,,,,,,,,,,
TotalUnusualItems,"2,014,000,000","-88,000,000","2,247,000,000","-96,000,000","-49,000,000","-127,000,000","-33,000,000","-110,000,000","-84,000,000","-291,000,000","-157,000,000","-8,000,000","-80,000,000","-65,000,000","-73,000,000","-14,000,000","-255,000,000","-86,000,000","-233,000,000","-87,000,000","-163,000,000","-79,000,000","-228,000,000","-36,000,000","-100,000,000","-20,000,000","-1,174,000,000","-723,000,000","-543,000,000","-230,000,000","-607,000,000","-651,000,000","-255,000,000","-117,000,000","-374,000,000","-85,000,000","-419,000,000","-134,000,000","-9,228,000,000","-10,986,000,000","-70,000,000","-62,000,000","-1,178,000,000","-168,000,000","-179,000,000","-187,000,000","-286,000,000","-725,000,000","-257,000,000","-169,000,000","-99,000,000","-421,000,000","-169,000,000","-200,000,000","-324,000,000","-5,000,000","-17,000,000","-10,000,000","2,000,000","10,000,000","49,000,000","-117,000,000","-138,000,000","2,000,000","18,000,000","-67,000,000","-1,351,000,000","-111,000,000","-1,000,000","-143,000,000","-38,000,000","-42,000,000","-131,000,000","-60,000,000","-207,000,000","-440,000,000","-372,000,000","-91,000,000","-333,000,000","-2,764,000,000","-174,000,000",,"-396,000,000","-131,000,000","-400,000,000","-365,000,000",,,,,,,,,,,,,,,,,,,,,,,,,,,,,"4,000,000","1,000,000","8,000,000","12,000,000","-27,000,000","5,000,000","29,000,000","10,000,000","-20,000,000","12,000,000","13,000,000","42,000,000","17,000,000","21,000,000","13,000,000","15,000,000",,,,,,,,,,,,,,,,,
NormalizedEBITDA,"6,559,000,000","1,673,000,000","1,567,000,000","1,686,000,000","1,635,000,000","1,689,000,000","1,068,000,000","1,113,000,000","1,172,000,000","1,425,000,000","914,000,000","503,000,000","1,205,000,000","1,197,000,000","1,291,000,000","1,230,000,000","553,000,000","1,207,000,000","951,000,000","1,219,000,000","1,233,000,000","1,098,000,000","1,202,000,000","1,274,000,000","1,126,000,000","1,047,000,000","4,263,000,000","3,681,000,000","3,520,000,000","3,408,000,000","4,197,000,000","3,815,000,000","3,419,000,000","3,348,000,000","3,791,000,000","3,183,000,000","3,609,000,000","3,183,000,000","13,169,000,000","14,445,000,000","3,577,000,000","3,469,000,000","4,718,000,000","3,993,000,000","4,389,000,000","5,023,000,000","4,845,000,000","4,258,000,000","4,556,000,000","4,334,000,000","4,606,000,000","4,195,000,000","3,778,000,000","4,108,000,000","4,477,000,000","3,298,000,000","3,384,000,000","3,382,000,000","3,313,000,000","2,786,000,000","3,229,000,000","2,729,000,000","2,787,000,000","2,111,000,000","2,223,000,000","2,187,000,000","3,695,000,000","1,724,000,000","1,767,000,000","1,923,000,000","1,966,000,000","1,344,000,000","1,951,000,000","1,837,000,000","2,100,000,000","1,763,000,000","2,005,000,000","1,746,000,000","1,762,000,000","3,727,000,000","1,127,000,000","940,000,000","1,476,000,000","650,000,000","1,070,000,000","1,288,000,000","1,264,000,000","1,478,000,000","1,217,000,000","1,298,000,000","1,260,000,000","896,000,000","1,545,000,000","1,619,000,000","1,437,000,000","1,228,000,000","1,330,000,000","1,715,000,000","1,582,000,000","1,233,000,000","1,464,000,000","1,616,000,000","1,245,000,000","952,000,000","1,342,000,000","1,484,000,000","1,254,000,000","1,107,000,000","1,141,000,000","1,205,000,000","1,052,000,000","801,000,000","877,000,000","825,000,000","709,000,000","650,000,000","745,000,000","596,000,000","354,000,000","473,000,000","620,000,000","613,000,000","419,000,000","452,000,000","518,000,000","398,000,000","456,000,000","398,000,000","414,000,000","394,000,000","-7,310,000,000","3,001,000,000","2,864,000,000","2,657,000,000","-5,980,000,000","2,434,000,000","2,496,000,000","2,192,000,000","-4,849,000,000","2,054,000,000","2,017,000,000","1,740,000,000","-4,389,000,000","1,794,000,000","1,778,000,000","1,597,000,000","-4,062,000,000"
TaxRateForCalcs,"0.135","0.181","0.128","0.165","0.081","0.175","0.139","0.022","0.076","0.228","0.211","0.27","0.114","0.108","0.27","0.136","0.27","0.27","0.222","0.225","0.259","0.212","0.4","0.22","0.211","0.22","0.4","0.226","0.217","0.218","0.245","0.25","0.228","0.223","0.223","0.187","0.235","0.217","0.35","0.022","0.195","0.194","0.393","0.197","0.203","0.21","0.21","0.19","0.205","0.198","0.197","0.178","0.186","0.18","0.201","0.206","0.207","0.206","0.198","0.222","0.203","0.212","0.194","0.209","0.4","0.197","0.4","0.4","0.105","0.102","0.154","0.136","0.17","0.195","0.191","0.4","0.4","0.221","0.143","0.187","0.326","0.247","0.195","0.4","0.4","0.228","0.23","0.213","0.23","0.25","0.244","0.264","0.27","0.27","0.247","0.289","0.277","0.3","0.3","0.3","0.3","0.3","0.269","0.31","0.298","0.32","0.317","0.336","0.324","0.345","0.34","0.34","0.33","0.351","0.339","0.317","0.35","0.349","0.341","0.334","0.339","0.33","0.332","0.329","0.33","0.33","0.301","0.299","0.301","0.3",,,,,,,,,,,,,,,,,
TaxEffectOfUnusualItems,"272,645,717.316","-15,928,000","287,120,180.129","-15,840,000","-3,969,000","-22,225,000","-4,592,783.505","-2,420,000","-6,384,000","-66,348,000","-33,186,991.87","-2,160,000","-9,120,000","-7,020,000","-19,710,000","-1,904,000","-68,850,000","-23,220,000","-51,655,660.377","-19,575,000","-42,217,000","-16,748,000","-91,200,000","-7,920,000","-21,100,000","-4,400,000","-469,600,000","-163,398,000","-117,831,000","-50,140,000","-148,821,793.417","-162,750,000","-58,140,000","-26,091,000","-83,430,769.231","-15,895,000","-98,465,000","-29,078,000","-3,229,800,000","-242,596,886.386","-13,653,360.283","-12,018,671.06","-463,426,395.939","-33,123,801.584","-36,394,190.871","-39,249,014.255","-60,154,324.829","-137,779,808.132","-52,663,173.112","-33,390,156.919","-19,514,266.973","-74,839,759.639","-31,361,651.637","-36,074,270.557","-65,094,211.124","-1,028,605.016","-3,514,076.359","-2,055,865.922","396,443.127","2,222,222.222","9,962,746.858","-24,841,649.695","-26,747,743.468","417,721.519","7,200,000","-13,198,298.429","-540,400,000","-44,400,000","-104,726.599","-14,572,380.952","-5,862,015.504","-5,699,115.044","-22,263,849.765","-11,711,092.003","-39,456,338.028","-176,000,000","-148,800,000","-20,069,189.189","-47,571,428.571","-516,242,084.168","-56,685,552.408","0","-77,220,000","-52,400,000","-160,000,000","-83,164,556.962","0","0","0","0","0","0","0","0","0","0","0","0","0","0","0","0","0","0","0","0","0","0","0","0","0","0","0","0","1,356,984.479","317,380.353","2,801,498.127","4,189,526.185","-9,204,545.455","1,672,473.868","9,823,529.412","3,304,157.549","-6,631,016.043","3,944,055.944","4,295,977.011","13,862,745.098","5,117,647.059","6,283,464.567","3,909,774.436","4,493,927.126",,,,,,,,,,,,,,,,,