name,ttm,01/31/2022,10/31/2021,07/31/2021,04/30/2021,01/31/2021,10/31/2020,07/31/2020,04/30/2020,01/31/2020,10/31/2019,07/31/2019,04/30/2019,01/31/2019,10/31/2018,07/31/2018,04/30/2018,01/31/2018,10/31/2017,07/31/2017,04/30/2017,01/31/2017,10/31/2016,07/31/2016,04/30/2016,01/31/2016,10/31/2015,07/31/2015,04/30/2015,01/31/2015,10/31/2014,07/31/2014,04/30/2014,01/31/2014,10/31/2013,07/31/2013,04/30/2013,01/31/2013,10/31/2012,07/31/2012,04/30/2012,01/31/2012,10/31/2011,07/31/2011,04/30/2011,01/31/2011,10/31/2010,07/31/2010,04/30/2010,01/31/2010,10/31/2009,07/31/2009,04/30/2009,01/31/2009,10/31/2008,07/31/2008,04/30/2008,01/31/2008,10/31/2007,07/31/2007,04/30/2007,01/31/2007,10/31/2006,07/31/2006,04/30/2006,01/31/2006,10/31/2005,07/31/2005,04/30/2005,01/31/2005,10/31/2004,07/31/2004,04/30/2004,01/31/2004,10/31/2003,07/31/2003,04/30/2003,01/31/2003,10/31/2002,07/31/2002,04/30/2002,01/31/2002,10/31/2001,07/31/2001,04/30/2001,01/31/2001,10/31/2000,07/31/2000,04/30/2000,01/31/2000,10/31/1999,07/31/1999,04/30/1999,01/31/1999,10/31/1998,07/31/1998,04/30/1998,01/31/1998,10/31/1997,07/31/1997,04/30/1997,01/31/1997,10/31/1996,07/31/1996,04/30/1996,01/31/1996,10/31/1995,07/31/1995,04/30/1995,01/31/1995,10/31/1994,07/31/1994,04/30/1994,01/31/1994,10/31/1993,07/31/1993,04/30/1993,01/31/1993,10/31/1992,07/31/1992,04/30/1992,01/31/1992,10/31/1991,07/31/1991,04/30/1991,01/31/1991,10/31/1990,07/31/1990,04/30/1990,01/31/1990,10/31/1989,07/31/1989,04/30/1989,01/31/1989,10/31/1988,07/31/1988,04/30/1988,01/31/1988,10/31/1987,07/31/1987,04/30/1987,01/31/1987,10/31/1986,07/31/1986,04/30/1986,01/31/1986,10/31/1985
TotalRevenue,"11,969,400,000","3,044,358,000","3,454,751,000","2,863,670,000","2,606,621,000","2,461,147,000","2,420,105,000","2,381,457,000","2,422,465,000","2,384,434,000","2,501,513,000","2,290,705,000","2,344,744,000","2,360,355,000","2,524,697,000","2,359,142,000","2,330,568,000","2,331,293,000","2,492,608,000","2,207,375,000","2,187,309,000","2,280,227,000","2,627,941,000","2,302,376,000","2,300,235,000","2,292,672,000","2,400,858,000","2,188,587,000","2,279,345,000","2,395,073,000","2,543,771,000","2,284,947,000","2,244,866,000","2,242,672,000","2,323,202,000","2,159,525,000","2,152,686,000","2,116,241,000","2,170,184,000","2,008,188,000","2,012,859,000","2,039,439,000","2,103,898,000","1,910,592,000","1,959,041,000","1,921,558,000","2,063,039,000","1,730,451,000","1,699,782,000","1,727,447,000","1,675,102,000","1,574,440,000","1,595,043,000","1,689,086,000","1,861,512,000","1,678,142,000","1,594,084,000","1,621,165,000","1,664,347,000","1,520,005,000","1,504,597,000","1,504,083,000","1,557,309,000","1,406,894,000","1,365,345,000","1,415,933,000","1,477,908,000","1,355,021,000","1,309,637,000","1,271,431,000","1,345,216,000","1,155,999,000","1,143,127,000","1,135,533,000","1,169,881,000","1,009,395,000","1,002,602,000","1,018,450,000","1,038,895,000","933,778,000","954,627,000","983,014,000","1,118,722,000","1,039,491,000","1,018,406,000","947,493,000","1,006,181,000","886,015,000","879,023,000","903,900,000","950,900,000","816,800,000","791,100,000","799,000,000","912,000,000","755,800,000","778,300,000","814,900,000","868,200,000","779,700,000","798,500,000","810,300,000","877,800,000","749,900,000","746,700,000","724,400,000","835,100,000","732,400,000","748,000,000","730,700,000","840,500,000","741,100,000","767,000,000","716,200,000","817,400,000","677,800,000","676,700,000","682,100,000","841,700,000","671,200,000","672,300,000","628,500,000","760,600,000","677,400,000","697,000,000","701,200,000","772,800,000","654,700,000","633,100,000","620,500,000","699,100,000","564,000,000","526,300,000","551,200,000","655,300,000","546,900,000","535,700,000","554,900,000","741,900,000","574,800,000","556,900,000","440,500,000","552,200,000","485,000,000","442,200,000","480,800,000","430,500,000"
	OperatingRevenue,"11,969,400,000","3,044,358,000","3,454,751,000","2,863,670,000","2,606,621,000","2,461,147,000","2,420,105,000","2,381,457,000","2,422,465,000","2,384,434,000","2,501,513,000","2,290,705,000","2,344,744,000","2,360,355,000","2,524,697,000","2,359,142,000","2,330,568,000","2,331,293,000","2,492,608,000","2,207,375,000","2,187,309,000","2,280,227,000","2,627,941,000","2,302,376,000","2,300,235,000","2,292,672,000","2,400,858,000","2,188,587,000","2,279,345,000","2,395,073,000","2,543,771,000","2,284,947,000","2,244,866,000","2,242,672,000","2,323,202,000","2,159,525,000","2,152,686,000","2,116,241,000","2,170,184,000","2,008,188,000","2,012,859,000","2,039,439,000","2,103,898,000","1,910,592,000","1,959,041,000","1,921,558,000","2,063,039,000","1,730,451,000","1,699,782,000","1,727,447,000","1,675,102,000","1,574,440,000","1,595,043,000","1,689,086,000","1,861,512,000","1,678,142,000","1,594,084,000","1,621,165,000","1,664,347,000","1,520,005,000","1,504,597,000","1,504,083,000","1,557,309,000","1,406,894,000","1,365,345,000","1,415,933,000","1,477,908,000","1,355,021,000","1,309,637,000","1,271,431,000","1,345,216,000","1,155,999,000","1,143,127,000","1,135,533,000","1,169,881,000","1,009,395,000","1,002,602,000","1,018,450,000","1,038,895,000","933,778,000","954,627,000","983,014,000","1,118,722,000","1,039,491,000","1,018,406,000","947,493,000","1,006,181,000","886,015,000","879,023,000","903,900,000","950,900,000","816,800,000","791,100,000","799,000,000","912,000,000","755,800,000","778,300,000","814,900,000","868,200,000","779,700,000","798,500,000","810,300,000","877,800,000","749,900,000","746,700,000","724,400,000","835,100,000","732,400,000","748,000,000","730,700,000","840,500,000","741,100,000","767,000,000","716,200,000","817,400,000","677,800,000","676,700,000","682,100,000","841,700,000","671,200,000","672,300,000","628,500,000","760,600,000","677,400,000","697,000,000","701,200,000","772,800,000","654,700,000","633,100,000","620,500,000","699,100,000","564,000,000","526,300,000","551,200,000","655,300,000","546,900,000","535,700,000","554,900,000","741,900,000","574,800,000","556,900,000","440,500,000","552,200,000","485,000,000","442,200,000","480,800,000","430,500,000"
CostOfRevenue,"9,952,916,000","2,505,610,000","2,876,670,000","2,440,322,000","2,130,314,000","2,010,977,000","1,962,340,000","1,959,032,000","1,945,113,000","1,916,014,000","2,007,790,000","1,857,263,000","1,875,595,000","1,872,021,000","1,987,301,000","1,899,970,000","1,833,882,000","1,829,114,000","1,981,054,000","1,754,966,000","1,700,389,000","1,727,947,000","2,029,421,000","1,827,091,000","1,773,876,000","1,734,661,000","1,905,828,000","1,779,197,000","1,819,789,000","1,950,468,000","2,120,187,000","1,920,948,000","1,866,108,000","1,844,030,000","1,937,686,000","1,829,219,000","1,799,885,000","1,772,048,000","1,818,405,000","1,701,132,000","1,677,252,000","1,702,030,000","1,767,872,000","1,612,737,000","1,632,814,000","1,547,553,000","1,708,066,000","1,445,536,000","1,419,315,000","1,409,060,000","1,370,908,000","1,314,116,000","1,333,005,000","1,416,771,000","1,464,117,000","1,332,448,000","1,217,445,000","1,219,146,000","1,278,524,000","1,196,624,000","1,158,711,000","1,144,646,000","1,180,747,000","1,084,740,000","1,033,866,000","1,062,938,000","1,110,548,000","1,054,277,000","1,006,946,000","959,618,000","1,026,334,000","899,071,000","869,708,000","863,757,000","874,528,000","782,208,000","764,154,000","766,285,000","773,161,000","706,968,000","730,570,000","736,762,000","789,909,000","766,531,000","752,419,000","680,478,000","711,924,000","649,979,000","622,809,000","624,700,000","646,000,000","580,000,000","548,500,000","540,500,000","639,200,000","546,200,000","563,600,000","591,100,000","637,800,000","596,600,000","595,900,000","614,400,000","667,600,000","593,100,000","557,900,000","537,000,000","626,900,000","553,800,000","556,800,000","519,600,000","597,800,000","572,000,000","589,000,000","548,800,000","618,000,000","516,800,000","514,900,000","525,600,000","637,500,000","523,800,000","513,200,000","482,600,000","589,500,000",,,"550,500,000","604,900,000",,,"486,400,000","545,400,000",,,,,,,,,,,,,,,,
GrossProfit,"2,016,485,000","538,749,000","578,081,000","423,348,000","476,307,000","450,170,000","457,765,000","422,426,000","477,352,000","468,421,000","493,723,000","433,442,000","469,149,000","488,334,000","537,396,000","459,172,000","496,686,000","502,179,000","511,554,000","452,409,000","486,920,000","552,280,000","598,520,000","475,285,000","526,359,000","558,011,000","495,030,000","409,390,000","459,556,000","444,605,000","423,584,000","363,999,000","378,758,000","398,642,000","385,516,000","330,306,000","352,801,000","344,193,000","351,779,000","307,056,000","335,607,000","337,409,000","336,026,000","297,855,000","326,227,000","374,005,000","354,973,000","284,915,000","280,467,000","318,387,000","304,194,000","260,324,000","262,038,000","272,315,000","397,395,000","345,694,000","376,639,000","402,019,000","385,823,000","323,381,000","345,886,000","359,437,000","376,562,000","322,154,000","331,479,000","352,995,000","367,360,000","300,744,000","302,691,000","311,813,000","318,882,000","256,928,000","273,419,000","271,776,000","295,353,000","227,187,000","238,448,000","252,165,000","265,734,000","226,810,000","224,057,000","246,252,000","328,813,000","272,960,000","265,987,000","267,015,000","294,257,000","236,036,000","256,214,000","279,200,000","304,900,000","236,800,000","242,600,000","258,500,000","272,800,000","209,600,000","214,700,000","223,800,000","230,400,000","183,100,000","202,600,000","195,900,000","210,200,000","156,800,000","188,800,000","187,400,000","208,200,000","178,600,000","191,200,000","211,100,000","242,700,000","169,100,000","178,000,000","167,400,000","199,400,000","161,000,000","161,800,000","156,500,000","204,200,000","147,400,000","159,100,000","145,900,000","171,100,000",,,"150,700,000","167,900,000",,,"134,100,000","153,700,000",,,,,,,,,,,,,,,,
OperatingExpense,"882,663,000","225,972,000","230,441,000","226,284,000","199,966,000","196,380,000","190,797,000","181,085,000","193,912,000","195,521,000","183,795,000","180,169,000","170,076,000","193,544,000","204,537,000","210,747,000","203,799,000","219,122,000","194,218,000","176,660,000","181,009,000","210,217,000","244,006,000","206,876,000","211,144,000","209,948,000","188,952,000","184,627,000","189,733,000","180,299,000","165,939,000","153,035,000","165,785,000","166,189,000","147,444,000","150,999,000","173,066,000","155,831,000","159,685,000","145,022,000","148,684,000","141,476,000","149,076,000","151,033,000","153,464,000","145,161,000","166,456,000","146,523,000","146,782,000","145,532,000","142,704,000","142,010,000","140,616,000","142,525,000","257,522,000","251,663,000","252,086,000","253,419,000","233,613,000","227,842,000","232,971,000","239,651,000","231,243,000","227,405,000","226,486,000","247,347,000","10,228,600,000","214,787,000","-64,512,000","207,212,000","203,693,000","161,467,000","191,949,000","186,552,000","177,091,000","171,794,000","178,764,000","175,094,000","150,032,000","164,329,000","168,554,000","161,688,000","215,433,000","216,477,000","201,139,000","201,420,000","200,657,000","189,764,000","200,200,000","212,500,000","215,500,000","193,400,000","193,000,000","200,000,000","207,200,000","175,900,000","176,800,000","177,700,000","164,700,000","154,900,000","161,200,000","162,800,000","156,700,000","151,500,000","153,100,000","160,200,000","149,300,000","147,000,000","152,800,000","156,600,000","156,600,000","137,400,000","140,700,000","135,300,000","135,400,000","131,100,000","128,700,000","128,000,000","136,000,000","127,200,000","127,500,000","119,400,000","115,400,000",,,"119,000,000","111,600,000",,,"111,600,000","104,500,000",,,,,,,,,,,,,,,,
	SellingGeneralAndAdministration,"882,663,000","225,972,000","230,441,000","226,284,000","199,966,000","196,380,000","190,797,000","181,085,000","193,912,000","195,521,000","183,795,000","180,169,000","170,076,000","193,544,000","204,537,000","210,747,000","203,799,000","219,122,000","194,218,000","176,660,000","181,009,000","210,217,000","244,006,000","206,876,000","211,144,000","209,948,000","188,952,000","184,627,000","189,733,000","180,299,000","165,939,000","153,035,000","165,785,000","166,189,000","147,444,000","150,999,000","173,066,000","155,831,000","159,685,000","145,022,000","148,684,000","152,477,000","156,694,000","156,595,000","160,136,000","145,161,000","166,456,000","146,523,000","146,782,000","145,532,000","142,704,000","142,010,000","139,846,000","142,525,000","254,091,000","251,904,000","252,907,000","253,419,000","231,529,000","229,054,000","232,940,000","240,554,000","232,086,000","227,415,000","227,788,000","249,745,000","229,299,000","215,686,000","208,910,000","210,139,000","204,975,000","180,561,000","194,388,000","188,258,000","179,265,000","172,996,000","180,393,000","175,975,000","157,773,000","164,329,000","168,554,000","161,688,000","215,433,000","216,477,000","201,139,000","201,420,000","184,077,000","173,114,000","184,100,000","196,400,000","198,900,000","177,600,000","177,400,000","183,300,000","190,100,000","161,000,000","162,600,000","163,600,000","150,000,000","142,000,000","148,300,000","150,400,000","145,000,000","140,700,000","142,800,000","150,300,000","139,800,000","137,500,000","143,600,000","147,600,000","144,000,000","129,400,000","132,000,000","126,700,000","127,000,000","123,200,000","120,800,000","120,700,000","127,200,000","118,700,000","118,100,000","111,000,000","107,500,000",,,"110,100,000","102,600,000",,,"102,900,000","96,400,000",,,,,,,,,,,,,,,,
		GeneralAndAdministrativeExpense,,,,,,,,,,,,,,,,,,,,,,,,,,,,,,,,,,,,,,,,,,,,,,,,,,,,,,,,,,"45,475,000",,,,,,,,,,,,,,,,,,,,,,,,,,,,,,,,,,,,,,,,,,,,,,,,,,,,,,,,,,,,,,,,,,,,,,,,,,,,,,,,,,,,,,,,,
			OtherGandA,,,,,,,,,,,,,,,,,,,,,,,,,,,,,,,,,,,,,,,,,,,,,,,,,,,,,,,,,,"45,475,000",,,,,,,,,,,,,,,,,,,,,,,,,,,,,,,,,,,,,,,,,,,,,,,,,,,,,,,,,,,,,,,,,,,,,,,,,,,,,,,,,,,,,,,,,
		SellingAndMarketingExpense,,,,,,,,,,,,,,,,,,,,,,,,,,,,,,,,,,,,,,,,,,,,,,,,,,,,,,,,,,"207,944,000",,,,,,,,,,,,,,,,,,,,,,,,,,,,,,,,,,,,,,,,,,,,,,,,,,,,,,,,,,,,,,,,,,,,,,,,,,,,,,,,,,,,,,,,,
	DepreciationAmortizationDepletionIncomeStatement,,,,,,,,,,,,,,,,,,,,,,,,,,,,,,,,,,,,,,,,,,,,,,,,,,,,,,,,,,,,,,,,,,,,,,,,,,,,,,,,,,,,,,,"16,580,000","16,650,000","16,100,000","16,100,000","16,600,000","15,800,000","15,600,000","16,700,000","17,100,000","14,900,000","14,200,000","14,100,000","14,700,000","12,900,000","12,900,000","12,400,000","11,700,000","10,800,000","10,300,000","9,900,000","9,500,000","9,500,000","9,200,000","9,000,000","12,600,000","8,000,000","8,700,000","8,600,000","8,400,000","7,900,000","7,900,000","7,300,000","8,800,000","8,500,000","9,400,000","8,400,000","7,900,000",,,"8,900,000","9,000,000",,,"8,700,000","8,100,000",,,,,,,,,,,,,,,,
		DepreciationAndAmortizationInIncomeStatement,,,,,,,,,,,,,,,,,,,,,,,,,,,,,,,,,,,,,,,,,,,,,,,,,,,,,,,,,,,,,,,,,,,,,,,,,,,,,,,,,,,,,,,"16,580,000","16,650,000","16,100,000","16,100,000","16,600,000","15,800,000","15,600,000","16,700,000","17,100,000","14,900,000","14,200,000","14,100,000","14,700,000","12,900,000","12,900,000","12,400,000","11,700,000","10,800,000","10,300,000","9,900,000","9,500,000","9,500,000","9,200,000","9,000,000","12,600,000","8,000,000","8,700,000","8,600,000","8,400,000","7,900,000","7,900,000","7,300,000","8,800,000","8,500,000","9,400,000","8,400,000","7,900,000",,,"8,900,000","9,000,000",,,"8,700,000","8,100,000",,,,,,,,,,,,,,,,
	OtherOperatingExpenses,,,,,,,,,,,,,,,,,,,,,,,,,,,,,,,,,,,,,,,,"-9,823,000","-7,816,000","-11,001,000","-7,618,000","-5,562,000","-6,672,000",,,"-2,222,000",,,,"290,000","770,000","96,000",,"-241,000","-821,000",,,"-1,212,000","31,000","-903,000","-843,000","-10,000","-1,302,000","-2,398,000","9,999,301,000","-899,000","-273,422,000","-2,927,000","-1,282,000","-19,094,000","-2,439,000","-1,706,000","-2,174,000","-1,202,000","-1,629,000","-881,000",,,,,,,,,,,,,,,,,,,,,,,,,,,,,,,,,,,,,,,,,,,,,,,,,,,,,,,,,,,,,,,,,,,,,
OperatingIncome,"1,133,822,000","312,777,000","347,640,000","197,064,000","276,341,000","253,790,000","266,968,000","241,341,000","283,440,000","272,900,000","309,928,000","253,273,000","299,073,000","294,790,000","332,859,000","248,425,000","292,887,000","283,057,000","317,336,000","275,749,000","305,911,000","342,063,000","354,514,000","268,409,000","315,215,000","348,063,000","306,078,000","224,763,000","269,823,000","264,306,000","257,645,000","210,964,000","212,973,000","232,453,000","238,072,000","179,307,000","179,735,000","188,362,000","192,094,000","162,034,000","186,923,000","195,933,000","186,950,000","146,822,000","172,763,000","228,844,000","188,517,000","138,392,000","133,685,000","172,855,000","161,490,000","118,314,000","121,422,000","129,790,000","139,873,000","94,031,000","124,553,000","148,600,000","152,210,000","95,539,000","112,915,000","119,786,000","145,319,000","94,749,000","104,993,000","105,648,000","-9,861,240,000","85,957,000","367,203,000","104,601,000","115,189,000","95,461,000","81,470,000","85,224,000","118,262,000","55,393,000","59,684,000","77,071,000","115,702,000","62,481,000","55,503,000","84,564,000","113,380,000","56,483,000","64,848,000","65,595,000","93,600,000","46,272,000","56,014,000","66,700,000","89,400,000","43,400,000","49,600,000","58,500,000","65,600,000","33,700,000","37,900,000","46,100,000","65,700,000","28,200,000","41,400,000","33,100,000","53,500,000","5,300,000","35,700,000","27,200,000","58,900,000","31,600,000","38,400,000","54,500,000","86,100,000","31,700,000","37,300,000","32,100,000","64,000,000","29,900,000","33,100,000","28,500,000","68,200,000","20,200,000","31,600,000","26,500,000","55,700,000","677,400,000","697,000,000","31,700,000","56,300,000","654,700,000","633,100,000","22,500,000","49,200,000","564,000,000","526,300,000","551,200,000","-1,538,800,000","546,900,000","535,700,000","554,900,000","-1,484,300,000","574,800,000","556,900,000","440,500,000","-1,333,800,000","485,000,000","442,200,000","480,800,000","-991,600,000"
NetNonOperatingInterestIncomeExpense,"-16,264,000","-10,771,000","-5,451,000","-3,246,000","3,204,000","9,064,000","2,036,000","9,789,000","-6,971,000","9,674,000","2,698,000","4,343,000","5,682,000","727,000","-2,890,000","-3,834,000","-9,490,000","-1,423,000","639,000","-1,681,000","-205,000","-577,000","-1,017,000","-673,000","380,000","-5,370,000","-3,342,000","-2,940,000","-1,966,000","-1,929,000","-2,626,000","-1,522,000","-3,399,000","-1,921,000","-595,000","-3,577,000","-2,026,000","-1,284,000","-1,407,000","-2,363,000","-945,000","-1,624,000","-5,825,000","-5,484,000","-5,215,000","-6,138,000","-4,572,000","-6,183,000","-5,151,000","-6,118,000","-4,481,000","-553,000","1,666,000","-5,064,000",,,,"-11,658,000",,,,,,,,,,,,,,,,,,,,,,,,,,,,,,,,,,,,,,,,,,,,,,,,,,,,,,,,,,,,,,,,,,,,,,,,,,,,,,,,,,,,,,,,,
	InterestIncomeNonOperating,"33,456,000","3,869,000","10,138,000","8,457,000","10,992,000","17,291,000","10,307,000","15,513,000",,"13,251,000","5,793,000","7,556,000","11,297,000","6,874,000","3,439,000","4,601,000","-2,489,000","3,306,000","4,216,000","1,376,000","2,818,000","2,449,000","2,271,000","2,474,000","3,409,000","-1,963,000","479,000","189,000","1,117,000","1,149,000","766,000","1,603,000","-306,000","1,173,000","2,500,000","-455,000","1,116,000","1,810,000","1,748,000","844,000","2,338,000","1,590,000",,"139,000","1,972,000","441,000","2,389,000","310,000","1,423,000","443,000","2,178,000","6,410,000","8,584,000","2,391,000",,,,,,,,,,,,,,,,,,,,,,,,,,,,,,,,,,,,,,,,,,,,,,,,,,,,,,,,,,,,,,,,,,,,,,,,,,,,,,,,,,,,,,,,,,,,,
	InterestExpenseNonOperating,"49,720,000","14,640,000","15,589,000","11,703,000","7,788,000","8,227,000","8,271,000","5,724,000","6,971,000","3,577,000","3,095,000","3,213,000","5,615,000","6,147,000","6,329,000","8,435,000","9,490,000","4,729,000","3,577,000","3,057,000","3,023,000","3,026,000","3,288,000","3,147,000","3,029,000","5,370,000","3,821,000","3,129,000","3,083,000","3,078,000","3,392,000","3,125,000","3,399,000","3,094,000","3,095,000","3,577,000","3,142,000","3,094,000","3,155,000","3,207,000","3,283,000","3,214,000","3,273,000","5,623,000","7,187,000","6,579,000","6,961,000","6,493,000","6,574,000","6,561,000","6,659,000","6,963,000","6,918,000","7,455,000",,,,"11,658,000",,,,,,,,,,,,,,,,,,,,,,,,,,,,,,,,,,,,,,,,,,,,,,,,,,,,,,,,,,,,,,,,,,,,,,,,,,,,,,,,,,,,,,,,,
OtherIncomeExpense,"40,433,000","6,898,000","10,041,000","10,420,000","13,074,000","14,228,000","9,729,000","8,235,000","10,021,000","7,588,000","11,068,000","3,384,000","13,291,000","11,458,000","-8,465,000","13,141,000","13,486,000","23,531,000","12,034,000","3,956,000","10,121,000","13,299,000","11,236,000","6,381,000","8,602,000","11,475,000","-13,580,000","6,396,000","7,874,000","1,660,000","5,723,000","3,540,000","3,583,000","4,739,000","2,130,000","1,346,000","7,194,000","9,843,000","10,051,000","9,823,000","7,816,000",,,,,"6,905,000","4,131,000","2,222,000","3,952,000","2,821,000","664,000","290,000",,"-96,000","804,000","241,000","821,000","2,369,000","1,386,000","1,212,000","-31,000","903,000","843,000","10,000","1,302,000","2,398,000","699,000","899,000","1,000,000","2,927,000","1,282,000","19,094,000","2,439,000","1,706,000","2,174,000","1,202,000","1,629,000","881,000","1,967,000","1,775,000","2,725,000","1,274,000","1,453,000","1,028,000","1,245,000","-860,000","-12,493,000","2,615,000","4,968,000","5,400,000","-11,300,000","5,600,000","2,500,000","10,300,000","5,100,000","4,100,000","5,900,000","32,400,000","8,500,000","3,500,000","2,900,000","3,000,000","-5,500,000","1,900,000","2,700,000","6,300,000","3,600,000","2,700,000","3,100,000","3,500,000","1,800,000","1,800,000","1,000,000","1,900,000","1,700,000","1,600,000","1,700,000","2,100,000","2,300,000","1,700,000","2,400,000","2,000,000","2,000,000",,,"1,900,000","1,600,000",,,"1,300,000","1,100,000",,,,,,,,,,,,,,,,
	EarningsFromEquityInterest,"40,433,000","6,898,000","10,041,000","10,420,000","13,074,000","14,228,000","9,729,000","8,235,000","10,021,000","7,588,000","11,068,000","3,384,000","13,291,000","11,458,000","8,814,000","13,141,000","13,486,000","23,531,000","12,214,000","3,956,000","10,121,000","13,299,000","11,236,000","6,381,000","9,593,000","11,475,000","7,957,000","6,396,000","7,874,000","1,660,000","5,723,000","3,540,000","3,583,000","4,739,000","2,130,000","1,346,000","7,194,000","9,843,000","10,051,000",,,,,,,,"4,131,000","2,222,000","3,952,000","2,821,000","664,000","290,000",,"-96,000","804,000","241,000","821,000","2,369,000","1,386,000","1,212,000","-31,000","903,000","843,000","10,000","1,302,000","2,398,000","699,000","899,000","1,000,000","2,927,000","1,282,000","1,031,000","2,439,000","1,706,000","2,174,000","1,202,000","1,629,000","881,000","1,967,000","1,775,000","2,725,000","1,274,000","1,453,000","1,028,000","1,245,000","-860,000",,,,,,,,,,,,,,,,,,,,,,,,,,,,,,,,,,,,,,,,,,,,,,,,,,,,,,,,,,,,,
	SpecialIncomeCharges,,,,,,,,,,,"0",,,,"-17,279,000",,,,"-180,000","0","0",,"0","0","-991,000",,"-21,537,000",,,,,,,,,,,,,"9,823,000","7,816,000",,,,,"6,905,000",,,"-3,952,000","0",,,"0","2,391,000",,,,,,,,,,,,,,,,,"0","18,063,000",,,,,,,,,,,,,,,"-12,493,000","2,615,000","4,968,000","5,400,000","-11,300,000","5,600,000","2,500,000","10,300,000","5,100,000","4,100,000","5,900,000","32,400,000","8,500,000","3,500,000","2,900,000","3,000,000","-5,500,000","1,900,000","2,700,000","6,300,000","3,600,000","2,700,000","3,100,000","3,500,000","1,800,000","1,800,000","1,000,000","1,900,000","1,700,000","1,600,000","1,700,000","2,100,000","2,300,000","1,700,000","2,400,000","2,000,000","2,000,000",,,"1,900,000","1,600,000",,,"1,300,000","1,100,000",,,,,,,,,,,,,,,,
		ImpairmentOfCapitalAssets,,,,,,,,,,,"0",,,,"17,279,000",,,,"180,000","0","0",,"0","0","991,000",,"21,537,000",,,,,,,,,,,,,,,,,,,,,,,,,,,,,,,,,,,,,,,,,,,,,,,,,,,,,,,,,,,,,,,,,,,,,,,,,,,,,,,,,,,,,,,,,,,,,,,,,,,,,,,,,,,,,,,,,,,,,,,,
PretaxIncome,"1,157,992,000","308,904,000","352,230,000","204,238,000","292,620,000","277,082,000","278,733,000","259,364,000","286,489,000","290,162,000","323,694,000","261,000,000","318,046,000","306,975,000","321,504,000","257,732,000","296,883,000","305,165,000","330,009,000","278,024,000","315,827,000","354,785,000","364,733,000","274,117,000","324,197,000","354,168,000","289,156,000","228,219,000","275,731,000","264,037,000","260,742,000","212,982,000","213,157,000","235,271,000","239,607,000","177,076,000","184,903,000","196,921,000","200,738,000","169,494,000","193,794,000","194,309,000","180,339,000","141,338,000","167,548,000","229,611,000","188,076,000","134,431,000","132,486,000","169,558,000","157,673,000","118,051,000","124,628,000","124,630,000","116,721,000","80,127,000","121,377,000","139,311,000","155,508,000","90,279,000","108,542,000","115,508,000","141,112,000","87,533,000","101,598,000","100,300,000","131,961,000","81,532,000","88,961,000","102,432,000","109,991,000","88,731,000","84,227,000","81,616,000","111,617,000","53,548,000","52,281,000","71,885,000","104,368,000","58,754,000","51,562,000","79,286,000","107,927,000","50,914,000","61,026,000","65,147,000","93,688,000","45,503,000","56,644,000","68,500,000","91,800,000","45,400,000","48,400,000","65,700,000","67,700,000","33,900,000","40,400,000","75,300,000","68,800,000","28,200,000","40,900,000","33,100,000","47,900,000","6,700,000","37,900,000","33,100,000","62,100,000","33,700,000","41,100,000","57,700,000","87,100,000","33,100,000","37,600,000","33,400,000","65,200,000","31,200,000","34,400,000","30,300,000","69,000,000","21,200,000","33,200,000","27,700,000","57,400,000",,,"32,700,000","57,100,000",,,"22,400,000","49,600,000",,,,,,,,,,,,,,,,
TaxProvision,"231,536,000","69,194,000","70,480,000","27,164,000","64,699,000","54,687,000","44,207,000","56,103,000","58,873,000","47,209,000","68,128,000","61,573,000","35,410,000","65,456,000","60,008,000","47,379,000","59,361,000","1,954,000","111,646,000","95,473,000","104,941,000","119,482,000","120,543,000","78,341,000","108,813,000","119,001,000","101,713,000","81,263,000","95,296,000","91,607,000","88,894,000","73,968,000","72,451,000","80,813,000","81,122,000","63,171,000","58,262,000","65,876,000","66,452,000","57,087,000","64,859,000","64,976,000","61,844,000","41,374,000","56,846,000","79,576,000","65,468,000","48,067,000","53,951,000","57,289,000","53,797,000","40,882,000","44,243,000","43,247,000","48,910,000","28,180,000","43,816,000","51,130,000","54,316,000","32,905,000","40,541,000","40,183,000","51,108,000","27,982,000","34,290,000","31,024,000","50,228,000","30,099,000","33,142,000","37,958,000","40,148,000","32,388,000","30,576,000","29,790,000","41,252,000","18,875,000","18,480,000","24,945,000","36,398,000","20,493,000","18,822,000","28,935,000","39,124,000","17,702,000","22,132,000","23,615,000","32,709,000","16,367,000","20,390,000","24,700,000","32,200,000","15,800,000","16,600,000","23,300,000","22,500,000","12,900,000","14,100,000","28,500,000","24,100,000","10,000,000","15,200,000","12,100,000","17,700,000","2,700,000","13,400,000","12,400,000","23,600,000","12,700,000","15,700,000","22,200,000","32,800,000","12,900,000","14,600,000","12,800,000","24,400,000","12,100,000","12,800,000","11,000,000","27,000,000","5,100,000","13,200,000","10,700,000","20,800,000",,,"12,300,000","20,800,000",,,"8,000,000","17,300,000",,,,,,,,,,,,,,,,
EarningsFromEquityInterestNetOfTax,,,,,,,,,,,,,,,,,,,,,,,,,,,,,,,,,,,,,,,,,,,,,,,,,,"2,821,000",,,,,,,,,,,,,,,,,,,,,,,,,,,,,,,,,,,,,,,,,,,,,,,,,,,,,,,,,,,,,,,,,,,,,,,,,,,,,,,,,,,,,,,,,,,,,,,,,
NetIncomeCommonStockholders,"926,127,000","239,571,000","281,738,000","176,917,000","227,901,000","222,283,000","234,356,000","203,119,000","227,734,000","242,872,000","255,503,000","199,449,000","282,429,000","241,425,000","261,406,000","210,243,000","237,384,000","303,107,000","218,154,000","182,508,000","210,926,000","235,147,000","243,940,000","195,654,000","215,397,000","235,061,000","187,231,000","146,938,000","180,201,000","171,718,000","171,264,000","137,975,000","140,090,000","153,348,000","157,340,000","113,635,000","125,520,000","129,716,000","132,601,000","111,167,000","127,887,000","128,395,000","117,309,000","98,481,000","109,579,000","148,826,000","121,148,000","85,370,000","77,862,000","111,207,000","103,876,000","77,169,000","80,385,000","81,383,000","67,811,000","51,947,000","77,561,000","88,181,000","101,192,000","57,374,000","68,001,000","75,325,000","90,004,000","59,551,000","67,308,000","69,276,000","81,733,000","51,433,000","55,819,000","64,474,000","69,843,000","56,343,000","53,651,000","51,826,000","70,365,000","34,673,000","33,801,000","46,940,000","67,970,000","38,261,000","32,740,000","50,351,000","68,803,000","33,212,000","38,894,000","41,532,000","60,979,000","29,136,000","36,254,000","43,800,000","59,600,000","29,600,000","31,800,000","42,400,000","45,200,000","21,000,000","26,300,000","46,800,000","44,700,000","18,200,000","25,700,000","21,000,000","30,200,000","4,000,000","24,500,000","20,700,000","38,500,000","21,000,000","25,400,000","35,500,000","54,300,000","20,200,000","23,000,000","20,600,000","-86,700,000","19,100,000","21,600,000","19,300,000","42,000,000","16,100,000","20,000,000","17,000,000","36,600,000","12,800,000","16,600,000","20,400,000","36,300,000","12,600,000","13,800,000","14,400,000","32,300,000","14,300,000","9,800,000","13,700,000","28,800,000","11,600,000","7,600,000","12,200,000","20,100,000","11,300,000","10,000,000","4,500,000","16,100,000","9,000,000","5,100,000","8,900,000","13,900,000"
	NetIncome,"926,127,000","239,571,000","281,738,000","176,917,000","227,901,000","222,283,000","234,356,000","203,119,000","227,734,000","242,872,000","255,503,000","199,449,000","282,429,000","241,425,000","261,406,000","210,243,000","237,384,000","303,107,000","218,154,000","182,508,000","210,926,000","235,147,000","243,940,000","195,654,000","215,397,000","235,061,000","187,231,000","146,938,000","180,201,000","171,718,000","171,264,000","137,975,000","140,090,000","153,348,000","157,340,000","113,635,000","125,520,000","129,716,000","132,601,000","111,167,000","127,887,000","128,395,000","117,309,000","98,481,000","109,579,000","148,826,000","121,148,000","85,370,000","77,862,000","111,207,000","103,876,000","77,169,000","80,385,000","81,383,000","67,811,000","51,947,000","77,561,000","88,181,000","101,192,000","57,374,000","68,001,000","75,325,000","90,004,000","59,551,000","67,308,000","69,276,000","81,733,000","51,433,000","55,819,000","64,474,000","69,843,000","56,343,000","53,651,000","51,826,000","70,365,000","34,673,000","33,801,000","46,940,000","67,970,000","38,261,000","32,740,000","50,351,000","68,803,000","33,212,000","38,894,000","41,532,000","60,979,000","29,136,000","36,254,000","43,800,000","59,600,000","29,600,000","31,800,000","42,400,000","45,200,000","21,000,000","26,300,000","46,800,000","44,700,000","18,200,000","25,700,000","21,000,000","30,200,000","4,000,000","24,500,000","20,700,000","38,500,000","21,000,000","25,400,000","35,500,000","54,300,000","20,200,000","23,000,000","20,600,000","-86,700,000","19,100,000","21,600,000","19,300,000","42,000,000","16,100,000","20,000,000","17,000,000","36,600,000","12,800,000","16,600,000","20,400,000","36,300,000","12,600,000","13,800,000","14,400,000","32,300,000","14,300,000","9,800,000","13,700,000","28,800,000","11,600,000","7,600,000","12,200,000","20,100,000","11,300,000","10,000,000","4,500,000","16,100,000","9,000,000","5,100,000","8,900,000","13,900,000"
		NetIncomeIncludingNoncontrollingInterests,"926,455,000","239,710,000","281,750,000","177,074,000","227,921,000","222,395,000","234,526,000","203,260,000","227,615,000","242,953,000","255,566,000","199,427,000","282,636,000","241,519,000","261,496,000","210,353,000","237,522,000","303,211,000","218,363,000","182,551,000","210,886,000","235,303,000","244,190,000","195,776,000","215,384,000","235,167,000","187,443,000","146,956,000","180,435,000","172,430,000","171,848,000","139,014,000","140,706,000","154,458,000","158,485,000","113,905,000","126,641,000","131,045,000","134,286,000","112,407,000","128,935,000","129,333,000","118,495,000","99,964,000","110,702,000","150,035,000","122,608,000","86,364,000","78,535,000","112,269,000","103,876,000","77,169,000","80,385,000","81,383,000","67,811,000","51,947,000","77,561,000","88,181,000","101,192,000","57,374,000","68,001,000","75,325,000","90,004,000","59,551,000","67,308,000","69,276,000","81,733,000","51,433,000","55,819,000","64,474,000","69,843,000","56,343,000","53,651,000","51,826,000","70,365,000","34,673,000","33,801,000","46,940,000","67,970,000","38,261,000","32,740,000","50,351,000","68,803,000","33,212,000","38,894,000","41,532,000","60,979,000","29,136,000","36,254,000","43,800,000","59,600,000","29,600,000","31,800,000","42,400,000","45,200,000","21,000,000","26,300,000","46,800,000","44,700,000","18,200,000","25,700,000","21,000,000","30,200,000","4,000,000","24,500,000","20,700,000","38,500,000","21,000,000","25,400,000","35,500,000","54,300,000","20,200,000","23,000,000","20,600,000","-86,700,000","19,100,000","21,600,000","19,300,000","42,000,000","16,100,000","20,000,000","17,000,000","36,600,000","12,800,000","16,600,000","20,400,000","36,300,000","12,600,000","13,800,000","14,400,000","32,300,000","14,300,000","9,800,000","13,700,000","28,800,000","11,600,000","7,600,000","12,200,000","20,100,000","11,300,000","10,000,000","4,500,000","16,100,000","9,000,000","5,100,000","8,900,000","13,900,000"
			NetIncomeContinuousOperations,"926,455,000","239,710,000","281,750,000","177,074,000","227,921,000","222,395,000","234,526,000","203,260,000","227,615,000","242,953,000","255,566,000","199,427,000","282,636,000","241,519,000","261,496,000","210,353,000","237,522,000","303,211,000","218,363,000","182,551,000","210,886,000","235,303,000","244,190,000","195,776,000","215,384,000","235,167,000","187,443,000","146,956,000","180,435,000","172,430,000","171,848,000","139,014,000","140,706,000","154,458,000","158,485,000","113,905,000","126,641,000","131,045,000","134,286,000","112,407,000","128,935,000","129,333,000","118,495,000","99,964,000","110,702,000","150,035,000","122,608,000","86,364,000","78,535,000","112,269,000","103,876,000","77,169,000","80,385,000","81,383,000","67,811,000","51,947,000","77,561,000","88,181,000","101,192,000","57,374,000","68,001,000","75,325,000","90,004,000","59,551,000","67,308,000","69,276,000","81,733,000","51,433,000","55,819,000","64,474,000","69,843,000","56,343,000","53,651,000","51,826,000","70,365,000","34,673,000","33,801,000","46,940,000","67,970,000","38,261,000","32,740,000","50,351,000","68,803,000","33,212,000","38,894,000","41,532,000","60,979,000","29,136,000","36,254,000","43,800,000","59,600,000","29,600,000","31,800,000","42,400,000","45,200,000","21,000,000","26,300,000","46,800,000","44,700,000","18,200,000","25,700,000","21,000,000","30,200,000","4,000,000","24,500,000","20,700,000","38,500,000","21,000,000","25,400,000","35,500,000","54,300,000","20,200,000","23,000,000","20,600,000","40,800,000","19,100,000","21,600,000","19,300,000","42,000,000","16,100,000","20,000,000","17,000,000","36,600,000","12,800,000","16,600,000","20,400,000","36,300,000","12,600,000","13,800,000","14,400,000","32,300,000","14,300,000","9,800,000","13,700,000","28,800,000","11,600,000","7,600,000","12,200,000","20,100,000","11,300,000","10,000,000","4,500,000","16,100,000","9,000,000","5,100,000","8,900,000","13,900,000"
		MinorityInterests,"-328,000","-139,000","-11,000","-157,000","-21,000","-112,000","-169,000","-141,000","119,000","-81,000","-63,000","22,000","-207,000","-94,000","-90,000","-110,000","-138,000","-104,000","-209,000","-43,000","40,000","-156,000","-250,000","-122,000","13,000","-106,000","-212,000","-18,000","-234,000","-712,000","-584,000","-1,039,000","-616,000","-1,110,000","-1,145,000","-270,000","-1,121,000","-1,329,000","-1,685,000","-1,240,000","-1,048,000","-938,000","-1,186,000","-1,483,000","-1,123,000","-1,209,000","-1,460,000","-994,000","-673,000","-1,062,000",,,,,,,,,,,,,,,,,,,,,,,,,,,,,,,,,,,,,,,,,,,,,,,,,,,,,,,,,,,,,,,,,,,,,,,,,,,,,,,,,,,,,,,,,,,,,,,,,
DilutedNIAvailtoComStockholders,"926,127,000","239,571,000","281,738,000","176,917,000","227,901,000","222,283,000","234,356,000","203,119,000","227,734,000","242,872,000","255,503,000","199,449,000","282,429,000","241,425,000","261,406,000","210,243,000","237,384,000","303,107,000","218,154,000","182,508,000","210,926,000","235,147,000","243,940,000","195,654,000","215,397,000","235,061,000","187,231,000","146,938,000","180,201,000","171,718,000","171,264,000","137,975,000","140,090,000","153,348,000","157,340,000","113,635,000","125,520,000","129,716,000","132,601,000","111,167,000","127,887,000","128,395,000","117,309,000","98,481,000","109,579,000","148,826,000","121,148,000","85,370,000","77,862,000","111,207,000","103,876,000","77,169,000","80,385,000","81,383,000","67,811,000","51,947,000","77,561,000","88,181,000","101,192,000","57,374,000","68,001,000","75,325,000","90,004,000","59,551,000","67,308,000","69,276,000","81,733,000","51,433,000","55,819,000","64,474,000","69,843,000","56,343,000","53,651,000","51,826,000","70,365,000","34,673,000","33,801,000","46,940,000","67,970,000","38,261,000","32,740,000","50,351,000","68,803,000","33,212,000","38,894,000","41,532,000","60,979,000","29,136,000","36,254,000","43,800,000","59,600,000","29,600,000","31,800,000","42,400,000","45,200,000","21,000,000","26,300,000","46,800,000","44,700,000","18,200,000","25,700,000","21,000,000","30,200,000","4,000,000","24,500,000","20,700,000","38,500,000","21,000,000","25,400,000","35,500,000","54,300,000","20,200,000","23,000,000","20,600,000","-86,700,000","19,100,000","21,600,000","19,300,000","42,000,000","16,100,000","20,000,000","17,000,000","36,600,000","12,800,000","16,600,000","20,400,000","36,300,000","12,600,000","13,800,000","14,400,000","32,300,000","14,300,000","9,800,000","13,700,000","28,800,000","11,600,000","7,600,000","12,200,000","20,100,000","11,300,000","10,000,000","4,500,000","16,100,000","9,000,000","5,100,000","8,900,000","13,900,000"
BasicEPS,,"0.44","0.52","0.33","0.42","0.41","0.43","0.38","0.42","0.45","0.48","0.37","0.53","0.45","0.49","0.4","0.45","0.57","0.41","0.35","0.4","0.44","0.46","0.37","0.41","0.44","0.355","0.28","0.34","0.325","0.325","0.26","0.265","0.29","0.3","0.215","0.235","0.245","0.25","0.21","0.245","0.245",,"0.185","0.205","0.28",,"0.16","0.145","0.208",,"0.143","0.15","0.153",,"0.095","0.143","0.163",,"0.105","0.123","0.138",,"0.108","0.123","0.125",,"0.093","0.1","0.118",,"0.103","0.098","0.093",,"0.063","0.06","0.085",,"0.07","0.06","0.09",,"0.06","0.07","0.075",,"0.053","0.065","0.078",,"0.053","0.055","0.073",,"0.035","0.045","0.078",,"0.03","0.043","0.035",,"0.008","0.04","0.035",,"0.035","0.043","0.058",,"0.033","0.038","0.035",,"0.033","0.035","0.033",,"0.028","0.033","0.028",,"0.023","0.028","0.035",,"0.02","0.023","0.025",,"0.025","0.018","0.023",,"0.02","0.013","0.02",,"0.02","0.018","0.008",,"0.015","0.01","0.015",
DilutedEPS,,"0.44","0.51","0.32","0.42","0.41","0.43","0.37","0.42","0.45","0.47","0.37","0.52","0.44","0.48","0.39","0.44","0.56","0.41","0.34","0.39","0.44","0.45","0.36","0.4","0.43","0.345","0.27","0.335","0.32","0.315","0.255","0.26","0.285","0.29","0.21","0.23","0.24","0.245","0.205","0.24","0.24",,"0.18","0.2","0.275",,"0.158","0.143","0.205",,"0.143","0.148","0.15",,"0.095","0.14","0.16",,"0.103","0.123","0.135",,"0.108","0.12","0.125",,"0.093","0.1","0.115",,"0.1","0.095","0.093",,"0.063","0.06","0.085",,"0.068","0.058","0.09",,"0.06","0.07","0.075",,"0.053","0.065","0.075",,"0.05","0.055","0.073",,"0.035","0.043","0.078",,"0.03","0.043","0.035",,"0.008","0.04","0.035",,"0.035","0.043","0.058",,"0.033","0.038","0.035",,"0.033","0.035","0.033",,"0.028","0.033","0.028",,"0.023","0.028","0.035",,"0.02","0.023","0.025",,"0.025","0.018","0.023",,"0.02","0.013","0.02",,"0.02","0.018","0.008",,"0.015","0.01","0.015",
BasicAverageShares,,"542,680,000","542,496,000","541,746,000","540,195,000","539,913,000","539,726,000","539,108,000","538,119,000","535,075,000","534,151,000","534,188,000","535,480,000","534,495,000","533,110,000","530,606,000","529,799,000","529,453,000","527,990,000","528,165,000","528,712,000","528,585,000","528,778,000","529,660,000","529,898,000","528,862,000","528,648,000","528,516,000","528,056,000","527,352,000","527,176,000","527,966,000","527,852,000","527,504,000","527,706,000","529,210,000","529,736,000","527,888,000","525,898,000","526,718,000","527,220,000","527,892,000",,"533,850,000","534,414,000","533,120,000",,"532,804,000","534,372,000","534,356,000",,"537,020,000","537,088,000","537,508,000",,"541,564,000","542,608,000","542,824,000",,"549,788,000","550,972,000","550,132,000",,"551,652,000","551,624,000","551,592,000",,"552,108,000","553,320,000","552,144,000",,"555,304,000","554,504,000","554,448,000",,"553,752,000","553,520,000","553,556,000",,"555,216,000","555,276,000","554,932,000",,"553,533,333","555,628,571","554,258,404",,"554,971,429","557,753,846","565,161,290",,"563,809,524","578,181,818","584,827,586",,"600,000,000","584,444,444","603,870,968",,"606,666,667","604,705,882","600,000,000",,"533,333,333","612,500,000","591,428,571",,"600,000,000","597,647,059","617,391,304",,"621,538,462","613,333,333","588,571,429",,"587,692,308","617,142,857","593,846,154",,"585,454,545","615,384,615","618,181,818",,"568,888,889","603,636,364","582,857,143",,"630,000,000","613,333,333","576,000,000",,"572,000,000","560,000,000","608,888,889",,"580,000,000","608,000,000","610,000,000",,"565,000,000","571,428,571","600,000,000",,"600,000,000","510,000,000","593,333,333",
DilutedAverageShares,,"547,928,000","547,290,000","548,072,000","547,536,000","547,444,000","548,029,000","547,149,000","546,373,000","544,815,000","543,802,000","543,678,000","546,330,000","547,118,000","545,421,000","543,762,000","542,811,000","543,482,000","537,952,000","538,814,000","539,635,000","540,064,000","541,312,000","542,163,000","543,769,000","542,737,000","541,792,000","541,204,000","540,888,000","540,122,000","539,656,000","540,800,000","540,820,000","540,448,000","540,416,000","541,538,000","541,560,000","538,280,000","536,298,000","537,492,000","538,122,000","539,216,000",,"545,518,000","545,694,000","543,480,000",,"540,652,000","542,316,000","541,424,000",,"542,880,000","541,492,000","540,652,000",,"548,220,000","550,480,000","550,664,000",,"557,656,000","558,844,000","558,268,000",,"558,736,000","558,236,000","557,356,000",,"558,032,000","559,448,000","558,504,000",,"562,392,000","561,168,000","560,408,000",,"559,260,000","558,132,000","559,000,000",,"561,036,000","562,412,000","554,932,000",,"553,533,333","555,628,571","558,336,572",,"554,971,429","557,753,846","584,000,000",,"592,000,000","578,181,818","584,827,586",,"600,000,000","618,823,529","603,870,968",,"606,666,667","604,705,882","600,000,000",,"533,333,333","612,500,000","591,428,571",,"600,000,000","597,647,059","617,391,304",,"621,538,462","613,333,333","588,571,429",,"587,692,308","617,142,857","593,846,154",,"585,454,545","615,384,615","618,181,818",,"568,888,889","603,636,364","582,857,143",,"630,000,000","613,333,333","576,000,000",,"572,000,000","560,000,000","608,888,889",,"580,000,000","608,000,000","610,000,000",,"565,000,000","571,428,571","600,000,000",,"600,000,000","510,000,000","593,333,333",
TotalOperatingIncomeAsReported,"1,174,256,000","319,675,000","357,682,000","207,484,000","289,415,000","268,018,000","276,697,000","249,576,000","293,460,000","280,488,000","320,996,000","256,657,000","312,364,000","306,248,000","324,394,000","261,566,000","306,373,000","306,588,000","329,370,000","279,705,000","316,032,000","355,362,000","365,750,000","274,790,000","323,817,000","359,538,000","292,498,000","231,159,000","277,697,000","265,966,000","263,368,000","214,504,000","216,556,000","237,192,000","240,202,000","180,653,000","186,929,000","198,205,000","202,145,000","171,857,000","194,739,000","195,933,000","186,950,000","146,822,000","172,763,000","235,749,000","192,648,000","140,614,000","137,637,000","175,676,000","162,154,000","118,604,000","122,962,000","129,694,000","144,108,000","94,031,000","124,553,000","150,969,000","155,680,000","95,539,000","112,915,000","119,786,000","145,319,000","94,749,000","104,993,000","105,648,000","138,760,000","85,957,000","94,781,000","104,601,000","115,189,000","95,461,000","81,470,000","85,224,000","118,262,000","55,393,000","59,684,000","77,071,000","115,702,000","62,481,000","55,503,000","84,564,000","113,380,000","56,483,000","64,848,000","65,595,000","93,600,000","46,272,000","56,014,000","66,700,000","89,400,000","43,400,000","49,600,000","58,500,000","65,600,000","33,700,000","37,900,000","46,100,000","65,700,000","28,200,000","41,400,000","33,100,000","53,500,000","5,300,000","35,700,000","27,200,000","58,900,000","31,600,000","38,400,000","54,500,000","86,100,000","31,700,000","37,300,000","32,100,000","64,000,000","29,900,000","33,100,000","28,500,000","68,200,000","20,200,000","31,600,000","26,500,000","55,700,000","677,400,000","697,000,000","31,700,000","56,300,000","654,700,000","633,100,000","22,500,000","49,200,000","564,000,000","526,300,000","551,200,000","-1,538,800,000","546,900,000","535,700,000","554,900,000","-1,484,300,000","574,800,000","556,900,000","440,500,000","-1,333,800,000","485,000,000","442,200,000","480,800,000","-991,600,000"
TotalExpenses,"10,835,579,000","2,731,582,000","3,107,111,000","2,666,606,000","2,330,280,000","2,207,357,000","2,153,137,000","2,140,117,000","2,139,025,000","2,111,535,000","2,191,585,000","2,037,432,000","2,045,671,000","2,065,565,000","2,191,838,000","2,110,717,000","2,037,681,000","2,048,236,000","2,175,272,000","1,931,626,000","1,881,398,000","1,938,164,000","2,273,427,000","2,033,967,000","1,985,020,000","1,944,609,000","2,094,780,000","1,963,824,000","2,009,522,000","2,130,767,000","2,286,126,000","2,073,983,000","2,031,893,000","2,010,219,000","2,085,130,000","1,980,218,000","1,972,951,000","1,927,879,000","1,978,090,000","1,846,154,000","1,825,936,000","1,843,506,000","1,916,948,000","1,763,770,000","1,786,278,000","1,692,714,000","1,874,522,000","1,592,059,000","1,566,097,000","1,554,592,000","1,513,612,000","1,456,126,000","1,473,621,000","1,559,296,000","1,721,639,000","1,584,111,000","1,469,531,000","1,472,565,000","1,512,137,000","1,424,466,000","1,391,682,000","1,384,297,000","1,411,990,000","1,312,145,000","1,260,352,000","1,310,285,000","11,339,148,000","1,269,064,000","942,434,000","1,166,830,000","1,230,027,000","1,060,538,000","1,061,657,000","1,050,309,000","1,051,619,000","954,002,000","942,918,000","941,379,000","923,193,000","871,297,000","899,124,000","898,450,000","1,005,342,000","983,008,000","953,558,000","881,898,000","912,581,000","839,743,000","823,009,000","837,200,000","861,500,000","773,400,000","741,500,000","740,500,000","846,400,000","722,100,000","740,400,000","768,800,000","802,500,000","751,500,000","757,100,000","777,200,000","824,300,000","744,600,000","711,000,000","697,200,000","776,200,000","700,800,000","709,600,000","676,200,000","754,400,000","709,400,000","729,700,000","684,100,000","753,400,000","647,900,000","643,600,000","653,600,000","773,500,000","651,000,000","640,700,000","602,000,000","704,900,000",,,"669,500,000","716,500,000",,,"598,000,000","649,900,000",,,,,,,,,,,,,,,,
NetIncomeFromContinuingAndDiscontinuedOperation,"926,127,000","239,571,000","281,738,000","176,917,000","227,901,000","222,283,000","234,356,000","203,119,000","227,734,000","242,872,000","255,503,000","199,449,000","282,429,000","241,425,000","261,406,000","210,243,000","237,384,000","303,107,000","218,154,000","182,508,000","210,926,000","235,147,000","243,940,000","195,654,000","215,397,000","235,061,000","187,231,000","146,938,000","180,201,000","171,718,000","171,264,000","137,975,000","140,090,000","153,348,000","157,340,000","113,635,000","125,520,000","129,716,000","132,601,000","111,167,000","127,887,000","128,395,000","117,309,000","98,481,000","109,579,000","148,826,000","121,148,000","85,370,000","77,862,000","111,207,000","103,876,000","77,169,000","80,385,000","81,383,000","67,811,000","51,947,000","77,561,000","88,181,000","101,192,000","57,374,000","68,001,000","75,325,000","90,004,000","59,551,000","67,308,000","69,276,000","81,733,000","51,433,000","55,819,000","64,474,000","69,843,000","56,343,000","53,651,000","51,826,000","70,365,000","34,673,000","33,801,000","46,940,000","67,970,000","38,261,000","32,740,000","50,351,000","68,803,000","33,212,000","38,894,000","41,532,000","60,979,000","29,136,000","36,254,000","43,800,000","59,600,000","29,600,000","31,800,000","42,400,000","45,200,000","21,000,000","26,300,000","46,800,000","44,700,000","18,200,000","25,700,000","21,000,000","30,200,000","4,000,000","24,500,000","20,700,000","38,500,000","21,000,000","25,400,000","35,500,000","54,300,000","20,200,000","23,000,000","20,600,000","40,800,000","19,100,000","21,600,000","19,300,000","42,000,000","16,100,000","20,000,000","17,000,000","36,600,000","12,800,000","16,600,000","20,400,000","36,300,000","12,600,000","13,800,000","14,400,000","32,300,000","14,300,000","9,800,000","13,700,000","28,800,000","11,600,000","7,600,000","12,200,000","20,100,000","11,300,000","10,000,000","4,500,000","16,100,000","9,000,000","5,100,000","8,900,000","13,900,000"
NormalizedIncome,"926,127,000","239,571,000","281,738,000","176,917,000","227,901,000","222,283,000","234,356,000","203,119,000","227,734,000","242,872,000","255,503,000","199,449,000","282,429,000","241,425,000","261,406,000","210,243,000","237,384,000","303,107,000","218,273,103.843","182,508,000","210,926,000","235,147,000","243,940,000","195,654,000","216,055,024","235,061,000","187,231,000","146,938,000","180,201,000","171,718,000","171,264,000","137,975,000","140,090,000","153,348,000","157,340,000","113,635,000","125,520,000","129,716,000","132,601,000","104,652,468.742","122,686,859.851","128,395,000","117,309,000","98,481,000","109,579,000","144,314,057.301","121,148,000","85,370,000","77,862,000","111,207,000","103,876,000","77,169,000","80,385,000","81,383,000","67,811,000","51,947,000","77,561,000","88,181,000","101,192,000","57,374,000","68,001,000","75,325,000","90,004,000","59,551,000","67,308,000","69,276,000","81,733,000","51,433,000","55,819,000","64,474,000","69,843,000","44,873,236.231","53,651,000","51,826,000","70,365,000","34,673,000","33,801,000","46,940,000","67,970,000","38,261,000","32,740,000","50,351,000","68,803,000","33,212,000","38,894,000","41,532,000","69,110,357.773","27,461,590.84","33,074,318.622","40,347,153.285","66,936,383.442","25,948,898.678","30,157,438.017","35,752,815.83","41,794,977.843","18,460,176.991","22,459,158.416","26,662,948.207","39,177,470.93","15,941,134.752","23,877,750.611","19,096,676.737","33,667,640.919","2,860,000","22,754,617.414","16,760,120.846","36,268,115.942","19,317,507.418","23,484,184.915","33,346,620.451","53,177,841.561","19,101,510.574","22,388,297.872","19,428,143.713","39,736,196.319","18,120,512.821","20,532,558.14","17,962,376.238","40,600,000","14,808,962.264","18,554,216.867","15,772,563.177","35,324,738.676","12,800,000","16,600,000","19,214,678.899","35,282,837.128","12,600,000","13,800,000","13,564,285.714","31,583,669.355","14,300,000","9,800,000","13,700,000","28,800,000","11,600,000","7,600,000","12,200,000","20,100,000","11,300,000","10,000,000","4,500,000","16,100,000","9,000,000","5,100,000","8,900,000","13,900,000"
InterestIncome,"33,456,000","3,869,000","10,138,000","8,457,000","10,992,000","17,291,000","10,307,000","15,513,000",,"13,251,000","5,793,000","7,556,000","11,297,000","6,874,000","3,439,000","4,601,000","-2,489,000","3,306,000","4,216,000","1,376,000","2,818,000","2,449,000","2,271,000","2,474,000","3,409,000","-1,963,000","479,000","189,000","1,117,000","1,149,000","766,000","1,603,000","-306,000","1,173,000","2,500,000","-455,000","1,116,000","1,810,000","1,748,000","844,000","2,338,000","1,590,000",,"139,000","1,972,000","441,000","2,389,000","310,000","1,423,000","443,000","2,178,000","6,410,000","8,584,000","2,391,000",,,,,,,,,,,,,,,,,,,,,,,,,,,,,,,,,,,,,,,,,,,,,,,,,,,,,,,,,,,,,,,,,,,,,,,,,,,,,,,,,,,,,,,,,,,,,
InterestExpense,"49,720,000","14,640,000","15,589,000","11,703,000","7,788,000","8,227,000","8,271,000","5,724,000","6,971,000","3,577,000","3,095,000","3,213,000","5,615,000","6,147,000","6,329,000","8,435,000","9,490,000","4,729,000","3,577,000","3,057,000","3,023,000","3,026,000","3,288,000","3,147,000","3,029,000","5,370,000","3,821,000","3,129,000","3,083,000","3,078,000","3,392,000","3,125,000","3,399,000","3,094,000","3,095,000","3,577,000","3,142,000","3,094,000","3,155,000","3,207,000","3,283,000","3,214,000","3,273,000","5,623,000","7,187,000","6,579,000","6,961,000","6,493,000","6,574,000","6,561,000","6,659,000","6,963,000","6,918,000","7,455,000",,,,"11,658,000",,,,,,,,,,,,,,,,,,,,,,,,,,,,,,,,,,,,,,,,,,,,,,,,,,,,,,,,,,,,,,,,,,,,,,,,,,,,,,,,,,,,,,,,,
NetInterestIncome,"-16,264,000","-10,771,000","-5,451,000","-3,246,000","3,204,000","9,064,000","2,036,000","9,789,000","-6,971,000","9,674,000","2,698,000","4,343,000","5,682,000","727,000","-2,890,000","-3,834,000","-9,490,000","-1,423,000","639,000","-1,681,000","-205,000","-577,000","-1,017,000","-673,000","380,000","-5,370,000","-3,342,000","-2,940,000","-1,966,000","-1,929,000","-2,626,000","-1,522,000","-3,399,000","-1,921,000","-595,000","-3,577,000","-2,026,000","-1,284,000","-1,407,000","-2,363,000","-945,000","-1,624,000","-5,825,000","-5,484,000","-5,215,000","-6,138,000","-4,572,000","-6,183,000","-5,151,000","-6,118,000","-4,481,000","-553,000","1,666,000","-5,064,000",,,,"-11,658,000",,,,,,,,,,,,,,,,,,,,,,,,,,,,,,,,,,,,,,,,,,,,,,,,,,,,,,,,,,,,,,,,,,,,,,,,,,,,,,,,,,,,,,,,,
EBIT,"1,207,712,000","323,544,000","367,819,000","215,941,000","300,408,000","285,309,000","287,004,000","265,088,000","293,460,000","293,739,000","326,789,000","264,213,000","323,661,000","313,122,000","327,833,000","266,167,000","306,373,000","309,894,000","333,586,000","281,081,000","318,850,000","357,811,000","368,021,000","277,264,000","327,226,000","359,538,000","292,977,000","231,348,000","278,814,000","267,115,000","264,134,000","216,107,000","216,556,000","238,365,000","242,702,000","180,653,000","188,045,000","200,015,000","203,893,000","172,701,000","197,077,000","197,523,000","183,612,000","146,961,000","174,735,000","236,190,000","195,037,000","140,924,000","139,060,000","176,119,000","164,332,000","125,014,000","131,546,000","132,085,000","144,108,000","94,031,000","124,553,000","150,969,000","169,304,000","95,539,000","112,915,000","119,786,000","145,319,000","94,749,000","104,993,000","105,648,000","-9,861,240,000","85,957,000","367,203,000","104,601,000","115,189,000","95,461,000","81,470,000","85,224,000","118,262,000","55,393,000","59,684,000","77,071,000","115,702,000","62,481,000","55,503,000","84,564,000","113,380,000","56,483,000","64,848,000","65,595,000","93,600,000","46,272,000","56,014,000","66,700,000","89,400,000","43,400,000","49,600,000","58,500,000","65,600,000","33,700,000","37,900,000","46,100,000","65,700,000","28,200,000","41,400,000","33,100,000","53,500,000","5,300,000","35,700,000","27,200,000","58,900,000","31,600,000","38,400,000","54,500,000","86,100,000","31,700,000","37,300,000","32,100,000","64,000,000","29,900,000","33,100,000","28,500,000","68,200,000","20,200,000","31,600,000","26,500,000","55,700,000","677,400,000","697,000,000","31,700,000","56,300,000","654,700,000","633,100,000","22,500,000","49,200,000","564,000,000","526,300,000","551,200,000","-1,538,800,000","546,900,000","535,700,000","554,900,000","-1,484,300,000","574,800,000","556,900,000","440,500,000","-1,333,800,000","485,000,000","442,200,000","480,800,000","-991,600,000"
EBITDA,"1,449,355,000"
ReconciledCostOfRevenue,"9,952,916,000","2,505,610,000","2,876,670,000","2,440,322,000","2,130,314,000","2,010,977,000","1,962,340,000","1,959,032,000","1,945,113,000","1,916,014,000","2,007,790,000","1,857,263,000","1,875,595,000","1,872,021,000","1,987,301,000","1,899,970,000","1,833,882,000","1,829,114,000","1,981,054,000","1,754,966,000","1,700,389,000","1,727,947,000","2,029,421,000","1,827,091,000","1,773,876,000","1,734,661,000","1,905,828,000","1,779,197,000","1,819,789,000","1,950,468,000","2,120,187,000","1,920,948,000","1,866,108,000","1,844,030,000","1,937,686,000","1,829,219,000","1,799,885,000","1,772,048,000","1,818,405,000","1,701,132,000","1,677,252,000","1,702,030,000","1,767,872,000","1,612,737,000","1,632,814,000","1,547,553,000","1,708,066,000","1,445,536,000","1,419,315,000","1,409,060,000","1,370,908,000","1,314,116,000","1,333,005,000","1,416,771,000","1,464,117,000","1,332,448,000","1,217,445,000","1,219,146,000","1,278,524,000","1,196,624,000","1,158,711,000","1,144,646,000","1,180,747,000","1,084,740,000","1,033,866,000","1,062,938,000","1,110,548,000","1,054,277,000","1,006,946,000","959,618,000","1,026,334,000","899,071,000","869,708,000","863,757,000","874,528,000","782,208,000","764,154,000","766,285,000","773,161,000","706,968,000","730,570,000","736,762,000","789,909,000","766,531,000","752,419,000","680,478,000","711,924,000","649,979,000","622,353,000","624,700,000","646,000,000","580,000,000","548,500,000","540,500,000","639,200,000","546,200,000","563,600,000","591,100,000","637,800,000","596,600,000","595,900,000","614,400,000","667,600,000","593,100,000","557,900,000","537,000,000","626,900,000","554,000,000","556,600,000","519,600,000","597,800,000","573,300,000","589,000,000","548,800,000","618,000,000","516,600,000","514,400,000","525,600,000","637,500,000","525,600,000","513,200,000","482,600,000","589,500,000",,,"550,500,000","604,900,000",,,"486,400,000","545,400,000",,,,,,,,,,,,,,,,
ReconciledDepreciation,"241,643,000","64,280,000","65,916,000","59,184,000","52,263,000","51,043,000","56,007,000","49,857,000","50,588,000","49,329,000","42,994,000","41,472,000","40,725,000","40,018,000","40,750,000","40,792,000","41,193,000","39,123,000","34,856,000","32,793,000","32,009,000","31,319,000","35,448,000","32,612,000","32,104,000","31,804,000","34,407,000","33,300,000","32,968,000","32,759,000","32,910,000","33,450,000","31,924,000","31,760,000","31,864,000","31,825,000","31,317,000","29,844,000","30,867,000","28,920,000","28,892,000","30,815,000","31,238,000","30,646,000","31,084,000","31,197,000","33,473,000","30,647,000","30,621,000","30,850,000","33,064,000","31,580,000","31,461,000","31,033,000","31,075,000","31,143,000","30,911,000","33,060,000","33,011,000","31,085,000","31,533,000","31,109,000","31,405,000","29,993,000","29,643,000","30,060,000","28,598,000","30,862,000","29,569,000","26,160,000","24,917,000","23,428,000","23,375,000","23,025,000","23,366,000","21,831,000","22,317,000","20,506,000","20,958,000","20,972,000","20,648,000","20,660,000","26,751,000","24,871,000","21,680,000","16,891,000","16,580,000","16,650,000","16,556,000","16,100,000","16,600,000","15,800,000","15,600,000","16,700,000","17,100,000","14,900,000","14,200,000","14,100,000","14,700,000","12,900,000","12,900,000","12,400,000","11,700,000","10,800,000","10,300,000","9,900,000","9,500,000","9,300,000","9,400,000","9,000,000","12,600,000","6,700,000","8,700,000","8,600,000","8,400,000","8,100,000","8,400,000","7,300,000","8,800,000","6,700,000","9,400,000","8,400,000","7,900,000",,,"8,900,000","9,000,000",,,"8,700,000","8,100,000",,,,,,,,,,,,,,,,
NetIncomeFromContinuingOperationNetMinorityInterest,"926,127,000","239,571,000","281,738,000","176,917,000","227,901,000","222,283,000","234,356,000","203,119,000","227,734,000","242,872,000","255,503,000","199,449,000","282,429,000","241,425,000","261,406,000","210,243,000","237,384,000","303,107,000","218,154,000","182,508,000","210,926,000","235,147,000","243,940,000","195,654,000","215,397,000","235,061,000","187,231,000","146,938,000","180,201,000","171,718,000","171,264,000","137,975,000","140,090,000","153,348,000","157,340,000","113,635,000","125,520,000","129,716,000","132,601,000","111,167,000","127,887,000","128,395,000","117,309,000","98,481,000","109,579,000","148,826,000","121,148,000","85,370,000","77,862,000","111,207,000","103,876,000","77,169,000","80,385,000","81,383,000","67,811,000","51,947,000","77,561,000","88,181,000","101,192,000","57,374,000","68,001,000","75,325,000","90,004,000","59,551,000","67,308,000","69,276,000","81,733,000","51,433,000","55,819,000","64,474,000","69,843,000","56,343,000","53,651,000","51,826,000","70,365,000","34,673,000","33,801,000","46,940,000","67,970,000","38,261,000","32,740,000","50,351,000","68,803,000","33,212,000","38,894,000","41,532,000","60,979,000","29,136,000","36,254,000","43,800,000","59,600,000","29,600,000","31,800,000","42,400,000","45,200,000","21,000,000","26,300,000","46,800,000","44,700,000","18,200,000","25,700,000","21,000,000","30,200,000","4,000,000","24,500,000","20,700,000","38,500,000","21,000,000","25,400,000","35,500,000","54,300,000","20,200,000","23,000,000","20,600,000","40,800,000","19,100,000","21,600,000","19,300,000","42,000,000","16,100,000","20,000,000","17,000,000","36,600,000","12,800,000","16,600,000","20,400,000","36,300,000","12,600,000","13,800,000","14,400,000","32,300,000","14,300,000","9,800,000","13,700,000","28,800,000","11,600,000","7,600,000","12,200,000","20,100,000","11,300,000","10,000,000","4,500,000","16,100,000","9,000,000","5,100,000","8,900,000","13,900,000"
TotalUnusualItemsExcludingGoodwill,,,,,,,,,,,"0",,,,"-17,279,000",,,,"-180,000","0","0",,"0","0","-991,000",,"-21,537,000",,,,,,,,,,,,,"9,823,000","7,816,000",,,,,"6,905,000",,,"-3,952,000","0",,,"0","2,391,000",,,,,,,,,,,,,,,,,"0","18,063,000",,,,,,,,,,,,,,,"-12,493,000","2,615,000","4,968,000","5,400,000","-11,300,000","5,600,000","2,500,000","10,300,000","5,100,000","4,100,000","5,900,000","32,400,000","8,500,000","3,500,000","2,900,000","3,000,000","-5,500,000","1,900,000","2,700,000","6,300,000","3,600,000","2,700,000","3,100,000","3,500,000","1,800,000","1,800,000","1,000,000","1,900,000","1,700,000","1,600,000","1,700,000","2,100,000","2,300,000","1,700,000","2,400,000","2,000,000","2,000,000",,,"1,900,000","1,600,000",,,"1,300,000","1,100,000",,,,,,,,,,,,,,,,
TotalUnusualItems,,,,,,,,,,,"0",,,,"-17,279,000",,,,"-180,000","0","0",,"0","0","-991,000",,"-21,537,000",,,,,,,,,,,,,"9,823,000","7,816,000",,,,,"6,905,000",,,"-3,952,000","0",,,"0","2,391,000",,,,,,,,,,,,,,,,,"0","18,063,000",,,,,,,,,,,,,,,"-12,493,000","2,615,000","4,968,000","5,400,000","-11,300,000","5,600,000","2,500,000","10,300,000","5,100,000","4,100,000","5,900,000","32,400,000","8,500,000","3,500,000","2,900,000","3,000,000","-5,500,000","1,900,000","2,700,000","6,300,000","3,600,000","2,700,000","3,100,000","3,500,000","1,800,000","1,800,000","1,000,000","1,900,000","1,700,000","1,600,000","1,700,000","2,100,000","2,300,000","1,700,000","2,400,000","2,000,000","2,000,000",,,"1,900,000","1,600,000",,,"1,300,000","1,100,000",,,,,,,,,,,,,,,,
NormalizedEBITDA,"1,449,355,000","387,824,000","433,735,000","275,125,000","352,671,000","336,352,000","343,011,000","314,945,000","344,048,000","343,068,000","369,783,000","305,685,000","364,386,000","353,140,000","368,583,000","306,959,000","347,566,000","349,017,000","368,622,000","313,874,000","350,859,000","389,130,000","403,469,000","309,876,000","360,321,000","391,342,000","327,384,000","264,648,000","311,782,000","299,874,000","297,044,000","249,557,000","248,480,000","270,125,000","274,566,000","212,478,000","219,362,000","229,859,000","234,760,000","191,798,000","218,153,000","228,338,000","214,850,000","177,607,000","205,819,000","260,482,000","228,510,000","171,571,000","169,681,000","206,969,000","197,396,000","156,594,000","163,007,000","163,118,000","175,183,000","125,174,000","155,464,000","184,029,000","202,315,000","126,624,000","144,448,000","150,895,000","176,724,000","124,742,000","134,636,000","135,708,000","-9,832,642,000","116,819,000","396,772,000","130,761,000","140,106,000","100,826,000","104,845,000","108,249,000","141,628,000","77,224,000","82,001,000","97,577,000","136,660,000","83,453,000","76,151,000","105,224,000","140,131,000","81,354,000","86,528,000","82,486,000","122,673,000","60,307,000","67,602,000","77,400,000","117,300,000","53,600,000","62,700,000","64,900,000","77,600,000","44,500,000","46,200,000","27,800,000","71,900,000","37,600,000","51,400,000","42,500,000","70,700,000","14,200,000","43,300,000","30,800,000","64,800,000","38,400,000","44,700,000","60,000,000","96,900,000","37,900,000","45,000,000","38,800,000","70,700,000","36,400,000","39,800,000","33,700,000","74,700,000","27,000,000","38,600,000","32,900,000","61,600,000","677,400,000","697,000,000","38,700,000","63,700,000","654,700,000","633,100,000","29,900,000","56,200,000","564,000,000","526,300,000","551,200,000","-1,538,800,000","546,900,000","535,700,000","554,900,000","-1,484,300,000","574,800,000","556,900,000","440,500,000","-1,333,800,000","485,000,000","442,200,000","480,800,000","-991,600,000"
TaxRateForCalcs,"0.2","0.224","0.2","0.133","0.221","0.197","0.159","0.216","0.206","0.163","0.21","0.236","0.111","0.213","0.187","0.184","0.2","0.006","0.338","0.343","0.332","0.337","0.33","0.286","0.336","0.336","0.352","0.356","0.346","0.347","0.341","0.347","0.34","0.343","0.339","0.357","0.315","0.335","0.331","0.337","0.335","0.334","0.343","0.293","0.339","0.347","0.348","0.358","0.35","0.338","0.341","0.346","0.355","0.347","0.35","0.352","0.361","0.367","0.349","0.364","0.374","0.348","0.362","0.32","0.338","0.309","0.381","0.369","0.373","0.371","0.365","0.365","0.363","0.365","0.37","0.352","0.353","0.347","0.349","0.349","0.365","0.365","0.363","0.348","0.363","0.362","0.349","0.36","0.36","0.361","0.351","0.348","0.343","0.355","0.332","0.381","0.349","0.378","0.35","0.355","0.372","0.366","0.37","0.4","0.354","0.375","0.38","0.377","0.382","0.385","0.377","0.39","0.388","0.383","0.374","0.388","0.372","0.363","0.391","0.241","0.398","0.386","0.362","0.4","0.4","0.376","0.364","0.4","0.4","0.357","0.349","0.4","0.4","0.4","0.4","0.4","0.4","0.4","0.4","0.4","0.4","0.4","0.4","0.4","0.4","0.4","0.4"
TaxEffectOfUnusualItems,"0","0","0","0","0","0","0","0","0","0","0","0","0","0","0","0","0","0","-60,896.157","0","0","0","0","0","-332,976","0","0","0","0","0","0","0","0","0","0","0","0","0","0","3,308,468.742","2,615,859.851","0","0","0","0","2,393,057.301","0","0","0","0","0","0","0","0","0","0","0","0","0","0","0","0","0","0","0","0","0","0","0","0","0","6,593,236.231","0","0","0","0","0","0","0","0","0","0","0","0","0","0","-4,361,642.227","940,590.84","1,788,318.622","1,947,153.285","-3,963,616.558","1,948,898.678","857,438.017","3,652,815.83","1,694,977.843","1,560,176.991","2,059,158.416","12,262,948.207","2,977,470.93","1,241,134.752","1,077,750.611","1,096,676.737","-2,032,359.081","760,000","954,617.414","2,360,120.846","1,368,115.942","1,017,507.418","1,184,184.915","1,346,620.451","677,841.561","701,510.574","388,297.872","728,143.713","636,196.319","620,512.821","632,558.14","762,376.238","900,000","408,962.264","954,216.867","772,563.177","724,738.676","0","0","714,678.899","582,837.128","0","0","464,285.714","383,669.355","0","0","0","0","0","0","0","0","0","0","0","0","0","0","0","0"