name,ttm,12/31/2021,09/30/2021,06/30/2021,03/31/2021,12/31/2020,09/30/2020,06/30/2020,03/31/2020,12/31/2019,09/30/2019,06/30/2019,03/31/2019,12/31/2018,09/30/2018,06/30/2018,03/31/2018,12/31/2017,09/30/2017,06/30/2017,03/31/2017,12/31/2016,09/30/2016,06/30/2016,03/31/2016,12/31/2015,09/30/2015,06/30/2015,03/31/2015,12/31/2014,09/30/2014,06/30/2014,03/31/2014,12/31/2013,09/30/2013,06/30/2013,03/31/2013,12/31/2012,09/30/2012,06/30/2012,03/31/2012,12/31/2011,09/30/2011,06/30/2011,03/31/2011,12/31/2010,09/30/2010,06/30/2010,03/31/2010,12/31/2009,09/30/2009,06/30/2009,03/31/2009,12/31/2008,09/30/2008,06/30/2008,03/31/2008,12/31/2007,09/30/2007,06/30/2007,03/31/2007,12/31/2006,09/30/2006,06/30/2006,03/31/2006,12/31/2005,09/30/2005,06/30/2005,03/31/2005,12/31/2004,09/30/2004,06/30/2004,03/31/2004,12/31/2003,09/30/2003,08/31/2003,06/30/2003,03/31/2003,12/31/2002,09/30/2002,08/31/2002,06/30/2002,05/31/2002,03/31/2002,12/31/2001,09/30/2001,08/31/2001,06/30/2001,03/31/2001,12/31/2000,09/30/2000,08/31/2000,06/30/2000,03/31/2000,12/31/1999,09/30/1999,08/31/1999,06/30/1999,03/31/1999,12/31/1998,09/30/1998,06/30/1998,03/31/1998,12/31/1997,09/30/1997,06/30/1997,03/31/1997,12/31/1996,09/30/1996,06/30/1996,03/31/1996,12/31/1995,09/30/1995,06/30/1995,03/31/1995,12/31/1994,09/30/1994,06/30/1994,03/31/1994
TotalRevenue,"2,890,000,000","998,000,000","844,000,000","649,000,000","399,000,000","267,000,000","198,000,000","103,000,000","1,052,000,000","1,334,000,000","1,262,000,000","1,483,000,000","1,390,000,000","1,361,000,000","1,299,000,000","1,518,000,000","1,346,000,000","1,344,000,000","1,254,000,000","1,441,000,000","1,348,000,000","1,337,000,000","1,295,000,000","1,459,000,000","1,339,000,000","1,334,000,000","1,287,000,000","1,449,000,000","1,317,000,000","1,320,000,000","1,294,000,000","1,431,000,000","1,309,000,000","1,295,000,000","1,223,000,000","1,420,000,000","1,255,000,000","1,731,000,000","1,204,000,000","1,368,000,000","985,000,000","1,658,000,000","1,142,000,000","1,296,000,000","903,000,000","1,494,000,000","1,006,000,000","1,114,000,000","823,000,000","1,319,000,000","912,000,000","1,064,000,000","882,000,000","1,647,000,000","1,168,000,000","1,415,000,000","1,058,000,000","1,792,000,000","1,206,000,000","1,391,000,000","1,037,000,000","1,699,000,000","1,135,000,000","1,212,000,000","848,000,000","1,234,000,000","841,000,000","993,000,000","818,000,000","1,100,000,000","810,000,000","927,000,000","809,000,000","1,050,000,000","752,000,000","760,000,000","874,000,000","805,000,000","1,170,000,000","794,000,000","789,000,000","926,000,000","920,000,000","790,000,000","1,017,000,000","856,000,000","848,000,000","1,002,000,000","872,000,000","850,000,000","239,000,000","239,000,000","199,000,000","185,000,000","439,000,000","289,000,000","203,000,000","341,000,000","307,000,000","2,473,000,000","293,000,000","402,000,000","345,000,000","379,000,000","246,000,000","270,000,000","252,000,000","268,000,000","167,000,000","167,000,000","130,000,000","166,000,000","110,000,000","369,000,000","331,000,000","454,000,000","387,000,000","359,000,000","301,000,000"
	OperatingRevenue,"2,890,000,000","998,000,000","844,000,000","649,000,000","334,000,000","435,000,000","157,000,000","72,000,000","956,000,000","1,237,000,000","1,171,000,000","1,380,000,000","1,290,000,000","1,273,000,000","1,211,000,000","1,422,000,000","1,257,000,000","1,256,000,000","1,174,000,000","1,356,000,000","1,265,000,000","1,253,000,000","1,215,000,000","1,372,000,000","1,251,000,000","1,248,000,000","1,207,000,000","1,357,000,000","1,221,000,000","1,235,000,000","1,214,000,000","1,336,000,000","1,213,000,000","1,283,000,000","1,214,000,000","1,407,000,000","1,238,000,000","1,458,000,000","1,204,000,000","1,368,000,000","985,000,000","1,658,000,000","1,142,000,000","1,296,000,000","903,000,000","1,494,000,000","1,006,000,000","1,114,000,000","823,000,000","1,319,000,000","912,000,000","1,064,000,000","882,000,000","1,647,000,000","1,168,000,000","1,415,000,000","1,063,000,000","1,870,000,000","1,184,000,000","1,407,000,000","1,046,000,000","1,721,000,000","1,144,000,000","1,215,000,000","855,000,000","1,242,000,000","846,000,000","993,000,000","826,000,000","1,112,000,000","816,000,000","933,000,000","808,000,000","1,044,000,000","752,000,000","760,000,000","879,000,000","809,000,000","1,186,000,000","794,000,000","789,000,000","926,000,000","920,000,000","790,000,000","1,062,000,000","856,000,000","848,000,000","1,002,000,000","880,000,000","850,000,000","239,000,000","239,000,000","196,000,000","184,000,000","439,000,000","289,000,000","203,000,000","341,000,000","307,000,000","2,402,000,000","293,000,000","402,000,000","345,000,000","379,000,000","246,000,000","270,000,000","252,000,000","268,000,000","167,000,000","167,000,000","130,000,000","166,000,000","110,000,000","369,000,000","331,000,000","454,000,000","387,000,000","359,000,000","301,000,000"
CostOfRevenue,"1,300,000,000","424,000,000","378,000,000","293,000,000","205,000,000","199,000,000","218,000,000","152,000,000","525,000,000","591,000,000","566,000,000","607,000,000","594,000,000","603,000,000","578,000,000","627,000,000","600,000,000","600,000,000","566,000,000","602,000,000","596,000,000","596,000,000","578,000,000","617,000,000","598,000,000","601,000,000","585,000,000","621,000,000","601,000,000","605,000,000","590,000,000","617,000,000","607,000,000","591,000,000","577,000,000","613,000,000","598,000,000","364,000,000","765,000,000","809,000,000","631,000,000","1,035,000,000","747,000,000","783,000,000","591,000,000","941,000,000","668,000,000","698,000,000","549,000,000","1,631,000,000","374,000,000","398,000,000","577,000,000","1,922,000,000","445,000,000","500,000,000","399,000,000","1,940,000,000","453,000,000","491,000,000","640,000,000","614,000,000","426,000,000","426,000,000","310,000,000","459,000,000","324,000,000","357,000,000","305,000,000","417,000,000","322,000,000",,,,,,,,,,,,,,,,,,,,,,,,,,,,,"892,000,000","115,000,000","119,000,000","129,000,000","156,000,000","101,000,000","95,000,000","110,000,000","130,000,000","77,000,000","72,000,000","58,000,000","172,000,000","13,000,000","272,000,000","255,000,000","353,000,000","285,700,000","265,000,000","237,000,000"
GrossProfit,"1,590,000,000","574,000,000","466,000,000","356,000,000","194,000,000","68,000,000","-20,000,000","-49,000,000","527,000,000","743,000,000","696,000,000","876,000,000","796,000,000","758,000,000","721,000,000","891,000,000","746,000,000","744,000,000","688,000,000","839,000,000","752,000,000","741,000,000","717,000,000","842,000,000","741,000,000","733,000,000","702,000,000","828,000,000","716,000,000","715,000,000","704,000,000","814,000,000","702,000,000","704,000,000","646,000,000","807,000,000","657,000,000","1,367,000,000","439,000,000","559,000,000","354,000,000","623,000,000","395,000,000","513,000,000","312,000,000","553,000,000","338,000,000","416,000,000","274,000,000","-312,000,000","538,000,000","666,000,000","305,000,000","-275,000,000","723,000,000","915,000,000","659,000,000","-148,000,000","753,000,000","900,000,000","397,000,000","1,085,000,000","709,000,000","786,000,000","538,000,000","775,000,000","517,000,000","636,000,000","513,000,000","683,000,000","488,000,000",,,,,,,,,,,,,,,,,,,,,,,,,,,,,"1,581,000,000","178,000,000","283,000,000","216,000,000","223,000,000","145,000,000","175,000,000","142,000,000","138,000,000","90,000,000","95,000,000","72,000,000","-6,000,000","97,000,000","97,000,000","76,000,000","101,000,000","101,300,000","94,000,000","64,000,000"
OperatingExpense,"1,848,000,000","498,000,000","566,000,000","424,000,000","360,000,000","339,000,000","298,000,000","304,000,000","538,000,000","578,000,000","563,000,000","596,000,000","580,000,000","577,000,000","813,000,000","628,000,000","575,000,000","618,000,000","565,000,000","597,000,000","583,000,000","592,000,000","585,000,000","603,000,000","593,000,000","584,000,000","574,000,000","599,000,000","578,000,000","627,000,000","509,000,000","589,000,000","571,000,000","568,000,000","567,000,000","599,000,000","567,000,000","1,261,000,000","374,000,000","379,000,000","333,000,000","503,000,000","341,000,000","361,000,000","315,000,000","461,000,000","315,000,000","306,000,000","276,000,000","-346,000,000","548,000,000","621,000,000","308,000,000","-491,000,000","600,000,000","639,000,000","533,000,000","-518,000,000","588,000,000","616,000,000","263,000,000","781,000,000","584,000,000","553,000,000","422,000,000","593,000,000","447,000,000","467,000,000","414,000,000","543,000,000","441,000,000","793,000,000","722,000,000","4,008,000,000","-728,000,000","728,000,000","769,000,000","724,000,000","3,986,000,000","-720,000,000","728,000,000","-763,000,000","771,000,000","681,000,000","4,125,000,000","-751,000,000","750,000,000","-817,000,000","710,000,000","1,425,000,000","-149,000,000","152,000,000","150,000,000","145,000,000","1,159,000,000","-130,000,000","136,000,000","-135,000,000","-128,000,000","1,422,000,000","71,000,000","76,000,000","70,000,000","98,000,000","65,000,000","60,000,000","60,000,000","72,000,000","49,000,000","41,000,000","43,000,000","7,000,000","67,000,000","41,000,000","52,000,000","85,000,000","40,300,000","41,000,000","40,000,000"
	SellingGeneralAndAdministration,"196,000,000","64,000,000","51,000,000","46,000,000","35,000,000","27,000,000","23,000,000","23,000,000","55,000,000","89,000,000","78,000,000","96,000,000","83,000,000","82,000,000","80,000,000","103,000,000","82,000,000","80,000,000","80,000,000","95,000,000","84,000,000","84,000,000","82,000,000","93,000,000","84,000,000","81,000,000","72,000,000","89,000,000","82,000,000","135,000,000","17,000,000","95,000,000","84,000,000","90,000,000","77,000,000","103,000,000","74,000,000","-300,000,000","214,000,000","220,000,000","180,000,000","292,000,000","192,000,000","212,000,000","174,000,000","281,000,000","181,000,000","167,000,000","140,000,000","-530,000,000","410,000,000","425,000,000","130,000,000","-685,000,000","467,000,000","508,000,000","69,000,000","-686,000,000","474,000,000","86,000,000","66,000,000","117,000,000","71,000,000","79,000,000","55,000,000","13,000,000","50,000,000","59,000,000","48,000,000","111,000,000","30,000,000","39,000,000","32,000,000",,,"28,000,000","37,000,000","33,000,000","133,000,000","8,000,000","30,000,000","7,000,000","44,000,000","36,000,000","153,000,000","7,000,000",,"9,000,000","8,000,000","5,000,000","7,000,000",,"10,000,000","10,000,000","15,000,000","6,000,000",,"8,000,000","8,000,000","17,000,000","12,000,000","9,000,000","12,000,000","20,000,000","9,000,000","9,000,000","9,000,000","18,000,000","8,000,000","8,000,000","9,000,000","10,000,000","8,000,000","17,000,000","10,000,000",,,,
		GeneralAndAdministrativeExpense,"196,000,000","64,000,000","51,000,000","46,000,000","35,000,000","27,000,000","23,000,000","23,000,000","55,000,000","89,000,000","78,000,000","96,000,000","83,000,000","82,000,000","80,000,000","103,000,000","82,000,000","80,000,000","80,000,000","95,000,000","84,000,000","84,000,000","82,000,000","93,000,000","84,000,000","81,000,000","72,000,000","89,000,000","82,000,000","135,000,000","17,000,000","95,000,000","84,000,000","90,000,000","77,000,000","103,000,000","74,000,000","106,000,000",,,,,,,,,,,,,,,,,,,,,"380,000,000",,,,,,,,,,,,,,,,,,,,"133,000,000","8,000,000",,"7,000,000",,"36,000,000","153,000,000","7,000,000",,"9,000,000","8,000,000","5,000,000","7,000,000",,"10,000,000","10,000,000","15,000,000","6,000,000",,"8,000,000","8,000,000",,,,,,,,,,,,,,,,,,,,
			SalariesAndWages,"18,000,000","5,000,000","4,000,000","5,000,000","4,000,000","6,000,000","4,000,000","4,000,000","3,000,000","4,000,000","4,000,000","3,000,000","4,000,000","3,000,000","4,000,000","4,000,000","3,000,000","3,000,000","6,000,000","2,000,000","3,000,000","4,000,000","2,000,000","3,000,000","3,000,000","2,000,000","1,000,000","3,000,000","5,000,000","8,000,000",,,,,,,,,,,,,,,,,,,,,,,,,,,,,,,,,,,,,,,,,,,,,,,,,"2,000,000","8,000,000",,"7,000,000",,"13,000,000","8,000,000","7,000,000",,"9,000,000","8,000,000","5,000,000","7,000,000",,"10,000,000","10,000,000","15,000,000","6,000,000",,"8,000,000","8,000,000",,,,,,,,,,,,,,,,,,,,
			OtherGandA,"178,000,000","59,000,000","47,000,000","41,000,000","31,000,000","21,000,000","19,000,000","19,000,000","52,000,000","85,000,000","74,000,000","93,000,000","79,000,000","79,000,000","76,000,000","99,000,000","79,000,000","77,000,000","74,000,000","93,000,000","81,000,000","80,000,000","80,000,000","90,000,000","81,000,000","79,000,000","71,000,000","86,000,000","77,000,000","113,000,000","17,000,000","95,000,000","84,000,000","90,000,000","77,000,000","103,000,000","74,000,000","106,000,000",,,,,,,,,,,,,,,,,,,,,"380,000,000",,,,,,,,,,,,,,,,,,,,,,,,,"23,000,000",,,,,,,,,,,,,,,,,,,,,,,,,,,,,,,,,,,
		SellingAndMarketingExpense,,,,,,,,,,,,,,,,,,,,,,,,,,,,,,,,,,,,,,,,,,,,,,,,,,,,,,,,,,,"94,000,000",,,,,,,,,,,,,,,,,,,,,,,,,,,,,,,,,,,,,,,,,,,,,,,,,,,,,,,,,,,,
	DepreciationAmortizationDepletionIncomeStatement,"762,000,000","165,000,000","263,000,000","169,000,000","165,000,000","167,000,000","166,000,000","168,000,000","164,000,000","175,000,000","165,000,000","166,000,000","170,000,000","165,000,000","412,000,000","189,000,000","178,000,000","217,000,000","176,000,000","178,000,000","180,000,000","183,000,000","182,000,000","178,000,000","181,000,000","181,000,000","180,000,000","180,000,000","175,000,000","177,000,000","178,000,000","174,000,000","172,000,000","173,000,000","177,000,000","174,000,000","177,000,000","279,000,000","160,000,000","159,000,000","153,000,000","213,000,000","149,000,000","149,000,000","141,000,000","183,000,000","134,000,000","139,000,000","136,000,000","184,000,000","138,000,000","196,000,000","178,000,000","194,000,000","133,000,000","131,000,000","124,000,000","163,000,000","119,000,000","119,000,000","116,000,000","145,000,000","119,000,000","107,000,000","89,000,000","114,000,000","85,000,000","86,000,000","84,000,000","104,000,000","85,000,000","83,000,000","83,000,000",,,"86,000,000","86,000,000","88,000,000",,,"86,000,000",,"84,000,000","84,000,000",,,"87,000,000",,"77,000,000",,,"75,000,000","75,000,000","74,000,000",,,"68,000,000",,,"59,000,000","59,000,000","67,000,000","58,000,000","78,000,000","56,000,000","51,000,000","51,000,000","54,000,000","41,000,000","33,000,000","34,000,000","-3,000,000","59,000,000","24,000,000","42,000,000","48,000,000","40,300,000","41,000,000","40,000,000"
		DepreciationAndAmortizationInIncomeStatement,"762,000,000","165,000,000","263,000,000","169,000,000","165,000,000","167,000,000","166,000,000","168,000,000","164,000,000","175,000,000","165,000,000","166,000,000","170,000,000","165,000,000","412,000,000","189,000,000","178,000,000","217,000,000","176,000,000","178,000,000","180,000,000","183,000,000","182,000,000","178,000,000","181,000,000","181,000,000","180,000,000","180,000,000","175,000,000","177,000,000","178,000,000","174,000,000","172,000,000","173,000,000","177,000,000","174,000,000","177,000,000","279,000,000","160,000,000","159,000,000","153,000,000","213,000,000","149,000,000","149,000,000","141,000,000","183,000,000","134,000,000","139,000,000","136,000,000","184,000,000","138,000,000","196,000,000","178,000,000","194,000,000","133,000,000","131,000,000","124,000,000","163,000,000","119,000,000","119,000,000","116,000,000","145,000,000","119,000,000","107,000,000","89,000,000","114,000,000","85,000,000","86,000,000","84,000,000","104,000,000","85,000,000","83,000,000","83,000,000",,,"86,000,000","86,000,000","88,000,000",,,"86,000,000",,"84,000,000","84,000,000",,,"87,000,000",,"77,000,000",,,"75,000,000","75,000,000","74,000,000",,,"68,000,000",,,"59,000,000","59,000,000","67,000,000","58,000,000","78,000,000","56,000,000","51,000,000","51,000,000","54,000,000","41,000,000","33,000,000","34,000,000","-3,000,000","59,000,000","24,000,000","42,000,000","48,000,000","40,300,000","41,000,000","40,000,000"
			DepreciationIncomeStatement,,,,,,,,,,,,,,,,,,,,,,,,,,,,,,,,,,,,,,,,,,,,,,,,,,,,,,,,,,,,,,,,,,,,,,,,,,,,,,,,,,,,,,,,,,,,,,,,,,,,"59,000,000","59,000,000","67,000,000","58,000,000","78,000,000","56,000,000","51,000,000","51,000,000","54,000,000","41,000,000","33,000,000","34,000,000","-3,000,000","59,000,000","24,000,000","42,000,000","48,000,000","40,300,000","41,000,000","40,000,000"
	OtherTaxes,,,,,,,,,,,,,,,,,,,,,,,,,,,,,,,,,,,,,,,,,,,,,,,,,,,,,,,,,"-932,000,000",,,"-1,107,000,000","-903,000,000","-1,406,000,000","-1,013,000,000","-979,000,000","-732,000,000","-1,052,000,000","-772,000,000",,"-719,000,000","-970,000,000","-767,000,000","-796,000,000","-722,000,000","-976,000,000","-728,000,000",,"-769,000,000","-737,000,000","-1,066,000,000","-728,000,000",,"-770,000,000",,"-681,000,000","-913,000,000","-758,000,000",,"-826,000,000","-720,000,000","-434,000,000","-156,000,000",,"-139,000,000","-145,000,000","-232,000,000","-136,000,000",,"-143,000,000","-136,000,000",,,,,,,,,,,,,,,,,,,,
	OtherOperatingExpenses,"890,000,000","269,000,000","252,000,000","209,000,000","160,000,000","145,000,000","109,000,000","113,000,000","319,000,000","314,000,000","320,000,000","334,000,000","327,000,000","330,000,000","321,000,000","336,000,000","315,000,000","321,000,000","309,000,000","324,000,000","319,000,000","325,000,000","321,000,000","332,000,000","328,000,000","322,000,000","322,000,000","330,000,000","321,000,000","315,000,000","314,000,000","320,000,000","315,000,000","305,000,000","313,000,000","322,000,000","316,000,000","415,000,000",,,,,,,,,,,,,"377,000,000","384,000,000",,,"154,000,000",,"1,272,000,000",,"-5,000,000","1,518,000,000","984,000,000","1,925,000,000","1,407,000,000","1,346,000,000","1,010,000,000","1,518,000,000","1,084,000,000","322,000,000","1,001,000,000","1,298,000,000","1,093,000,000","1,467,000,000","1,329,000,000",,,"614,000,000","1,415,000,000","1,340,000,000",,,"612,000,000",,"643,000,000","1,242,000,000",,,"663,000,000",,"1,345,000,000",,,"77,000,000","204,000,000","206,000,000",,,"68,000,000",,,,,,,,,,,,,,,,,,,,,,
OperatingIncome,"-258,000,000","76,000,000","-100,000,000","-68,000,000","-166,000,000","-271,000,000","-318,000,000","-353,000,000","-11,000,000","165,000,000","133,000,000","280,000,000","216,000,000","181,000,000","-92,000,000","263,000,000","171,000,000","126,000,000","123,000,000","242,000,000","169,000,000","149,000,000","132,000,000","239,000,000","148,000,000","149,000,000","128,000,000","229,000,000","138,000,000","88,000,000","195,000,000","225,000,000","131,000,000","136,000,000","79,000,000","208,000,000","90,000,000","106,000,000","65,000,000","180,000,000","21,000,000","120,000,000","54,000,000","152,000,000","-3,000,000","92,000,000","23,000,000","110,000,000","-2,000,000","34,000,000","-10,000,000","45,000,000","-3,000,000","216,000,000","123,000,000","276,000,000","126,000,000","370,000,000","165,000,000","284,000,000","134,000,000","304,000,000","125,000,000","233,000,000","116,000,000","182,000,000","70,000,000","169,000,000","99,000,000","140,000,000","47,000,000","134,000,000","87,000,000","-4,289,000,000","1,480,000,000","32,000,000","105,000,000","81,000,000","-4,196,000,000","1,514,000,000","61,000,000","1,689,000,000","149,000,000","109,000,000","-4,492,000,000","1,607,000,000","98,000,000","1,819,000,000","162,000,000","-575,000,000","388,000,000","87,000,000","49,000,000","40,000,000","-720,000,000","419,000,000","67,000,000","476,000,000","435,000,000","159,000,000","107,000,000","207,000,000","146,000,000","125,000,000","80,000,000","115,000,000","82,000,000","66,000,000","41,000,000","54,000,000","29,000,000","-13,000,000","30,000,000","56,000,000","24,000,000","16,000,000","61,000,000","53,000,000","24,000,000"
NetNonOperatingInterestIncomeExpense,"-189,000,000","-63,000,000","-42,000,000","-43,000,000","-41,000,000","-49,000,000","-66,000,000","-38,000,000","-31,000,000","-78,000,000","-35,000,000","-36,000,000","-35,000,000","-35,000,000","-42,000,000","-43,000,000","-41,000,000","-40,000,000","-41,000,000","-42,000,000","-38,000,000","-37,000,000","-38,000,000","-39,000,000","-38,000,000","-69,000,000","-49,000,000","-51,000,000","-50,000,000","-51,000,000","-50,000,000","-52,000,000","-55,000,000","-46,000,000","-64,000,000","-102,000,000","-75,000,000","-80,000,000","-89,000,000","-91,000,000","-82,000,000","-107,000,000","-82,000,000","-84,000,000","-78,000,000","-111,000,000","-87,000,000","-81,000,000","-95,000,000","-113,000,000","-94,000,000","-80,000,000","-85,000,000","-94,000,000","-79,000,000","-76,000,000",,"-100,000,000","-73,000,000",,,,,,,,,,,,,,,,,,,,,,,,,,,,,,,,,,,,,,,,,,,,,,,,,,,,,,,,,,,,
	InterestIncomeNonOperating,"2,000,000","0","1,000,000","0","1,000,000","1,000,000","0","1,000,000","6,000,000","9,000,000","8,000,000","7,000,000","8,000,000","7,000,000","3,000,000","2,000,000","3,000,000","2,000,000","2,000,000","1,000,000","1,000,000","1,000,000","0","0","1,000,000","2,000,000","0","1,000,000","1,000,000","1,000,000","1,000,000","1,000,000","1,000,000","1,000,000","1,000,000","1,000,000","1,000,000","12,000,000","4,000,000","3,000,000","4,000,000","5,000,000","5,000,000","5,000,000","4,000,000","5,000,000","2,000,000","1,000,000","1,000,000","2,000,000","1,000,000","2,000,000","2,000,000","7,000,000","4,000,000","5,000,000",,"10,000,000","9,000,000",,,,,,,,,,,,,,,,,,,,,,,,,,,,,,,,,,,,,,,,,,,,,,,,,,,,,,,,,,,,
	InterestExpenseNonOperating,"191,000,000","63,000,000","43,000,000","43,000,000","42,000,000","50,000,000","66,000,000","39,000,000","37,000,000","82,000,000","43,000,000","43,000,000","43,000,000","36,000,000","45,000,000","45,000,000","44,000,000","36,000,000","43,000,000","43,000,000","39,000,000","32,000,000","38,000,000","39,000,000","39,000,000","63,000,000","49,000,000","52,000,000","51,000,000","44,000,000","51,000,000","53,000,000","56,000,000","37,000,000","65,000,000","103,000,000","76,000,000","80,000,000","93,000,000","94,000,000","86,000,000","112,000,000","87,000,000","89,000,000","82,000,000","116,000,000","89,000,000","82,000,000","96,000,000","115,000,000","95,000,000","82,000,000","87,000,000","101,000,000","83,000,000","81,000,000",,"110,000,000","82,000,000",,,,,,,,,,,,,,,,,,,,,,,,,,,,,,,,,,,,,,,,,,,,,,,,,,,,,,,,,,,,
	TotalOtherFinanceCost,"5,000,000"
OtherIncomeExpense,"346,000,000","301,000,000","9,000,000","28,000,000","8,000,000","190,000,000","-5,000,000","-11,000,000","2,000,000","2,000,000","278,000,000","62,000,000","10,000,000","247,000,000","554,000,000","8,000,000","130,000,000","24,000,000","62,000,000","39,000,000","24,000,000","14,000,000","33,000,000","183,000,000","65,000,000","82,000,000","15,000,000","51,000,000","7,000,000","218,000,000","6,000,000","1,000,000","-7,000,000","-32,000,000","-2,000,000","28,000,000","12,000,000","10,000,000","-1,000,000","6,000,000","-2,000,000","11,000,000","-4,000,000","7,000,000","1,000,000","5,000,000","-2,000,000","-3,000,000","-7,000,000","5,000,000","10,000,000","-31,000,000","-3,000,000","-14,000,000","1,000,000","-7,000,000","-1,000,000","-25,000,000","3,000,000","-1,000,000","-8,000,000","-11,000,000","-3,000,000","-21,000,000","-11,000,000","0","-1,000,000","69,000,000","-3,000,000","-7,000,000","3,000,000","2,000,000","-7,000,000","-77,000,000","1,000,000","1,000,000","-8,000,000","-11,000,000","-46,000,000","1,000,000","1,000,000","1,000,000","1,000,000","-15,000,000","-50,000,000","3,000,000","3,000,000",,"-2,000,000",,"1,000,000",,,,,,,"4,000,000","12,000,000","-183,000,000","3,000,000","5,000,000","14,000,000","4,000,000","6,000,000","2,000,000","3,000,000","16,000,000","13,000,000","10,000,000","6,000,000","9,000,000","5,000,000","8,000,000","5,000,000","10,000,000","8,000,000","6,000,000","5,000,000"
	GainOnSaleOfSecurity,"-1,000,000",,,,,,"-1,000,000","2,000,000","-1,000,000","-1,000,000","-1,000,000","1,000,000",,,"1,000,000","-1,000,000",,"8,000,000","-2,000,000",,"-2,000,000","5,000,000","-1,000,000","2,000,000","1,000,000","0","-1,000,000","-1,000,000","-1,000,000","1,000,000","-1,000,000","-1,000,000",,"1,000,000","-1,000,000","22,000,000","14,000,000","8,000,000",,,,,,,,,,"-3,000,000",,,,,,,,,"1,000,000",,,"1,000,000","1,000,000","-2,000,000","1,000,000","1,000,000","1,000,000","2,000,000",,,"1,000,000","9,000,000","3,000,000","4,000,000","1,000,000","1,000,000","1,000,000",,"2,000,000","1,000,000","2,000,000","1,000,000",,"1,000,000",,"1,000,000","2,000,000","3,000,000",,,"1,000,000","2,000,000","1,000,000",,"-3,000,000","1,000,000","12,000,000",,,"4,000,000","12,000,000",,,,,,,,,,,,,,,,,,,,
	EarningsFromEquityInterest,"31,000,000","-5,000,000","2,000,000","25,000,000","9,000,000","-4,000,000","-5,000,000","-25,000,000","4,000,000","1,000,000","4,000,000","4,000,000","5,000,000","5,000,000","6,000,000","9,000,000","10,000,000","11,000,000","4,000,000","8,000,000","7,000,000","2,000,000","8,000,000","9,000,000","2,000,000","43,000,000","7,000,000","22,000,000","-2,000,000","30,000,000","-1,000,000","4,000,000","-8,000,000","-20,000,000","-1,000,000","6,000,000","-2,000,000","0","-1,000,000","5,000,000","-2,000,000","7,000,000","-5,000,000","4,000,000","-2,000,000","4,000,000","-1,000,000","0","-5,000,000","4,000,000","-2,000,000","-32,000,000","-3,000,000","-13,000,000","1,000,000","2,000,000",,"6,000,000","0",,,,,,,,,,,,,,,,,,,,,,,,,,,,,,,,,,,,,,,,,,,,,,,,,,,,,,,,,,,,
	SpecialIncomeCharges,"315,000,000","310,000,000","5,000,000",,,"206,000,000","0","-1,000,000",,"1,000,000","275,000,000","57,000,000","5,000,000","241,000,000","547,000,000","0","120,000,000","5,000,000","60,000,000","31,000,000","19,000,000","7,000,000","26,000,000","172,000,000","62,000,000","39,000,000","9,000,000","30,000,000","10,000,000","187,000,000","8,000,000","-2,000,000","1,000,000","0",,,,"1,000,000","1,000,000","1,000,000","1,000,000","4,000,000","1,000,000","3,000,000","3,000,000","1,000,000","-1,000,000","0","-2,000,000","1,000,000","12,000,000","1,000,000","1,000,000","-1,000,000","0","-9,000,000","-2,000,000","-31,000,000","3,000,000","-2,000,000","-9,000,000","-9,000,000","-4,000,000","-22,000,000","-12,000,000","-2,000,000","-1,000,000","69,000,000","-4,000,000","-16,000,000","5,000,000","-2,000,000","-8,000,000",,,"1,000,000","-10,000,000","-12,000,000",,,"1,000,000",,"1,000,000","-16,000,000",,,"3,000,000",,"-3,000,000",,,,"3,000,000","-1,000,000",,,,,,"-183,000,000","3,000,000","5,000,000","14,000,000","4,000,000","6,000,000","2,000,000","3,000,000","16,000,000","13,000,000","10,000,000","6,000,000","9,000,000","5,000,000","8,000,000","5,000,000","10,000,000","8,000,000","6,000,000","5,000,000"
		OtherSpecialCharges,"-8,000,000","-3,000,000","-5,000,000",,,,,"1,000,000",,"2,000,000","-1,000,000",,,"-7,000,000",,,,"-8,000,000","-1,000,000","-2,000,000","-2,000,000","-1,000,000","-12,000,000",,"-3,000,000","-8,000,000","-4,000,000","23,000,000","-6,000,000","-63,000,000","-7,000,000","2,000,000","-1,000,000",,,,,"-4,000,000",,,,,"2,000,000","-1,000,000","-1,000,000","0","1,000,000","3,000,000","2,000,000","0","-1,000,000",,,"1,000,000",,"10,000,000","3,000,000",,,"3,000,000","10,000,000","7,000,000","5,000,000","23,000,000","13,000,000","5,000,000","1,000,000","5,000,000","7,000,000","23,000,000",,"6,000,000","9,000,000",,,,"12,000,000","13,000,000",,,,,,"17,000,000",,,,,,,,,,,,,,,,,,,,,,,,,,,,,,,,,,,
		GainOnSaleOfBusiness,"342,000,000",,,,,,,,,"6,000,000","274,000,000","57,000,000","5,000,000","239,000,000","547,000,000","0","120,000,000","-6,000,000","59,000,000","29,000,000","17,000,000","2,000,000","14,000,000","172,000,000","59,000,000","31,000,000","5,000,000","53,000,000","4,000,000","124,000,000","1,000,000","0",,,,,,,,,,,,,,,,,,,,,,,,,,,,,,,,,,,,,,,,,,,,,,,,,,,,,,,,,,,,,,,,,,,,,,,,,,,,,,,,,,,,,,,
		GainOnSaleOfPPE,"307,000,000",,,,,,,,,,,,,,,,,,,,,,,,,,,,,,,,,,,,,,"1,000,000","1,000,000","1,000,000","1,000,000","3,000,000","2,000,000","2,000,000","1,000,000","0","0","0","1,000,000","11,000,000","1,000,000","1,000,000","0","0","1,000,000","1,000,000","1,000,000","3,000,000","1,000,000","1,000,000","-2,000,000","1,000,000","1,000,000","1,000,000","3,000,000","0","74,000,000","3,000,000","7,000,000","5,000,000","4,000,000","1,000,000",,,"1,000,000","2,000,000","1,000,000",,,"1,000,000",,"1,000,000","1,000,000",,,"3,000,000",,,,,,,,,,,,,,,,,,,,,,,,,,,,,,,,
	OtherNonOperatingIncomeExpenses,"306,000,000","302,000,000","2,000,000","3,000,000","-1,000,000","-12,000,000","1,000,000","13,000,000","-1,000,000","2,000,000",,,,,,,,,,,,,,,,,,,,,,,,,,,,,"-1,000,000",,"-1,000,000",,,,,,,,,,,,"-1,000,000",,,,,,,,,,,,,,,,,,"-5,000,000",,,,,,,,,,,,,,,,,,,,,,,,,,,,,,,,,,,,,,,,,,,,,,,,
PretaxIncome,"-102,000,000","313,000,000","-133,000,000","-83,000,000","-199,000,000","-130,000,000","-389,000,000","-402,000,000","-40,000,000","89,000,000","376,000,000","306,000,000","191,000,000","393,000,000","420,000,000","228,000,000","260,000,000","110,000,000","147,000,000","239,000,000","155,000,000","126,000,000","127,000,000","383,000,000","175,000,000","162,000,000","94,000,000","229,000,000","95,000,000","255,000,000","151,000,000","174,000,000","69,000,000","58,000,000","13,000,000","134,000,000","27,000,000","36,000,000","-25,000,000","95,000,000","-63,000,000","24,000,000","-32,000,000","75,000,000","-80,000,000","-14,000,000","-66,000,000","26,000,000","-104,000,000","-74,000,000","-94,000,000","-60,000,000","-91,000,000","108,000,000","45,000,000","193,000,000","53,000,000","266,000,000","90,000,000","159,000,000","38,000,000","152,000,000","30,000,000","114,000,000","19,000,000","60,000,000","-20,000,000","129,000,000","-6,000,000","10,000,000","-56,000,000","8,000,000","-35,000,000","-112,000,000","-76,000,000","-76,000,000","-8,000,000","-38,000,000","-5,000,000","-45,000,000","-45,000,000","35,000,000","35,000,000","-8,000,000","-29,000,000",,"-6,000,000","61,000,000","35,000,000","178,000,000","-13,000,000","-13,000,000","-48,000,000","-56,000,000",,,"-31,000,000",,,"-1,000,000","12,000,000","111,000,000","52,000,000","17,000,000","10,000,000","45,000,000","11,000,000","-7,000,000","1,000,000","12,000,000","-14,000,000","-61,000,000",,"1,000,000","-20,000,000","-13,000,000","14,000,000",,"-24,000,000"
TaxProvision,"-91,000,000","-10,000,000","-13,000,000","-22,000,000","-46,000,000","-64,000,000","-73,000,000","-46,000,000","-37,000,000","8,000,000","4,000,000","16,000,000","2,000,000","87,000,000","42,000,000","17,000,000","4,000,000","17,000,000","42,000,000","27,000,000","-6,000,000","-2,000,000","19,000,000","32,000,000","-9,000,000","-4,000,000","9,000,000","13,000,000","-9,000,000","-3,000,000","6,000,000","15,000,000","-7,000,000","2,000,000","11,000,000","15,000,000","-7,000,000","21,000,000","11,000,000","12,000,000","-13,000,000","8,000,000","3,000,000","8,000,000","-20,000,000","-10,000,000","-5,000,000","6,000,000","-22,000,000","-10,000,000","-25,000,000","10,000,000","-14,000,000","-14,000,000","4,000,000","14,000,000","-7,000,000","0","-3,000,000","11,000,000","-5,000,000","-9,000,000","-4,000,000","17,000,000","1,000,000","1,000,000","-15,000,000","38,000,000","0","-8,000,000","-10,000,000","11,000,000","-3,000,000","-2,000,000","-11,000,000","-11,000,000","6,000,000","-4,000,000","-2,000,000","-7,000,000","-7,000,000","11,000,000","11,000,000","4,000,000","-7,000,000",,"0","12,000,000","3,000,000","-105,000,000","4,000,000","4,000,000","2,000,000","1,000,000",,,"1,000,000",,,"-95,000,000","8,000,000","45,000,000","22,000,000","8,000,000","4,000,000","19,000,000","5,000,000","-1,000,000","3,000,000","5,000,000","-2,000,000","-12,000,000",,"4,000,000","-6,000,000","-1,000,000","3,000,000",,"-6,000,000"
NetIncomeCommonStockholders,"-11,000,000","320,000,000","-119,000,000","-60,000,000","-152,000,000","-64,000,000","-313,000,000","-352,000,000","-3,000,000","80,000,000","368,000,000","286,000,000","186,000,000","303,000,000","322,000,000","209,000,000","253,000,000","92,000,000","104,000,000","210,000,000","158,000,000","126,000,000","107,000,000","347,000,000","182,000,000","163,000,000","85,000,000","212,000,000","98,000,000","254,000,000","144,000,000","155,000,000","179,000,000","123,000,000","19,000,000","119,000,000","56,000,000","15,000,000","-34,000,000","82,000,000","-2,000,000","17,000,000","-33,000,000","62,000,000","-60,000,000","-6,000,000","-58,000,000","13,000,000","-86,000,000","-73,000,000","-57,000,000","-70,000,000","-61,000,000","119,000,000","52,000,000","188,000,000","59,000,000","291,000,000","95,000,000","147,000,000","185,000,000","194,000,000","38,000,000","320,000,000","166,000,000","68,000,000","-11,000,000","80,000,000","-2,000,000","52,000,000","-60,000,000","7,000,000","-40,000,000","142,000,000","-88,000,000","-97,000,000","-23,000,000","-43,000,000","-11,000,000","-47,000,000","-47,000,000","16,000,000","15,000,000","-8,000,000","-32,000,000","-16,000,000","-16,000,000","40,000,000","27,000,000","280,000,000","-22,000,000","-22,000,000","-58,000,000","-58,000,000","63,000,000","34,000,000","-29,000,000","74,000,000","45,000,000","95,000,000","-144,000,000","66,000,000","30,000,000","-13,000,000","6,000,000","26,000,000","11,000,000","-9,000,000","-2,000,000","7,000,000","-12,000,000","-94,000,000","-5,000,000","-30,000,000","-14,000,000","-15,000,000","8,000,000",,"-18,000,000"
	NetIncome,"-11,000,000","320,000,000","-119,000,000","-60,000,000","-152,000,000","-64,000,000","-313,000,000","-352,000,000","-3,000,000","80,000,000","368,000,000","286,000,000","186,000,000","303,000,000","322,000,000","209,000,000","253,000,000","92,000,000","104,000,000","210,000,000","158,000,000","126,000,000","107,000,000","347,000,000","182,000,000","163,000,000","85,000,000","212,000,000","98,000,000","254,000,000","144,000,000","155,000,000","179,000,000","123,000,000","19,000,000","119,000,000","56,000,000","15,000,000","-34,000,000","82,000,000","-2,000,000","17,000,000","-33,000,000","62,000,000","-60,000,000","-6,000,000","-58,000,000","19,000,000","-84,000,000","-70,000,000","-55,000,000","-68,000,000","-59,000,000","122,000,000","54,000,000","190,000,000","61,000,000","294,000,000","97,000,000","149,000,000","187,000,000","196,000,000","40,000,000","330,000,000","172,000,000","74,000,000","-5,000,000","91,000,000","6,000,000","61,000,000","-47,000,000","17,000,000","-31,000,000","150,000,000","-88,000,000","-88,000,000","-14,000,000","-34,000,000","-3,000,000","-38,000,000","-38,000,000","24,000,000","24,000,000","1,000,000","-23,000,000","-7,000,000","-7,000,000","49,000,000","32,000,000","280,000,000","-17,000,000","-17,000,000","-53,000,000","-57,000,000","57,000,000","35,000,000","-28,000,000","74,000,000","45,000,000","95,000,000","-144,000,000","66,000,000","30,000,000","7,000,000","6,000,000","26,000,000","11,000,000","-6,000,000","-2,000,000","7,000,000","-12,000,000","-94,000,000","-5,000,000","-30,000,000","-14,000,000","-15,000,000","8,000,000",,"-18,000,000"
		NetIncomeIncludingNoncontrollingInterests,"-11,000,000","323,000,000","-120,000,000","-61,000,000","-153,000,000","-66,000,000","-316,000,000","-356,000,000","-3,000,000","81,000,000","372,000,000","290,000,000","189,000,000","306,000,000","378,000,000","211,000,000","256,000,000","93,000,000","105,000,000","212,000,000","161,000,000","128,000,000","108,000,000","351,000,000","184,000,000","166,000,000","85,000,000","216,000,000","104,000,000","258,000,000","145,000,000","159,000,000","185,000,000","126,000,000","18,000,000","121,000,000","60,000,000","15,000,000","-36,000,000","83,000,000","0","16,000,000","-35,000,000","64,000,000","-60,000,000","-6,000,000","-61,000,000","20,000,000","-84,000,000","-71,000,000","-58,000,000","-69,000,000","-60,000,000","122,000,000","54,000,000","190,000,000","70,000,000","273,000,000","102,000,000","154,000,000","198,000,000","207,000,000","41,000,000","346,000,000","185,000,000","78,000,000","-5,000,000","99,000,000","10,000,000","67,000,000","-51,000,000","16,000,000","-28,000,000","144,000,000","-79,000,000","-97,000,000","-15,000,000","-35,000,000","34,000,000","-42,000,000","-41,000,000","9,000,000","30,000,000","6,000,000","26,000,000","-7,000,000","-7,000,000","38,000,000","47,000,000","182,000,000","-13,000,000","-17,000,000","-64,000,000","-61,000,000","25,000,000","11,000,000","-28,000,000","38,000,000","18,000,000","183,000,000","-150,000,000","52,000,000","14,000,000","-1,000,000","6,000,000","13,000,000","0","-10,000,000","-2,000,000","6,000,000","-13,000,000","-95,000,000","-5,000,000","-30,000,000","-14,000,000","-15,000,000","8,000,000",,"-18,000,000"
			NetIncomeContinuousOperations,"-11,000,000","323,000,000","-120,000,000","-61,000,000","-153,000,000","-66,000,000","-316,000,000","-356,000,000","-3,000,000","81,000,000","372,000,000","290,000,000","189,000,000","306,000,000","378,000,000","211,000,000","256,000,000","93,000,000","105,000,000","212,000,000","161,000,000","128,000,000","108,000,000","351,000,000","184,000,000","166,000,000","85,000,000","216,000,000","104,000,000","258,000,000","145,000,000","159,000,000","76,000,000","56,000,000","2,000,000","119,000,000","34,000,000","15,000,000","-36,000,000","83,000,000","-50,000,000","16,000,000","-35,000,000","67,000,000","-60,000,000","-4,000,000","-61,000,000","20,000,000","-82,000,000","-64,000,000","-69,000,000","-70,000,000","-77,000,000","122,000,000","41,000,000","179,000,000","60,000,000","266,000,000","93,000,000","148,000,000","43,000,000","161,000,000","34,000,000","97,000,000","18,000,000","59,000,000","-5,000,000","91,000,000","-6,000,000","18,000,000","-46,000,000","-3,000,000","-32,000,000","-110,000,000","-65,000,000","-65,000,000","-14,000,000","-34,000,000","-3,000,000","-38,000,000","-38,000,000","24,000,000","24,000,000","-12,000,000","-22,000,000","-6,000,000","-6,000,000","49,000,000","27,000,000","283,000,000","-17,000,000","-17,000,000","-50,000,000","-62,000,000","59,000,000","31,000,000","-32,000,000","61,000,000","45,000,000","94,000,000","4,000,000","66,000,000","30,000,000","9,000,000","6,000,000","26,000,000","6,000,000","-6,000,000","-2,000,000","7,000,000","-12,000,000","-49,000,000","-4,000,000","-3,000,000","-14,000,000","-12,000,000","11,000,000",,"-18,000,000"
			NetIncomeDiscontinuousOperations,,,,,,,,,,,,,,,,,,,,,,,,,,,,,,"0","0","0","0","70,000,000","16,000,000","2,000,000","26,000,000","0","0","0","50,000,000","0","0","-3,000,000","0","-2,000,000","0","0","-2,000,000","-7,000,000","11,000,000","1,000,000","17,000,000","0","13,000,000","11,000,000","1,000,000","28,000,000","4,000,000","1,000,000","144,000,000","35,000,000","6,000,000","233,000,000","154,000,000","15,000,000","0","0","12,000,000","43,000,000","-1,000,000","20,000,000","1,000,000","236,000,000","1,000,000","1,000,000","0","0","0",,"0",,"0","7,000,000",,,,,,,,,,,,,,,,,,,,,,,,,,,,,,,,,,,
			NetIncomeExtraordinary,,,,,,,,,,,,,,,,,,,,,,,,,,,,,,,,,"109,000,000",,,,,,,,,,,,,,,,,,,,,,,,,,,,,,,,,,,,,,"0",,,,"-24,000,000","-24,000,000",,,,,"0",,"0","6,000,000",,,"-1,000,000",,,,,"0","-3,000,000",,,,"4,000,000",,,,,,,,,,,,,,,,,,,,,,
			NetIncomeFromTaxLossCarryforward,,,,,,,,,,,,,,,,,,,,,,,,,,,,,,,,,,,,,,,,,,,,,,,,,,,,,,,,,,,,,,,,,,,,,,,,,,,,,,,"0",,,,,"6,000,000","-1,000,000","-1,000,000",,,,,,,,,,"4,000,000",,"13,000,000",,"0","-148,000,000",,,"-2,000,000",,,"5,000,000",,,,,"16,000,000","-1,000,000","-27,000,000",,"-3,000,000","-3,000,000",,
		MinorityInterests,"0","-3,000,000","1,000,000","1,000,000","1,000,000","2,000,000","3,000,000","4,000,000","0","-1,000,000","-4,000,000","-4,000,000","-3,000,000","-3,000,000","-56,000,000","-2,000,000","-3,000,000","-1,000,000","-1,000,000","-2,000,000","-3,000,000","-2,000,000","-1,000,000","-4,000,000","-2,000,000","-3,000,000","0","-4,000,000","-6,000,000","-4,000,000","-1,000,000","-4,000,000","-6,000,000","-3,000,000","1,000,000","-2,000,000","-4,000,000","0","2,000,000","-1,000,000","-2,000,000","1,000,000","2,000,000","-2,000,000","0","0","3,000,000","-1,000,000","0","1,000,000","3,000,000","1,000,000","1,000,000",,"0",,"-9,000,000",,"-5,000,000","-5,000,000","-11,000,000","-11,000,000","-1,000,000","-16,000,000","-13,000,000","-4,000,000","0","-8,000,000","-4,000,000","-6,000,000","4,000,000","1,000,000","-3,000,000","6,000,000","-9,000,000","9,000,000","1,000,000","1,000,000","-37,000,000","4,000,000","3,000,000","15,000,000","-6,000,000","-5,000,000","-49,000,000",,"0","11,000,000","-15,000,000","98,000,000","-4,000,000",,"11,000,000","4,000,000","32,000,000","24,000,000",,"36,000,000","27,000,000","-88,000,000","6,000,000","14,000,000","16,000,000","8,000,000",,"13,000,000","11,000,000","4,000,000",,"1,000,000","1,000,000","1,000,000",,,,,,,
	PreferredStockDividends,,,,,,,,,,,,,,,,,,,,,,,,,,,,,,,,,,,,,,,,,,,,,,"-4,000,000",,"6,000,000","2,000,000","3,000,000","2,000,000","2,000,000","2,000,000","3,000,000","2,000,000","2,000,000","2,000,000","3,000,000","2,000,000","2,000,000","2,000,000","-26,000,000","2,000,000","4,000,000","6,000,000","6,000,000","6,000,000","7,000,000","8,000,000","9,000,000","9,000,000","10,000,000","9,000,000","8,000,000",,"-9,000,000","9,000,000","9,000,000","8,000,000","9,000,000","-9,000,000","8,000,000","-9,000,000","9,000,000","9,000,000","9,000,000","-9,000,000","9,000,000","5,000,000","5,000,000","5,000,000","-5,000,000","5,000,000","5,000,000","5,000,000","1,000,000","-1,000,000",,,,,,,"20,000,000",,,,,,,,,,,,,,,
	OtherunderPreferredStockDividend,,,,,,,,,,,,,,,,,,,,,,,,,,,,,,,,,,,,,,,,,,,,,,,,"4,000,000",,,,"-1,000,000",,,,,,,,,,"28,000,000",,"6,000,000",,"0",,"4,000,000",,"0","4,000,000",,,,,"18,000,000",,,,,"18,000,000",,"18,000,000",,,,"18,000,000",,,,,"10,000,000",,"-4,000,000",,,"2,000,000",,,,,,,,,,,,,,,,,,,,,,
AverageDilutionEarnings,,,,,,,,,,,,,,,,,,,,,,"0",,"0",,"1,000,000",,"7,000,000","0","7,000,000",,,"7,000,000",,,"0",,,,,,,,,,,,,,,,,,,,,,,,,,,,,,,,,,,,,,,,,,,,,,,,,,,,,,,,,,,,,,,,,,,,,,,,,,,,,,,,,,,
DilutedNIAvailtoComStockholders,"-11,000,000","320,000,000","-119,000,000","-60,000,000","-152,000,000","-64,000,000","-313,000,000","-352,000,000","-3,000,000","80,000,000","368,000,000","286,000,000","186,000,000","303,000,000","322,000,000","209,000,000","253,000,000","92,000,000","104,000,000","210,000,000","158,000,000","126,000,000","107,000,000","347,000,000","182,000,000","163,000,000","85,000,000","219,000,000","98,000,000","281,000,000","144,000,000","155,000,000","186,000,000","123,000,000","19,000,000","119,000,000","56,000,000","15,000,000","-34,000,000","82,000,000","-2,000,000","17,000,000","-33,000,000","62,000,000","-60,000,000","-6,000,000","-58,000,000","13,000,000","-86,000,000","-73,000,000","-57,000,000","-70,000,000","-61,000,000","119,000,000","52,000,000","188,000,000","59,000,000","291,000,000","95,000,000","147,000,000","185,000,000","194,000,000","38,000,000","320,000,000","166,000,000","68,000,000","-11,000,000","80,000,000","-2,000,000","52,000,000","-60,000,000","7,000,000","-40,000,000","142,000,000","-88,000,000","-97,000,000","-23,000,000","-43,000,000","-11,000,000","-47,000,000","-47,000,000","16,000,000","15,000,000","-8,000,000","-32,000,000","-16,000,000","-16,000,000","40,000,000","27,000,000","280,000,000","-22,000,000","-22,000,000","-58,000,000","-58,000,000","63,000,000","34,000,000","-29,000,000","74,000,000","45,000,000","95,000,000","-144,000,000","66,000,000","30,000,000","-13,000,000","6,000,000","26,000,000","11,000,000","-9,000,000","-2,000,000","7,000,000","-12,000,000","-94,000,000","-5,000,000","-30,000,000","-14,000,000","-15,000,000","8,000,000",,"-18,000,000"
BasicEPS,,"0.45","-0.17","-0.09","-0.22","-0.09","-0.44","-0.5","-0.004","0.11","0.51","0.39","0.25","0.41","0.43","0.28","0.34","0.12","0.14","0.28","0.21","0.17","0.14","0.47","0.24","0.22","0.11","0.28","0.13","0.34","0.19","0.21","0.24","0.16","0.03","0.16","0.08","0.02","-0.05","0.11","0",,"-0.05","0.09","-0.09",,"-0.09","0.02","-0.13",,"-0.088","-0.117","-0.117",,"0.098","0.352","0.108",,"0.176","0.274","0.342",,"0.068","0.636","0.431",,"-0.029","0.225","-0.01",,"-0.166","0.02","-0.117",,"-0.342","-0.342","-0.088","-0.157",,"-0.176","-0.176","0.059","0.059","-0.029",,"-0.059","-0.059","0.166","0.117",,"-0.098","-0.098","-0.254","-0.254",,"0.147","-0.127","0.313","0.196",,"-0.695","0.313","0.147",,"0.029","0.127","0.049",,"-0.01","0.039","-0.068",,"-0.029","-0.186","-0.088",,"0.049","0","-0.117"
DilutedEPS,,"0.45","-0.17","-0.09","-0.22","-0.09","-0.44","-0.5","-0.004","0.11","0.51","0.39","0.25","0.41","0.43","0.28","0.34","0.12","0.14","0.28","0.21","0.17","0.14","0.47","0.24","0.22","0.11","0.28","0.13","0.33","0.19","0.21","0.24","0.16","0.03","0.16","0.08","0.02","-0.05","0.11","0",,"-0.05","0.09","-0.09",,"-0.09","0.02","-0.13",,"-0.088","-0.117","-0.117",,"0.098","0.342","0.108",,"0.176","0.264","0.342",,"0.068","0.607","0.431",,"-0.029","0.215","-0.01",,"-0.166","0.02","-0.117",,"-0.342","-0.342","-0.088","-0.157",,"-0.176","-0.176","0.059","0.059","-0.029",,"-0.059","-0.059","0.157","0.117",,"-0.098","-0.098","-0.254","-0.254",,"0.147","-0.127","0.303","0.186",,"-0.695","0.294","0.137",,"0.029","0.127","0.049",,"-0.01","0.029","-0.068",,"-0.029","-0.186","-0.088",,"0.049","0","-0.117"
BasicAverageShares,,"714,000,000","713,900,000","707,600,000","705,600,000","705,300,000","705,200,000","705,100,000","708,100,000","716,300,000","725,500,000","739,100,000","740,600,000","740,300,000","739,900,000","739,700,000","739,200,000","739,000,000","738,800,000","738,600,000","738,000,000","737,900,000","740,600,000","744,000,000","749,600,000","753,200,000","746,400,000","753,900,000","756,000,000","755,700,000","755,600,000","755,400,000","754,900,000","754,700,000","749,000,000","745,200,000","728,200,000","723,900,000","721,300,000","718,100,000","707,500,000",,"702,100,000","685,700,000","677,300,000",,"654,500,000","652,500,000","648,100,000",,"619,403,895","587,621,250","537,647,895",,"530,698,635","531,924,975","548,136,818",,"539,362,500","536,523,750","540,173,571",,"554,772,857","503,113,846","385,553,864",,"374,715,000","355,460,870","360,199,644",,"360,688,235","357,682,500","340,650,000",,"281,649,420","283,226,143","261,165,000","274,649,062",,"271,021,140","266,842,500","270,510,165","255,487,500","272,520,000",,"268,261,875","272,520,000","246,289,950","229,938,750",,"225,339,975","224,829,000","227,973,462","227,973,462",,"231,642,000","227,973,462","236,325,938","229,938,750",,"207,268,732","210,777,188","204,390,000",,"204,390,000","204,390,000","224,829,000",,"204,390,000","178,841,250","175,191,429",,"170,325,000","161,360,526","158,970,000",,"163,512,000","153,292,500","153,292,500"
DilutedAverageShares,,"716,100,000","713,900,000","707,600,000","705,600,000","705,300,000","705,200,000","705,100,000","708,100,000","717,100,000","725,800,000","739,400,000","740,800,000","741,000,000","740,500,000","740,200,000","739,600,000","739,600,000","739,000,000","738,800,000","738,200,000","738,600,000","741,100,000","744,300,000","749,700,000","761,900,000","746,800,000","785,500,000","756,300,000","787,600,000","756,400,000","755,900,000","785,100,000","755,600,000","749,700,000","745,900,000","738,600,000","725,100,000","721,300,000","730,600,000","707,500,000",,"702,100,000","687,100,000","677,300,000",,"654,500,000","654,100,000","648,100,000",,"619,403,895","587,621,250","541,633,500",,"531,005,220","563,809,815","548,136,818",,"539,362,500","556,395,000","540,173,571",,"554,772,857","527,458,065","385,553,864",,"374,715,000","371,618,182","360,199,644",,"360,688,235","357,682,500","340,650,000",,"281,649,420","283,226,143","261,165,000","274,649,062",,"271,021,140","266,842,500","273,780,405","255,487,500","272,520,000",,"290,846,970","272,520,000","304,030,125","229,938,750",,"290,642,580","224,829,000","227,973,462","227,973,462",,"231,642,000","227,973,462","243,949,355","242,040,789",,"213,276,522","224,829,000","218,989,286",,"204,390,000","204,390,000","224,829,000",,"204,390,000","238,455,000","175,191,429",,"170,325,000","161,360,526","158,970,000",,"163,512,000","153,292,500","153,292,500"
TotalOperatingIncomeAsReported,"-250,000,000","79,000,000","-95,000,000","-68,000,000","-166,000,000","-271,000,000","-318,000,000","-353,000,000","-11,000,000","166,000,000","137,000,000","280,000,000","216,000,000","188,000,000","-92,000,000","263,000,000","171,000,000","134,000,000","127,000,000","244,000,000","171,000,000","150,000,000","144,000,000","239,000,000","151,000,000","147,000,000","132,000,000","227,000,000","144,000,000","149,000,000","202,000,000","225,000,000","134,000,000","136,000,000","79,000,000","208,000,000","90,000,000","117,000,000","65,000,000","180,000,000","21,000,000","120,000,000","54,000,000","152,000,000","-3,000,000","92,000,000","23,000,000","110,000,000","-2,000,000","34,000,000","-10,000,000","45,000,000","-3,000,000","216,000,000","123,000,000","276,000,000","133,000,000","370,000,000","165,000,000","284,000,000","134,000,000","304,000,000","125,000,000","233,000,000","116,000,000","182,000,000","70,000,000","169,000,000","99,000,000","140,000,000","47,000,000","134,000,000","87,000,000",,,"32,000,000","105,000,000","81,000,000",,,"61,000,000",,"149,000,000","109,000,000",,,"98,000,000",,"162,000,000",,,"87,000,000","49,000,000","40,000,000",,,"67,000,000",,,,,,,,,,,,,,,,,,,,,,
TotalExpenses,"3,148,000,000","922,000,000","944,000,000","717,000,000","565,000,000","538,000,000","516,000,000","456,000,000","1,063,000,000","1,169,000,000","1,129,000,000","1,203,000,000","1,174,000,000","1,180,000,000","1,391,000,000","1,255,000,000","1,175,000,000","1,218,000,000","1,131,000,000","1,199,000,000","1,179,000,000","1,188,000,000","1,163,000,000","1,220,000,000","1,191,000,000","1,185,000,000","1,159,000,000","1,220,000,000","1,179,000,000","1,232,000,000","1,099,000,000","1,206,000,000","1,178,000,000","1,159,000,000","1,144,000,000","1,212,000,000","1,165,000,000","1,625,000,000","1,139,000,000","1,188,000,000","964,000,000","1,538,000,000","1,088,000,000","1,144,000,000","906,000,000","1,402,000,000","983,000,000","1,004,000,000","825,000,000","1,285,000,000","922,000,000","1,019,000,000","885,000,000","1,431,000,000","1,045,000,000","1,139,000,000","932,000,000","1,422,000,000","1,041,000,000","1,107,000,000","903,000,000","1,395,000,000","1,010,000,000","979,000,000","732,000,000","1,052,000,000","771,000,000","824,000,000","719,000,000","960,000,000","763,000,000","793,000,000","722,000,000","5,339,000,000","-728,000,000","728,000,000","769,000,000","724,000,000","5,366,000,000","-720,000,000","728,000,000","-763,000,000","771,000,000","681,000,000","5,509,000,000","-751,000,000","750,000,000","-817,000,000","710,000,000","1,425,000,000","-149,000,000","152,000,000","150,000,000","145,000,000","1,159,000,000","-130,000,000","136,000,000","-135,000,000","-128,000,000","2,314,000,000","186,000,000","195,000,000","199,000,000","254,000,000","166,000,000","155,000,000","170,000,000","202,000,000","126,000,000","113,000,000","101,000,000","179,000,000","80,000,000","313,000,000","307,000,000","438,000,000","326,000,000","306,000,000","277,000,000"
NetIncomeFromContinuingAndDiscontinuedOperation,"-11,000,000","320,000,000","-119,000,000","-60,000,000","-152,000,000","-64,000,000","-313,000,000","-352,000,000","-3,000,000","80,000,000","368,000,000","286,000,000","186,000,000","303,000,000","322,000,000","209,000,000","253,000,000","92,000,000","104,000,000","210,000,000","158,000,000","126,000,000","107,000,000","347,000,000","182,000,000","163,000,000","85,000,000","212,000,000","98,000,000","254,000,000","144,000,000","155,000,000","70,000,000","123,000,000","19,000,000","119,000,000","56,000,000","15,000,000","-34,000,000","82,000,000","-2,000,000","17,000,000","-33,000,000","62,000,000","-60,000,000","-6,000,000","-58,000,000","19,000,000","-84,000,000","-70,000,000","-55,000,000","-68,000,000","-59,000,000","122,000,000","54,000,000","190,000,000","61,000,000","294,000,000","97,000,000","149,000,000","187,000,000","196,000,000","40,000,000","330,000,000","172,000,000","74,000,000","-5,000,000","91,000,000","6,000,000","61,000,000","-47,000,000","17,000,000","-31,000,000","126,000,000","-64,000,000","-64,000,000","-14,000,000","-34,000,000","-9,000,000","-38,000,000","-38,000,000","24,000,000","24,000,000","-11,000,000","-20,000,000","-6,000,000","-6,000,000","49,000,000","32,000,000","286,000,000","-17,000,000","-17,000,000","-50,000,000","-57,000,000","59,000,000","31,000,000","-32,000,000","61,000,000","45,000,000","243,000,000","4,000,000","66,000,000","30,000,000","9,000,000","6,000,000","26,000,000","6,000,000","-6,000,000","-2,000,000","7,000,000","-12,000,000","-110,000,000","-4,000,000","-3,000,000","-14,000,000","-12,000,000","11,000,000",,"-18,000,000"
NormalizedIncome,"-240,950,000","93,700,000","-123,511,278.195","-60,000,000","-152,000,000","-214,380,000","-312,187,660.668","-352,885,572.139","-2,270,000","79,089,887.64","96,914,893.617","231,032,679.739","181,052,356.021","114,572,519.084","-171,200,000","209,925,438.596","134,846,153.846","81,009,090.909","62,571,428.571","182,502,092.05","147,800,000","118,800,000","85,740,157.48","187,537,859.008","144,200,000","139,600,000","77,765,957.447","184,646,288.21","92,600,000","131,800,000","137,278,145.695","157,741,379.31","69,350,000","64,586,206.897","3,650,000","97,462,686.567","20,900,000","8,500,000","-34,650,000","81,126,315.789","-52,793,650.794","14,333,333.333","-33,650,000","62,320,000","-62,250,000","-4,650,000","-57,075,757.576","21,307,692.308","-80,423,076.923","-63,864,864.865","-74,808,510.638","-69,650,000","-76,846,153.846","122,650,000","41,000,000","187,347,150.259","60,650,000","297,000,000","91,050,000","148,930,817.61","48,200,000","167,600,000","35,800,000","114,868,421.053","28,421,052.632","59,000,000","-4,400,000","42,325,581.395","-3,000,000","22,200,000","-52,571,428.571","-4,200,000","-25,600,000","-34,375,000","-65,855,263.158","-65,855,263.158","-9,200,000","-24,157,894.737","18,600,000","-38,844,444.444","-38,844,444.444","23,314,285.714","23,314,285.714","-9,000,000","17,931,034.483","-7,800,000","-9,000,000","49,000,000","33,828,571.429","288,400,000","-17,600,000","-17,000,000","-50,000,000","-57,000,000","68,600,000","31,000,000","-32,000,000","58,600,000","37,800,000","351,800,000","2,200,000","63,000,000","21,600,000","6,600,000","2,400,000","24,800,000","4,200,000","-19,714,285.714","-9,800,000","1,000,000","-17,142,857.143","-56,229,508.197","-7,000,000","-7,800,000","-17,500,000","-21,230,769.231","4,714,285.714",,"-21,750,000"
InterestIncome,"2,000,000","0","1,000,000","0","1,000,000","1,000,000","0","1,000,000","6,000,000","9,000,000","8,000,000","7,000,000","8,000,000","7,000,000","3,000,000","2,000,000","3,000,000","2,000,000","2,000,000","1,000,000","1,000,000","1,000,000","0","0","1,000,000","2,000,000","0","1,000,000","1,000,000","1,000,000","1,000,000","1,000,000","1,000,000","1,000,000","1,000,000","1,000,000","1,000,000","12,000,000","4,000,000","3,000,000","4,000,000","5,000,000","5,000,000","5,000,000","4,000,000","5,000,000","2,000,000","1,000,000","1,000,000","2,000,000","1,000,000","2,000,000","2,000,000","7,000,000","4,000,000","5,000,000",,"10,000,000","9,000,000",,,,,,,,,,,,,,,,,,,,,,,,,,,,,,,,,,,,,,,,,,,,,,,,,,,,,,,,,,,,
InterestExpense,"191,000,000","63,000,000","43,000,000","43,000,000","42,000,000","50,000,000","66,000,000","39,000,000","37,000,000","82,000,000","43,000,000","43,000,000","43,000,000","36,000,000","45,000,000","45,000,000","44,000,000","36,000,000","43,000,000","43,000,000","39,000,000","32,000,000","38,000,000","39,000,000","39,000,000","63,000,000","49,000,000","52,000,000","51,000,000","44,000,000","51,000,000","53,000,000","56,000,000","37,000,000","65,000,000","103,000,000","76,000,000","80,000,000","93,000,000","94,000,000","86,000,000","112,000,000","87,000,000","89,000,000","82,000,000","116,000,000","89,000,000","82,000,000","96,000,000","115,000,000","95,000,000","82,000,000","87,000,000","101,000,000","83,000,000","81,000,000",,"110,000,000","82,000,000",,,,,,,,,,,,,,,,,,,,,,,,,,,,,,,,,,,,,,,,,,,,,,,,,,,,,,,,,,,,
NetInterestIncome,"-189,000,000","-63,000,000","-42,000,000","-43,000,000","-41,000,000","-49,000,000","-66,000,000","-38,000,000","-31,000,000","-78,000,000","-35,000,000","-36,000,000","-35,000,000","-35,000,000","-42,000,000","-43,000,000","-41,000,000","-40,000,000","-41,000,000","-42,000,000","-38,000,000","-37,000,000","-38,000,000","-39,000,000","-38,000,000","-69,000,000","-49,000,000","-51,000,000","-50,000,000","-51,000,000","-50,000,000","-52,000,000","-55,000,000","-46,000,000","-64,000,000","-102,000,000","-75,000,000","-80,000,000","-89,000,000","-91,000,000","-82,000,000","-107,000,000","-82,000,000","-84,000,000","-78,000,000","-111,000,000","-87,000,000","-81,000,000","-95,000,000","-113,000,000","-94,000,000","-80,000,000","-85,000,000","-94,000,000","-79,000,000","-76,000,000",,"-100,000,000","-73,000,000",,,,,,,,,,,,,,,,,,,,,,,,,,,,,,,,,,,,,,,,,,,,,,,,,,,,,,,,,,,,
EBIT,"89,000,000","376,000,000","-90,000,000","-40,000,000","-157,000,000","-80,000,000","-323,000,000","-363,000,000","-3,000,000","171,000,000","419,000,000","349,000,000","234,000,000","429,000,000","465,000,000","273,000,000","304,000,000","146,000,000","190,000,000","282,000,000","194,000,000","158,000,000","165,000,000","422,000,000","214,000,000","225,000,000","143,000,000","281,000,000","146,000,000","299,000,000","202,000,000","227,000,000","125,000,000","95,000,000","78,000,000","237,000,000","103,000,000","116,000,000","68,000,000","189,000,000","23,000,000","136,000,000","55,000,000","164,000,000","2,000,000","102,000,000","23,000,000","108,000,000","-8,000,000","41,000,000","1,000,000","22,000,000","-4,000,000","209,000,000","128,000,000","274,000,000","126,000,000","376,000,000","172,000,000","284,000,000","134,000,000","304,000,000","125,000,000","233,000,000","116,000,000","182,000,000","70,000,000","169,000,000","99,000,000","140,000,000","47,000,000","134,000,000","87,000,000","-4,289,000,000","1,480,000,000","32,000,000","105,000,000","81,000,000","-4,196,000,000","1,514,000,000","61,000,000","1,689,000,000","149,000,000","109,000,000","-4,492,000,000","1,607,000,000","98,000,000","1,819,000,000","162,000,000","-575,000,000","388,000,000","87,000,000","49,000,000","40,000,000","-720,000,000","419,000,000","67,000,000","476,000,000","435,000,000","159,000,000","107,000,000","207,000,000","146,000,000","125,000,000","80,000,000","115,000,000","82,000,000","66,000,000","41,000,000","54,000,000","29,000,000","-13,000,000","30,000,000","56,000,000","24,000,000","16,000,000","61,000,000","53,000,000","24,000,000"
EBITDA,"851,000,000"
ReconciledCostOfRevenue,"1,300,000,000","424,000,000","378,000,000","293,000,000","205,000,000","199,000,000","218,000,000","152,000,000","525,000,000","591,000,000","566,000,000","607,000,000","594,000,000","603,000,000","578,000,000","627,000,000","600,000,000","600,000,000","566,000,000","602,000,000","596,000,000","596,000,000","578,000,000","617,000,000","598,000,000","601,000,000","585,000,000","621,000,000","601,000,000","605,000,000","590,000,000","617,000,000","607,000,000","591,000,000","579,000,000","615,000,000","598,000,000","365,000,000","764,000,000","809,000,000","631,000,000","1,035,000,000","747,000,000","780,000,000","591,000,000","940,000,000","668,000,000","699,000,000","548,000,000","1,590,000,000","387,000,000","419,000,000","577,000,000","1,925,000,000","445,000,000","500,000,000","399,000,000","1,940,000,000","453,000,000","491,000,000","640,000,000","614,000,000","427,000,000","426,000,000","310,000,000","454,000,000","325,000,000","357,000,000","305,000,000","417,000,000","323,000,000",,,,,,,,,,,,,,,,,,,,,,,,,,,,,"524,000,000","233,000,000","253,000,000","245,000,000","312,000,000","213,000,000","197,000,000","212,000,000","238,000,000","159,000,000","138,000,000","126,000,000","166,000,000","113,000,000","338,000,000","339,000,000","449,000,000","365,000,000","348,000,000","317,000,000"
ReconciledDepreciation,"762,000,000","165,000,000","263,000,000","169,000,000","165,000,000","167,000,000","166,000,000","168,000,000","164,000,000","175,000,000","165,000,000","166,000,000","170,000,000","165,000,000","412,000,000","189,000,000","178,000,000","217,000,000","176,000,000","178,000,000","180,000,000","183,000,000","182,000,000","178,000,000","181,000,000","181,000,000","180,000,000","180,000,000","175,000,000","177,000,000","178,000,000","174,000,000","172,000,000","173,000,000","175,000,000","172,000,000","177,000,000","278,000,000","161,000,000","159,000,000","153,000,000","213,000,000","149,000,000","152,000,000","141,000,000","184,000,000","134,000,000","138,000,000","137,000,000","225,000,000","125,000,000","175,000,000","178,000,000","191,000,000","133,000,000","131,000,000","124,000,000","163,000,000","119,000,000","119,000,000","116,000,000","145,000,000","118,000,000","107,000,000","89,000,000","119,000,000","84,000,000","86,000,000","84,000,000","104,000,000","84,000,000","83,000,000","83,000,000","109,000,000","84,000,000","86,000,000","86,000,000","88,000,000","118,000,000","86,000,000","86,000,000","84,000,000","84,000,000","84,000,000","112,000,000","87,000,000","87,000,000","102,000,000","77,000,000","107,000,000","75,000,000","75,000,000","75,000,000","74,000,000","90,000,000","68,000,000","68,000,000","67,000,000","68,000,000","427,000,000","-59,000,000","-67,000,000","-58,000,000","-78,000,000","-56,000,000","-51,000,000","-51,000,000","-54,000,000","-41,000,000","-33,000,000","-34,000,000","3,000,000","-41,000,000","-42,000,000","-42,000,000","-48,000,000","-39,000,000","-42,000,000","-40,000,000"
NetIncomeFromContinuingOperationNetMinorityInterest,"-11,000,000","320,000,000","-119,000,000","-60,000,000","-152,000,000","-64,000,000","-313,000,000","-352,000,000","-3,000,000","80,000,000","368,000,000","286,000,000","186,000,000","303,000,000","322,000,000","209,000,000","253,000,000","92,000,000","104,000,000","210,000,000","158,000,000","126,000,000","107,000,000","347,000,000","182,000,000","163,000,000","85,000,000","212,000,000","98,000,000","254,000,000","144,000,000","155,000,000","70,000,000","53,000,000","3,000,000","117,000,000","30,000,000","15,000,000","-34,000,000","82,000,000","-52,000,000","17,000,000","-33,000,000","65,000,000","-60,000,000","-4,000,000","-58,000,000","19,000,000","-82,000,000","-63,000,000","-66,000,000","-69,000,000","-76,000,000","122,000,000","41,000,000","179,000,000","60,000,000","266,000,000","93,000,000","148,000,000","43,000,000","161,000,000","34,000,000","97,000,000","18,000,000","59,000,000","-5,000,000","91,000,000","-6,000,000","18,000,000","-46,000,000","-3,000,000","-32,000,000","-110,000,000","-65,000,000","-65,000,000","-14,000,000","-34,000,000","-9,000,000","-38,000,000","-38,000,000","24,000,000","24,000,000","-18,000,000","-20,000,000","-6,000,000","-6,000,000","49,000,000","32,000,000","286,000,000","-17,000,000","-17,000,000","-50,000,000","-57,000,000","59,000,000","31,000,000","-32,000,000","61,000,000","45,000,000","242,000,000","4,000,000","66,000,000","30,000,000","9,000,000","6,000,000","26,000,000","6,000,000","-6,000,000","-2,000,000","7,000,000","-12,000,000","-49,000,000","-4,000,000","-3,000,000","-14,000,000","-12,000,000","11,000,000",,"-18,000,000"
TotalUnusualItemsExcludingGoodwill,"315,000,000","310,000,000","5,000,000",,,"206,000,000","-1,000,000","1,000,000","-1,000,000","1,000,000","274,000,000","58,000,000","5,000,000","242,000,000","548,000,000","-1,000,000","120,000,000","13,000,000","58,000,000","31,000,000","17,000,000","12,000,000","25,000,000","174,000,000","63,000,000","39,000,000","8,000,000","29,000,000","9,000,000","188,000,000","7,000,000","-3,000,000","1,000,000","-12,000,000","-1,000,000","22,000,000","14,000,000","10,000,000","1,000,000","1,000,000","1,000,000","4,000,000","1,000,000","3,000,000","3,000,000","1,000,000","-1,000,000","-3,000,000","-2,000,000","1,000,000","12,000,000","1,000,000","1,000,000","-1,000,000","0","-9,000,000","-1,000,000","-31,000,000","3,000,000","-1,000,000","-8,000,000","-11,000,000","-3,000,000","-21,000,000","-11,000,000","0","-1,000,000","69,000,000","-3,000,000","-7,000,000","8,000,000","2,000,000","-7,000,000","-77,000,000","1,000,000","1,000,000","-8,000,000","-11,000,000","-46,000,000","1,000,000","1,000,000","1,000,000","1,000,000","-15,000,000","-50,000,000","3,000,000","3,000,000",,"-2,000,000","-4,000,000","1,000,000",,"0","0","-16,000,000",,,"4,000,000","12,000,000","-183,000,000","3,000,000","5,000,000","14,000,000","4,000,000","6,000,000","2,000,000","3,000,000","16,000,000","13,000,000","10,000,000","6,000,000","9,000,000","5,000,000","8,000,000","5,000,000","10,000,000","8,000,000",,"5,000,000"
TotalUnusualItems,"315,000,000","310,000,000","5,000,000",,,"206,000,000","-1,000,000","1,000,000","-1,000,000","1,000,000","274,000,000","58,000,000","5,000,000","242,000,000","548,000,000","-1,000,000","120,000,000","13,000,000","58,000,000","31,000,000","17,000,000","12,000,000","25,000,000","174,000,000","63,000,000","39,000,000","8,000,000","29,000,000","9,000,000","188,000,000","7,000,000","-3,000,000","1,000,000","-12,000,000","-1,000,000","22,000,000","14,000,000","10,000,000","1,000,000","1,000,000","1,000,000","4,000,000","1,000,000","3,000,000","3,000,000","1,000,000","-1,000,000","-3,000,000","-2,000,000","1,000,000","12,000,000","1,000,000","1,000,000","-1,000,000","0","-9,000,000","-1,000,000","-31,000,000","3,000,000","-1,000,000","-8,000,000","-11,000,000","-3,000,000","-21,000,000","-11,000,000","0","-1,000,000","69,000,000","-3,000,000","-7,000,000","8,000,000","2,000,000","-7,000,000","-77,000,000","1,000,000","1,000,000","-8,000,000","-11,000,000","-46,000,000","1,000,000","1,000,000","1,000,000","1,000,000","-15,000,000","-50,000,000","3,000,000","3,000,000",,"-2,000,000","-4,000,000","1,000,000",,"0","0","-16,000,000",,,"4,000,000","12,000,000","-183,000,000","3,000,000","5,000,000","14,000,000","4,000,000","6,000,000","2,000,000","3,000,000","16,000,000","13,000,000","10,000,000","6,000,000","9,000,000","5,000,000","8,000,000","5,000,000","10,000,000","8,000,000",,"5,000,000"
NormalizedEBITDA,"536,000,000","231,000,000","168,000,000","129,000,000","8,000,000","-119,000,000","-156,000,000","-196,000,000","162,000,000","345,000,000","310,000,000","457,000,000","399,000,000","352,000,000","329,000,000","463,000,000","362,000,000","350,000,000","308,000,000","429,000,000","357,000,000","329,000,000","322,000,000","426,000,000","332,000,000","367,000,000","315,000,000","432,000,000","312,000,000","288,000,000","373,000,000","404,000,000","296,000,000","280,000,000","256,000,000","389,000,000","266,000,000","385,000,000","228,000,000","347,000,000","175,000,000","345,000,000","203,000,000","313,000,000","140,000,000","285,000,000","158,000,000","250,000,000","131,000,000","265,000,000","127,000,000","217,000,000","173,000,000","404,000,000","261,000,000","414,000,000","251,000,000","570,000,000","288,000,000","404,000,000","258,000,000","460,000,000","247,000,000","361,000,000","216,000,000","301,000,000","156,000,000","186,000,000","186,000,000","251,000,000","124,000,000","215,000,000","177,000,000","-4,103,000,000","1,563,000,000","117,000,000","199,000,000","180,000,000","-4,032,000,000","1,599,000,000","146,000,000","1,772,000,000","232,000,000","208,000,000","-4,330,000,000","1,691,000,000","182,000,000","1,921,000,000","241,000,000","-464,000,000","462,000,000","162,000,000","124,000,000","114,000,000","-614,000,000","487,000,000","135,000,000","539,000,000","491,000,000","769,000,000","163,000,000","269,000,000","190,000,000","199,000,000","130,000,000","164,000,000","130,000,000","104,000,000","69,000,000","77,000,000","57,000,000","-19,000,000","84,000,000","72,000,000","61,000,000","54,000,000","93,300,000","94,000,000","59,000,000"
TaxRateForCalcs,"0.27","0.27","0.098","0.265","0.231","0.27","0.188","0.114","0.27","0.09","0.011","0.052","0.01","0.221","0.1","0.075","0.015","0.155","0.286","0.113","0.4","0.4","0.15","0.084","0.4","0.4","0.096","0.057","0.4","0.35","0.04","0.086","0.35","0.034","0.35","0.112","0.35","0.35","0.35","0.126","0.206","0.333","0.35","0.107","0.25","0.35","0.076","0.231","0.212","0.135","0.266","0.35","0.154","0.35","0.089","0.073","0.35","0","0.35","0.069","0.35","0.4","0.4","0.149","0.053","0.017","0.4","0.295","0","0.4","0.179","0.4","0.086","0.018","0.145","0.145","0.4","0.105","0.4","0.156","0.156","0.314","0.314","0.4","0.241","0.4","0","0.197","0.086","0.4","0.4","0.4","0.4","0.4","0.4","0.4","0.4","0.4","0.4","0.4","0.4","0.4","0.4","0.4","0.4","0.4","0.4","0.143","0.4","0.4","0.143","0.197","0.4","0.4","0.3","0.077","0.214",,"0.25"
TaxEffectOfUnusualItems,"85,050,000","83,700,000","488,721.805","0","0","55,620,000","-187,660.668","114,427.861","-270,000","89,887.64","2,914,893.617","3,032,679.739","52,356.021","53,572,519.084","54,800,000","-74,561.404","1,846,153.846","2,009,090.909","16,571,428.571","3,502,092.05","6,800,000","4,800,000","3,740,157.48","14,537,859.008","25,200,000","15,600,000","765,957.447","1,646,288.21","3,600,000","65,800,000","278,145.695","-258,620.69","350,000","-413,793.103","-350,000","2,462,686.567","4,900,000","3,500,000","350,000","126,315.789","206,349.206","1,333,333.333","350,000","320,000","750,000","350,000","-75,757.576","-692,307.692","-423,076.923","135,135.135","3,191,489.362","350,000","153,846.154","-350,000","0","-652,849.741","-350,000","0","1,050,000","-69,182.39","-2,800,000","-4,400,000","-1,200,000","-3,131,578.947","-578,947.368","0","-400,000","20,325,581.395","0","-2,800,000","1,428,571.429","800,000","-600,000","-1,375,000","144,736.842","144,736.842","-3,200,000","-1,157,894.737","-18,400,000","155,555.556","155,555.556","314,285.714","314,285.714","-6,000,000","-12,068,965.517","1,200,000","0","0","-171,428.571","-1,600,000","400,000","0","0","0","-6,400,000","0","0","1,600,000","4,800,000","-73,200,000","1,200,000","2,000,000","5,600,000","1,600,000","2,400,000","800,000","1,200,000","2,285,714.286","5,200,000","4,000,000","857,142.857","1,770,491.803","2,000,000","3,200,000","1,500,000","769,230.769","1,714,285.714",,"1,250,000"