name,ttm,12/31/2021,09/30/2021,06/30/2021,03/31/2021,12/31/2020,09/30/2020,06/30/2020,03/31/2020,12/31/2019,09/30/2019,06/30/2019,03/31/2019,12/31/2018,09/30/2018,06/30/2018,03/31/2018,12/31/2017,09/30/2017,06/30/2017,03/31/2017,12/31/2016,09/30/2016,06/30/2016,03/31/2016,12/31/2015,09/30/2015,06/30/2015,03/31/2015,12/31/2014,09/30/2014,06/30/2014,03/31/2014,12/31/2013,09/30/2013,06/30/2013,03/31/2013,12/31/2012,09/30/2012,06/30/2012,03/31/2012,12/31/2011,09/30/2011,06/30/2011,03/31/2011,12/31/2010,09/30/2010,06/30/2010,03/31/2010,12/31/2009,09/30/2009,06/30/2009,03/31/2009,12/31/2008,09/30/2008,06/30/2008,03/31/2008,12/31/2007,09/30/2007,06/30/2007,03/31/2007,12/31/2006,09/30/2006,06/30/2006,03/31/2006,12/31/2005,09/30/2005,06/30/2005,03/31/2005,12/31/2004,09/30/2004,06/30/2004,03/31/2004,12/31/2003,09/30/2003,06/30/2003,03/31/2003,12/31/2002,09/30/2002,06/30/2002,03/31/2002,12/31/2001,09/30/2001,06/30/2001,03/31/2001,12/31/2000,09/30/2000,06/30/2000,03/31/2000,12/31/1999,09/30/1999,06/30/1999,03/31/1999,12/31/1998,09/30/1998,06/30/1998,03/31/1998,12/31/1997,09/30/1997,06/30/1997,03/31/1997,12/31/1996,09/30/1996,06/30/1996,03/31/1996,12/31/1995,09/30/1995,06/30/1995,03/31/1995,12/31/1994,09/30/1994,06/30/1994,03/31/1994,12/31/1993,09/30/1993,06/30/1993,03/31/1993,12/31/1992,09/30/1992,06/30/1992,03/31/1992,12/31/1991,09/30/1991,06/30/1991,03/31/1991,12/31/1990,09/30/1990,06/30/1990,03/31/1990,12/31/1989,09/30/1989,06/30/1989,03/31/1989,12/31/1988,09/30/1988,06/30/1988,03/31/1988,12/31/1987,09/30/1987,06/30/1987,03/31/1987,12/31/1986,09/30/1986,06/30/1986,03/31/1986,12/31/1985,09/30/1985
TotalRevenue,"8,971,337,000","2,326,128,000","2,359,839,000","1,989,422,000","2,295,948,000","2,185,244,000","2,219,829,000","1,707,329,000","2,037,317,000","2,068,125,000","2,134,422,000","1,767,217,000","2,016,488,000","1,987,902,000","2,079,593,000","1,751,615,000","1,971,959,000","1,939,636,000","2,033,121,000","1,662,991,000","1,879,678,000","1,970,244,000","2,003,454,000","1,637,671,000","1,828,812,000","1,909,222,000","1,960,779,000","1,578,825,000","1,937,800,000","2,010,027,000","1,961,578,000","1,578,350,000","1,871,813,000","1,956,253,000","1,853,886,000","1,508,514,000","1,827,426,000","1,751,035,000","1,746,709,000","1,414,444,000","1,732,064,000","1,567,145,000","1,624,249,000","1,325,171,000","1,564,223,000","1,482,809,000","1,547,115,000","1,233,242,000","1,407,843,000","1,407,336,000","1,484,118,000","1,171,183,000","1,236,031,000","1,377,380,000","1,489,609,000","1,105,437,000","1,160,342,000","1,342,222,000","1,399,469,000","1,051,916,000","1,153,109,000","1,346,074,000","1,413,361,000","1,052,067,000","1,132,728,000","1,352,873,000","1,368,240,000","988,447,000","1,126,414,000","1,267,963,000","1,254,508,000","893,688,000","1,013,089,000","1,179,255,000","1,191,019,000","849,115,000","953,162,000","1,156,028,000","1,152,321,000","823,462,000","988,506,000","1,273,917,000","1,304,184,000","898,859,000","1,080,281,000","1,194,902,000","1,196,755,000","836,204,000","993,115,000","1,105,800,000","1,066,700,000","853,200,000","945,200,000","1,239,900,000","1,217,200,000","880,400,000","1,098,100,000","1,242,400,000","1,151,600,000","905,700,000","1,002,500,000","1,189,100,000","1,072,300,000","796,300,000","931,500,000","1,119,900,000","981,100,000","722,300,000","867,400,000","1,079,900,000","966,500,000","676,000,000","883,900,000","1,036,300,000","935,700,000","618,400,000","897,800,000","969,500,000","827,500,000","621,800,000","801,000,000","864,000,000","765,500,000","585,200,000","684,600,000","763,100,000","735,400,000","535,900,000","681,200,000","680,900,000","682,400,000","485,500,000","572,200,000","672,200,000","597,600,000","553,600,000","617,500,000","665,700,000","680,100,000","497,700,000","590,200,000","615,000,000","596,400,000","450,200,000","508,000,000","540,900,000","547,700,000"
	OperatingRevenue,"8,971,337,000","2,326,128,000","2,359,839,000","1,989,422,000","2,295,948,000","2,185,244,000","2,219,829,000","1,707,329,000","2,037,317,000","2,068,125,000","2,134,422,000","1,767,217,000","2,016,488,000","1,987,902,000","2,079,593,000","1,751,615,000","1,971,959,000","1,939,636,000","2,033,121,000","1,662,991,000","1,879,678,000","1,970,244,000","2,003,454,000","1,637,671,000","1,828,812,000","1,909,222,000","1,960,779,000","1,578,825,000","1,937,800,000","2,010,027,000","1,961,578,000","1,578,350,000","1,871,813,000","1,956,253,000","1,853,886,000","1,508,514,000","1,827,426,000","1,751,035,000","1,746,709,000","1,414,444,000","1,732,064,000","1,567,145,000","1,624,249,000","1,325,171,000","1,564,223,000","1,482,809,000","1,547,115,000","1,233,242,000","1,407,843,000","1,407,336,000","1,484,118,000","1,171,183,000","1,236,031,000","1,377,380,000","1,489,609,000","1,105,437,000","1,160,342,000","1,342,222,000","1,399,469,000","1,051,916,000","1,153,109,000","1,346,074,000","1,413,361,000","1,052,067,000","1,132,728,000","1,352,873,000","1,368,240,000","988,447,000","1,126,414,000","1,267,963,000","1,254,508,000","893,688,000","1,013,089,000","1,179,255,000","1,191,019,000","849,115,000","953,162,000","1,156,028,000","1,152,321,000","823,462,000","988,506,000","1,273,917,000","1,304,184,000","898,859,000","1,080,281,000","1,194,902,000","1,196,755,000","836,204,000","993,115,000","1,105,800,000","1,066,700,000","853,200,000","945,200,000","1,239,900,000","1,217,200,000","880,400,000","1,098,100,000","1,242,400,000","1,151,600,000","905,700,000","1,002,500,000","1,189,100,000","1,072,300,000","796,300,000","931,500,000","1,119,900,000","981,100,000","722,300,000","867,400,000","1,079,900,000","966,500,000","676,000,000","883,900,000","1,036,300,000","935,700,000","618,400,000","897,800,000","969,500,000","827,500,000","621,800,000","801,000,000","864,000,000","765,500,000","585,200,000","684,600,000","763,100,000","735,400,000","535,900,000","681,200,000","680,900,000","682,400,000","485,500,000","572,200,000","672,200,000","597,600,000","553,600,000","617,500,000","665,700,000","680,100,000","497,700,000","590,200,000","615,000,000","596,400,000","450,200,000","508,000,000","540,900,000","547,700,000"
CostOfRevenue,"4,922,739,000","1,313,261,000","1,298,504,000","1,063,977,000","1,246,997,000","1,223,173,000","1,139,805,000","914,777,000","1,170,695,000","1,156,213,000","1,191,104,000","892,473,000","1,123,984,000","1,043,550,000","1,216,100,000","958,195,000","997,899,000","1,105,109,000","1,092,899,000","899,781,000","973,118,000","1,227,975,000","1,152,606,000","890,273,000","1,011,436,000","1,054,862,000","1,068,715,000","843,417,000","1,036,957,000","1,122,962,000","1,101,441,000","860,876,000","1,000,323,000","1,098,867,000","998,335,000","789,940,000","978,089,000","995,827,000","1,003,952,000","795,923,000","988,668,000","935,939,000","944,068,000","760,851,000","908,038,000","863,339,000","891,895,000","686,704,000","813,863,000","836,815,000","895,020,000","717,893,000","795,803,000","879,854,000","988,380,000","722,926,000","783,890,000","924,745,000","928,846,000","722,478,000","739,078,000","860,294,000","870,171,000","643,375,000","702,878,000","826,224,000","849,486,000","594,699,000","695,131,000","764,287,000","756,408,000","533,204,000","625,632,000","708,292,000","724,185,000","515,370,000","596,879,000","709,840,000","717,197,000","509,991,000","624,024,000","758,847,000","752,575,000","516,638,000","637,506,000","667,553,000","696,431,000","458,376,000","561,894,000","604,000,000","592,200,000","473,500,000","521,700,000","701,700,000","667,300,000","483,400,000","614,400,000","658,100,000","634,800,000","494,000,000","549,200,000","535,100,000","614,000,000","469,800,000","549,700,000","492,800,000","572,400,000","423,800,000","503,400,000","476,800,000","562,000,000","403,100,000","526,700,000","463,200,000","544,800,000","363,600,000","510,800,000","443,100,000","474,700,000","355,000,000","463,400,000","412,000,000","445,700,000","339,500,000","411,800,000","367,600,000","433,400,000","314,200,000","399,300,000","333,900,000","420,200,000","297,100,000",,,,,,,,,,,,,,,
GrossProfit,"4,048,598,000","1,012,867,000","1,061,335,000","925,445,000","1,048,951,000","962,071,000","1,080,024,000","792,552,000","866,622,000","911,912,000","943,318,000","874,744,000","892,504,000","944,352,000","863,493,000","793,420,000","974,060,000","834,527,000","940,222,000","763,210,000","906,560,000","742,269,000","850,848,000","747,398,000","817,376,000","854,360,000","892,064,000","735,408,000","900,843,000","887,065,000","860,137,000","717,474,000","871,490,000","857,386,000","855,551,000","718,574,000","849,337,000","755,208,000","742,757,000","618,521,000","743,396,000","631,206,000","680,181,000","564,320,000","656,185,000","619,470,000","655,220,000","546,538,000","593,980,000","570,521,000","589,098,000","453,290,000","440,228,000","497,526,000","501,229,000","382,511,000","376,452,000","417,477,000","470,623,000","329,438,000","414,031,000","485,780,000","543,190,000","408,692,000","429,850,000","526,649,000","518,754,000","393,748,000","431,283,000","503,676,000","498,100,000","360,484,000","387,457,000","470,963,000","466,834,000","333,745,000","356,283,000","446,188,000","435,124,000","313,471,000","364,482,000","515,070,000","551,609,000","382,221,000","442,775,000","527,349,000","500,324,000","377,828,000","431,221,000","501,800,000","474,500,000","379,700,000","423,500,000","538,200,000","549,900,000","397,000,000","483,700,000","584,300,000","516,800,000","411,700,000","453,300,000","654,000,000","458,300,000","326,500,000","381,800,000","627,100,000","408,700,000","298,500,000","364,000,000","603,100,000","404,500,000","272,900,000","357,200,000","573,100,000","390,900,000","254,800,000","387,000,000","526,400,000","352,800,000","266,800,000","337,600,000","452,000,000","319,800,000","245,700,000","272,800,000","395,500,000","302,000,000","221,700,000","281,900,000","347,000,000","262,200,000","188,400,000",,,,,,,,,,,,,,,
OperatingExpense,"2,001,351,000","552,918,000","486,139,000","467,629,000","494,665,000","537,978,000","468,614,000","408,949,000","475,384,000","517,200,000","481,363,000","453,793,000","453,573,000","486,036,000","453,921,000","449,548,000","485,324,000","508,433,000","497,182,000","445,888,000","461,900,000","506,619,000","474,494,000","462,531,000","471,734,000","499,447,000","500,306,000","455,545,000","504,170,000","519,679,000","477,569,000","438,763,000","464,959,000","543,783,000","481,986,000","446,070,000","450,669,000","485,857,000","420,972,000","396,250,000","405,562,000","397,156,000","356,878,000","345,918,000","377,798,000","391,227,000","357,624,000","336,980,000","340,646,000","334,040,000","301,466,000","298,710,000","274,456,000","284,057,000","272,401,000","266,612,000","249,949,000","232,762,000","229,809,000","216,870,000","216,433,000","200,264,000","221,842,000","221,478,000","216,794,000","246,698,000","220,252,000","220,626,000","225,410,000","217,150,000","216,696,000","209,561,000","204,133,000","202,946,000","212,341,000","205,273,000","187,552,000","216,758,000","218,052,000","197,851,000","211,503,000","346,053,000","342,622,000","282,670,000","298,619,000","318,965,000","303,688,000","294,416,000","297,003,000","322,800,000","310,400,000","280,700,000","307,300,000","340,300,000","351,000,000","297,600,000","337,300,000","368,800,000","330,400,000","312,600,000","324,100,000","452,300,000","287,500,000","247,400,000","270,400,000","436,700,000","261,700,000","235,700,000","253,500,000","419,600,000","259,600,000","222,300,000","261,600,000","412,400,000","257,200,000","205,800,000","273,200,000","379,700,000","232,200,000","210,100,000","233,300,000","322,100,000","202,900,000","186,200,000","188,600,000","287,400,000","201,400,000","164,500,000","197,300,000","249,100,000","167,800,000","141,500,000",,,,,,,,,,,,,,,
	SellingGeneralAndAdministration,"2,001,351,000","552,918,000","486,139,000","467,629,000","494,665,000","537,978,000","468,614,000","408,949,000","475,384,000","517,200,000","481,363,000","453,793,000","453,573,000","486,036,000","453,921,000","449,548,000","485,324,000","508,433,000","497,182,000","445,888,000","461,900,000","506,619,000","474,494,000","462,531,000","471,734,000","499,447,000","500,306,000","455,545,000","504,170,000","519,679,000","477,569,000","438,763,000","464,959,000","543,783,000","481,986,000","446,070,000","450,669,000","485,857,000","420,972,000","391,405,000","405,562,000","397,156,000","356,878,000","345,918,000","377,798,000","391,227,000","357,624,000","336,980,000","340,646,000","334,040,000","301,466,000","298,710,000","274,456,000","284,057,000","272,401,000","266,612,000","249,949,000","232,762,000","229,809,000","216,870,000","216,433,000","200,264,000","221,842,000","221,478,000","216,794,000","246,698,000","220,252,000","220,626,000","225,410,000","217,150,000","216,696,000","209,561,000","204,133,000","215,395,000","212,107,000","201,388,000","187,552,000","216,758,000","218,052,000","195,875,000","202,741,000","346,053,000","342,622,000","282,670,000","298,619,000","318,965,000","303,688,000","250,722,000","253,800,000","281,100,000","268,600,000","241,400,000","266,800,000","298,600,000","311,700,000","258,300,000","299,400,000","330,200,000","292,600,000","276,300,000","284,000,000","318,800,000","287,500,000","247,400,000","270,400,000","302,800,000","261,700,000","235,700,000","253,500,000","290,600,000","259,600,000","222,300,000","261,600,000","299,300,000","257,200,000","205,800,000","273,200,000","282,600,000","232,200,000","210,100,000","233,300,000","236,700,000","202,900,000","186,200,000","188,600,000","213,500,000","201,400,000","164,500,000","197,300,000","183,400,000","167,800,000","141,500,000",,,,,,,,,,,,,,,
		SellingAndMarketingExpense,,,,,,,,,,,,,,,,,,,,,,,,,,,,,,,,,,,,,,,,,"405,562,000",,,,,,,,,,,,,,,,,,,,,,,,,,,,,,,,,,,,,,,,,,,,,,,,,,,,,,,,,,,,,,,,,,,,,,,,,,,,,,,,,,,,,,,,,,,,,,,,,,,,,,,,,,
	DepreciationAmortizationDepletionIncomeStatement,,,,,,,,,,,,,,,,,,,,,,,,,,,,,,,,,,,,,,,,,,,,,,,,,,,,,,,,,,,,,,,,,,,,,,,,,,,,,,,,,,,,,,,,"43,694,000","43,203,000","41,700,000","41,800,000","39,300,000","40,500,000","41,700,000","39,300,000","39,300,000","37,900,000","38,600,000","37,800,000","36,300,000","40,100,000",,,,,,,,,,,,,,,,,,,,,,,,,,,,,,,,,,,,,,,,,,,,,,
		DepreciationAndAmortizationInIncomeStatement,,,,,,,,,,,,,,,,,,,,,,,,,,,,,,,,,,,,,,,,,,,,,,,,,,,,,,,,,,,,,,,,,,,,,,,,,,,,,,,,,,,,,,,,"43,694,000","43,203,000","41,700,000","41,800,000","39,300,000","40,500,000","41,700,000","39,300,000","39,300,000","37,900,000","38,600,000","37,800,000","36,300,000","40,100,000",,,,,,,,,,,,,,,,,,,,,,,,,,,,,,,,,,,,,,,,,,,,,,
	OtherOperatingExpenses,,,,,,,,,,,,,,,,,,,,,,,,,,,,,,,,,,,,,,,,"4,845,000",,,,,,,,,,,,,,,,,,,,,,,,,,,,,,,,,,"-12,449,000","234,000","3,885,000",,,,"1,976,000","8,762,000",,,,,,,,,,,,,,,,,,,,,,,,,,,,,,,,,,,,,,,,,,,,,,,,,,,,,,,,,,,,,,,,,,
OperatingIncome,"2,047,247,000","459,949,000","575,196,000","457,816,000","554,286,000","424,093,000","611,410,000","383,603,000","391,238,000","394,712,000","461,955,000","420,951,000","438,931,000","458,316,000","409,572,000","343,872,000","488,736,000","326,094,000","443,040,000","317,322,000","444,660,000","235,650,000","376,354,000","284,867,000","345,642,000","354,913,000","391,758,000","279,863,000","396,673,000","367,386,000","382,568,000","278,711,000","406,531,000","313,603,000","373,565,000","272,504,000","398,668,000","269,351,000","321,785,000","222,271,000","337,834,000","234,050,000","323,303,000","218,402,000","278,387,000","228,243,000","297,596,000","209,558,000","253,334,000","236,481,000","287,632,000","154,580,000","165,772,000","213,469,000","228,828,000","115,899,000","126,503,000","184,715,000","240,814,000","112,568,000","197,598,000","285,516,000","321,348,000","187,214,000","213,056,000","279,951,000","298,502,000","173,122,000","205,873,000","286,526,000","281,404,000","150,923,000","183,324,000","268,017,000","254,493,000","128,472,000","168,731,000","229,430,000","217,072,000","115,620,000","152,979,000","169,017,000","208,987,000","99,551,000","144,156,000","208,384,000","196,636,000","83,412,000","134,218,000","179,000,000","164,100,000","99,000,000","116,200,000","197,900,000","198,900,000","99,400,000","146,400,000","215,500,000","186,400,000","99,100,000","129,200,000","201,700,000","170,800,000","79,100,000","111,400,000","190,400,000","147,000,000","62,800,000","110,500,000","183,500,000","144,900,000","50,600,000","95,600,000","160,700,000","133,700,000","49,000,000","113,800,000","146,700,000","120,600,000","56,700,000","104,300,000","129,900,000","116,900,000","59,500,000","84,200,000","108,100,000","100,600,000","57,200,000","84,600,000","97,900,000","94,400,000","46,900,000","572,200,000","-1,229,800,000","597,600,000","553,600,000","617,500,000","-1,474,000,000","680,100,000","497,700,000","590,200,000","-1,284,000,000","596,400,000","450,200,000","508,000,000","-1,210,300,000","547,700,000"
NetNonOperatingInterestIncomeExpense,"-127,417,000","-29,762,000","-30,154,000","-31,065,000","-36,436,000","-37,782,000","-37,258,000","-38,079,000","-36,255,000","-37,435,000","-35,456,000","-33,776,000","-37,458,000","-37,630,000","-36,916,000","-34,952,000","-29,339,000","-25,826,000","-24,589,000","-24,126,000","-23,741,000","-23,413,000","-24,387,000","-21,338,000","-21,005,000","-20,727,000","-18,641,000","-18,877,000","-19,202,000","-20,740,000","-20,773,000","-20,734,000","-21,285,000","-21,870,000","-21,759,000","-21,094,000","-23,633,000","-22,666,000","-24,535,000","-24,344,000","-24,024,000","-21,314,000","23,041,000","-23,351,000","-24,477,000","-27,646,000","22,259,000","-22,780,000","-23,749,000","-21,527,000","-22,302,000","-22,734,000","-23,896,000",,,,,,,,,,,,,,,,,,,,,,,,,,,,,,,,,,,,,,,,,,,,,,,,,,,,,,,,,,,,,,,,,,,,,,,,,,,,,,,,,,,,,,,,,,,,,,
	InterestIncomeNonOperating,"2,429,000","668,000","532,000","619,000","610,000","938,000","798,000","777,000","1,584,000","1,145,000","879,000","4,025,000","1,948,000","2,175,000","1,819,000","1,812,000","2,215,000","924,000","333,000","298,000","229,000","833,000","354,000","273,000","345,000","696,000","878,000","1,156,000","805,000","857,000","1,125,000","1,138,000","946,000","1,049,000","696,000","705,000","708,000","1,005,000",,,"646,000","621,000","23,041,000","0","790,000","441,000","22,259,000","0","215,000","184,000",,,"874,000",,,,,,,,,,,,,,,,,,,,,,,,,,,,,,,,,,,,,,,,,,,,,,,,,,,,,,,,,,,,,,,,,,,,,,,,,,,,,,,,,,,,,,,,,,,,,,
	InterestExpenseNonOperating,"129,846,000","30,430,000","30,686,000","31,684,000","37,046,000","38,720,000","38,056,000","38,856,000","37,839,000","38,580,000","36,335,000","37,801,000","39,406,000","39,805,000","38,735,000","36,764,000","31,554,000","26,750,000","24,922,000","24,424,000","23,970,000","24,246,000","24,741,000","21,611,000","21,350,000","21,423,000","19,519,000","20,033,000","20,007,000","21,597,000","21,898,000","21,872,000","22,231,000","22,919,000","22,455,000","21,799,000","24,341,000","23,671,000","24,535,000","24,344,000","24,670,000","21,935,000","0","23,351,000","25,267,000","28,087,000","0","22,780,000","23,964,000","21,711,000","22,302,000","22,734,000","24,770,000",,,,,,,,,,,,,,,,,,,,,,,,,,,,,,,,,,,,,,,,,,,,,,,,,,,,,,,,,,,,,,,,,,,,,,,,,,,,,,,,,,,,,,,,,,,,,,
	TotalOtherFinanceCost,,,,,,,,,,"37,435,000","35,456,000",,"37,458,000","37,630,000","36,916,000","34,952,000","29,339,000","25,826,000","24,589,000","24,126,000","23,741,000","23,413,000",,,"21,005,000","20,726,000","46,967,000",,"19,202,000","20,740,000","20,773,000","20,734,000","21,285,000","21,870,000","21,759,000","21,094,000","23,633,000","22,666,000","24,535,000",,,,"23,041,000","23,351,000",,,,,,,"22,302,000","22,734,000",,,,,,,,,,,,,,,,,,,,,,,,,,,,,,,,,,,,,,,,,,,,,,,,,,,,,,,,,,,,,,,,,,,,,,,,,,,,,,,,,,,,,,,,,,,,,,,
OtherIncomeExpense,"-122,606,000","-87,246,000","-23,369,000","-8,335,000","-3,656,000","-122,911,000","-11,644,000","-11,447,000","-19,971,000","-142,956,000","-19,139,000","-24,006,000","-5,539,000","-76,716,000","-15,802,000","-48,914,000","-10,166,000","-39,879,000","-17,650,000","-12,079,000","-252,558,000","-13,618,000","-24,130,000","-30,233,000","15,092,000","-37,645,000","-126,479,000","-277,122,000","-2,667,000","-25,077,000","-16,372,000","-1,247,000","-2,925,000","-5,298,000","-2,929,000","-3,587,000","-6,851,000","-16,734,000","-20,055,000","-4,845,000","-3,304,000","-5,041,000","-2,187,000","9,952,000","-1,838,000","-351,000","2,052,000","-85,134,000",,"-24,125,000","-8,008,000","-37,904,000","-12,838,000","-60,053,000","-8,877,000","-21,786,000","-4,085,000","-57,552,000","-112,043,000","-79,728,000","-27,545,000","-5,437,000","-1,568,000","-4,240,000","-3,331,000","-11,694,000","-84,843,000",,,,,,,"-10,908,000","-234,000","-3,885,000",,"-8,278,000","-8,536,000","-1,976,000","-8,762,000","-228,314,000","19,237,000",,,,,,,"0",,,"243,800,000",,,,,,,,,,,,,,,,"1,000,000",,,,,"0",,,"80,600,000",,,,,,,,,"-25,000,000",,"60,500,000",,,,,,,,,,,,,,,,,,,
	SpecialIncomeCharges,"-117,281,000","-85,799,000","-21,328,000","-6,021,000","-4,133,000","-115,300,000","-10,707,000","-7,677,000","-19,541,000","-140,407,000","-9,919,000","-19,514,000","-1,214,000","-64,413,000","-6,612,000","-47,478,000","-8,658,000","-39,955,000","-17,756,000","-12,244,000","-252,729,000","-13,782,000","-23,131,000","-31,573,000","14,924,000","-37,430,000","-126,319,000","-277,007,000","-2,667,000","-25,077,000","-16,372,000","-1,247,000","-2,925,000","-5,298,000","-2,929,000","-3,587,000","-6,851,000","-16,734,000","-20,055,000","-4,845,000","-3,304,000","-5,041,000","-2,187,000","9,952,000","-1,838,000","-351,000","2,052,000","-85,134,000","0","-24,125,000","-8,008,000","-37,904,000","-12,838,000","-60,053,000","-8,877,000","-21,786,000","-4,085,000","-57,552,000","-112,043,000","-79,728,000","-27,545,000","-5,437,000","-1,568,000","-4,240,000","-3,331,000","-11,694,000","-84,843,000",,,,,,,"-10,908,000","-234,000","-3,885,000",,"-8,278,000","-8,536,000","-1,976,000","-8,762,000","-228,314,000","19,237,000",,,,,,,"0",,,"243,800,000",,,,,,,,,,,,,,,,"1,000,000",,,,,"0",,,"80,600,000",,,,,,,,,"-25,000,000",,"60,500,000",,,,,,,,,,,,,,,,,,,
		RestructuringAndMergernAcquisition,"3,525,000","777,000","365,000","1,141,000","1,242,000","18,978,000","0","-1,370,000","895,000","770,000","1,140,000","6,140,000","62,000","8,239,000","1,660,000","980,000","8,224,000","-2,255,000","4,020,000","1,981,000","44,017,000","1,958,000","2,330,000","22,105,000","-20,517,000","11,834,000","57,753,000","22,552,000","2,667,000","25,077,000","16,372,000","1,247,000","2,925,000","5,298,000","2,929,000","3,587,000","6,851,000","16,734,000","20,055,000",,"3,304,000",,,"-9,952,000","1,838,000","351,000",,"85,134,000","0","24,125,000","8,008,000","37,904,000","12,838,000","60,053,000","8,877,000","21,786,000","4,085,000","57,552,000","112,043,000","79,728,000","27,545,000","5,437,000","1,568,000","4,240,000","3,331,000","11,694,000","84,843,000",,,,,,,,,,,"8,278,000","8,536,000",,,,"-19,237,000",,,,,,,,,,,,,,,,,,,,,,,,,,,,,,,,,,,,,,,,,,,,,,,,,,,,,,,,,,,,,,,,
		ImpairmentOfCapitalAssets,"0","0","0","0","0","0","0","1,600,000","7,543,000","107,744,000","0","4,741,000",,"28,912,000","1,649,000","27,168,000","0","0","0","0","208,712,000","4,204,000","0","0",,"0","30,991,000","249,811,000",,,,,,,,,,,,,"3,304,000",,"2,187,000","-9,952,000",,,"-2,052,000","85,134,000","0",,"8,008,000","37,904,000",,,,,,,,,,,,,,,,,,,,,,,,,,,,,,,,,,,,,,,,,,,,,,,,,,,,,,,,,,,,,,,,,,,,,,,,,,,,,,,,,,,,,,,,,,,,,,,
		WriteOff,"113,756,000","85,022,000","20,963,000","4,880,000","2,891,000","96,322,000","10,707,000","7,447,000","11,103,000","31,893,000","8,779,000","8,633,000","1,152,000","27,262,000","3,303,000","19,330,000","434,000","42,210,000","13,736,000","10,263,000","0","7,620,000","20,801,000","9,468,000","5,593,000","25,596,000","9,249,000","4,644,000",,,,,,,,,,,,,,,,,,,,,,,,,,,,,,,,,,,,,,,,,,,,,,,,,,,,,,,,,,,,,,,,,,,,,,,,,,,,,,,,,,,,,,,,,,,,,,,,,,,,,,,,,,,,,,,,,,,,,,,
		OtherSpecialCharges,,,,,,,,,,,,,,,,,,,,,,,,,,"0","28,326,000",,,,,,,,,,,,,,,,,,,,,,,,,,,,,,,,,,,,,,,,,,,,,,,,,,,,,,,,,,,,,,,,,,,,,,,,,,,,,,,,,,,,,,,,,,,,,,,,,,,,,,,,,,,,,,,,,,,,,,,,
		GainOnSaleOfPPE,,,,,,,,,,,,,,,,,,,,,,"0","0","0","0","0","0","0",,,,,,,,,,,,,,,,,,,,,,,,,,,,,,,,,,,,,,,,,,,,,,,,,,,,,,,,,,,,,,,,,,,,,,,,,,,,,,,,,,,,,,,,,,,,,,,,,,,,,,,,,,,,,,,,,,,,,,,
	OtherNonOperatingIncomeExpenses,"-5,325,000","-1,447,000","-2,041,000","-2,314,000","477,000","-7,611,000","-937,000","-3,770,000","-430,000","-2,549,000","-9,220,000","-4,492,000","-4,325,000","-12,303,000","-9,190,000","-1,436,000","-1,508,000","76,000","106,000","165,000","171,000","164,000","-999,000","1,340,000","168,000","-215,000","-160,000","-115,000",,,,,,,,,,,,,,,,,,,,,,,,,,,,,,,,,,,,,,,,,,,,,,,,,,,,,,,,,,,,,,,,,,,,,,,,,,,,,,,,,,,,,,,,,,,,,,,,,,,,,,,,,,,,,,,,,,,,,,,
PretaxIncome,"1,797,224,000","342,941,000","521,673,000","418,416,000","514,194,000","263,400,000","562,508,000","334,077,000","335,012,000","214,321,000","407,360,000","363,169,000","395,934,000","343,970,000","356,854,000","260,006,000","449,231,000","260,389,000","400,801,000","281,117,000","168,361,000","198,619,000","327,837,000","233,296,000","339,729,000","296,541,000","246,638,000","-16,136,000","374,804,000","321,569,000","345,423,000","256,730,000","382,321,000","286,435,000","348,877,000","247,823,000","368,184,000","229,951,000","277,195,000","197,927,000","310,506,000","207,695,000","298,075,000","205,003,000","252,072,000","200,246,000","277,389,000","101,644,000","229,585,000","190,829,000","257,322,000","93,942,000","129,038,000","128,451,000","195,036,000","70,503,000","98,032,000","99,101,000","95,716,000","3,627,000","141,798,000","248,551,000","287,945,000","155,484,000","184,522,000","244,002,000","189,958,000","152,497,000","186,469,000","268,587,000","263,152,000","135,435,000","168,470,000","228,544,000","237,235,000","112,928,000","154,120,000","205,878,000","194,416,000","99,757,000","137,514,000","-76,019,000","210,077,000","82,624,000","126,859,000","188,898,000","175,484,000","65,569,000","116,688,000","160,700,000","143,600,000","82,100,000","341,600,000","178,500,000","176,300,000","78,700,000","123,600,000","191,400,000","165,900,000","83,300,000","113,500,000","155,100,000","157,400,000","68,100,000","99,200,000","176,000,000","133,500,000","54,900,000","101,400,000","68,300,000","134,700,000","42,000,000","88,000,000","153,700,000","127,400,000","42,800,000","186,900,000","138,400,000","112,600,000","51,000,000","99,000,000","124,000,000","108,200,000","52,300,000","78,900,000","77,300,000","92,800,000","112,000,000","79,400,000","93,400,000","87,700,000","42,200,000",,,,,,,,,,,,,,,
TaxProvision,"314,405,000","3,150,000","76,746,000","117,186,000","117,323,000","-27,930,000","115,250,000","66,035,000","66,229,000","9,903,000","82,178,000","49,898,000","92,053,000","12,370,000","91,441,000","36,687,000","98,512,000","78,840,000","126,788,000","78,390,000","70,113,000","81,766,000","100,434,000","87,340,000","109,897,000","83,157,000","91,867,000","83,805,000","130,067,000","119,061,000","121,682,000","88,562,000","129,826,000","100,360,000","115,892,000","88,319,000","126,278,000","80,072,000","100,479,000","62,242,000","111,855,000","65,562,000","101,380,000","74,984,000","91,957,000","64,733,000","97,220,000","54,921,000","82,191,000","64,050,000","95,299,000","22,644,000","53,144,000","46,296,000","70,498,000","29,036,000","34,787,000","44,758,000","32,932,000","73,000","48,325,000","92,563,000","104,280,000","57,044,000","63,554,000","85,815,000","70,483,000","55,136,000","68,248,000","98,301,000","96,923,000","-11,782,000","61,323,000","83,606,000","86,263,000","41,444,000","56,562,000","75,558,000","71,351,000","36,609,000","50,469,000","-31,068,000","89,315,000","30,185,000","47,953,000","72,936,000","68,079,000","25,573,000","45,508,000","62,700,000","56,000,000","32,000,000","116,900,000","68,500,000","68,800,000","30,700,000","48,200,000","75,200,000","65,200,000","32,700,000","44,600,000","76,400,000","63,100,000","27,300,000","39,800,000","70,200,000","51,400,000","21,600,000","40,800,000","43,500,000","53,600,000","16,700,000","35,000,000","61,600,000","53,400,000","16,800,000","81,800,000","56,100,000","45,700,000","16,500,000","40,100,000","49,100,000","44,100,000","20,400,000","30,300,000","30,900,000","36,200,000","46,200,000","32,300,000","39,300,000","35,500,000","17,100,000",,,,,,,,,,,,,,,
NetIncomeCommonStockholders,"1,477,512,000","335,556,000","444,927,000","301,230,000","395,799,000","291,387,000","447,283,000","268,901,000","271,137,000","207,187,000","325,307,000","312,840,000","304,358,000","336,791,000","263,713,000","226,855,000","350,203,000","181,133,000","273,303,000","203,501,000","125,044,000","116,853,000","227,403,000","145,956,000","229,832,000","213,384,000","154,771,000","-99,941,000","244,737,000","202,508,000","223,741,000","168,168,000","252,495,000","186,075,000","232,985,000","159,504,000","241,906,000","149,879,000","176,716,000","135,685,000","198,651,000","142,133,000","196,695,000","130,019,000","160,115,000","135,513,000","180,169,000","46,723,000","147,394,000","126,779,000","162,023,000","71,298,000","75,894,000","82,155,000","124,538,000","41,467,000","63,245,000","54,343,000","62,784,000","3,554,000","93,473,000","155,988,000","183,665,000","98,440,000","120,968,000","158,187,000","119,475,000","97,361,000","118,221,000","170,286,000","166,229,000","147,217,000","107,147,000","144,938,000","143,604,000","71,484,000","97,558,000","130,320,000","123,065,000","63,148,000","87,045,000","-44,951,000","120,762,000","52,439,000","78,906,000","115,962,000","107,405,000","39,996,000","71,180,000","98,000,000","87,600,000","50,100,000","224,700,000","110,000,000","107,500,000","48,000,000","75,400,000","116,200,000","100,700,000","50,600,000","68,900,000","78,700,000","94,300,000","40,800,000","59,400,000","105,800,000","82,100,000","33,300,000","60,600,000","24,800,000","81,100,000","25,300,000","53,000,000","92,100,000","74,000,000","26,000,000","1,100,000","82,300,000","66,900,000","34,500,000","58,900,000","74,900,000","64,100,000","31,900,000","48,600,000","46,400,000","56,600,000","65,800,000","47,100,000","54,100,000","52,200,000","25,100,000",,,,,,,,,,,,,,,
	NetIncome,"1,477,512,000","335,556,000","444,927,000","301,230,000","395,799,000","291,387,000","447,283,000","268,901,000","271,137,000","207,187,000","325,307,000","312,840,000","304,358,000","336,791,000","263,713,000","226,855,000","350,203,000","181,133,000","273,303,000","203,501,000","125,044,000","116,853,000","227,403,000","145,956,000","229,832,000","213,384,000","154,771,000","-99,941,000","244,737,000","202,508,000","223,741,000","168,168,000","252,495,000","186,075,000","232,985,000","159,504,000","241,906,000","149,879,000","176,716,000","135,685,000","198,651,000","142,133,000","196,695,000","130,019,000","160,115,000","135,513,000","180,169,000","46,723,000","147,394,000","126,779,000","162,023,000","71,298,000","75,894,000","82,155,000","124,538,000","41,467,000","63,245,000","54,343,000","62,784,000","3,554,000","93,473,000","155,988,000","183,665,000","98,440,000","120,968,000","158,187,000","119,475,000","97,361,000","118,221,000","170,286,000","166,229,000","147,217,000","107,147,000","144,938,000","143,604,000","71,484,000","97,558,000","130,320,000","123,065,000","63,148,000","87,045,000","-44,951,000","120,762,000","52,439,000","78,906,000","115,962,000","107,405,000","39,996,000","71,180,000","98,000,000","87,600,000","50,100,000","224,700,000","110,000,000","107,500,000","48,000,000","75,400,000","116,200,000","100,700,000","50,600,000","68,900,000","78,700,000","94,300,000","40,800,000","59,400,000","105,800,000","82,100,000","33,300,000","60,600,000","24,800,000","81,100,000","25,300,000","53,000,000","92,100,000","74,000,000","26,000,000","1,100,000","82,300,000","66,900,000","34,500,000","58,900,000","74,900,000","64,100,000","31,900,000","48,600,000","46,400,000","56,600,000","65,800,000","47,100,000","54,100,000","52,200,000","25,100,000",,,,,,,,,,,,,,,
		NetIncomeIncludingNoncontrollingInterests,"1,482,819,000","339,791,000","444,927,000","301,230,000","396,871,000","291,330,000","447,258,000","268,042,000","268,783,000","204,418,000","325,182,000","313,271,000","303,881,000","331,600,000","265,413,000","223,319,000","350,719,000","181,549,000","274,013,000","202,727,000","98,248,000","116,853,000","227,403,000","145,956,000","229,832,000","213,384,000","154,771,000","-99,941,000","244,737,000","202,508,000","223,741,000","168,168,000","252,495,000","186,075,000","232,985,000","159,504,000","241,906,000","149,879,000","176,716,000","135,685,000","198,651,000","142,133,000","196,695,000","130,019,000","160,115,000","135,513,000","180,169,000","46,723,000","147,394,000","126,779,000","162,023,000","71,298,000","75,894,000","82,155,000","124,538,000","41,467,000","63,245,000","54,343,000","62,784,000","3,554,000","93,473,000","155,988,000","183,665,000","98,440,000","120,968,000","158,187,000","119,475,000","97,361,000","118,221,000","170,286,000","166,229,000","147,217,000","107,147,000","144,938,000","143,604,000","71,484,000","97,558,000","130,320,000","123,065,000","63,148,000","87,045,000","-44,951,000","120,762,000","52,439,000","78,906,000","115,962,000","107,405,000","39,996,000","71,180,000","98,000,000","87,600,000","50,100,000","224,700,000","110,000,000","107,500,000","48,000,000","75,400,000","116,200,000","100,700,000","50,600,000","68,900,000","78,700,000","94,300,000","40,800,000","59,400,000","105,800,000","82,100,000","33,300,000","60,600,000","24,800,000","81,100,000","25,300,000","53,000,000","92,100,000","74,000,000","26,000,000","1,100,000","82,300,000","66,900,000","34,500,000","58,900,000","74,900,000","64,100,000","31,900,000","48,600,000","46,400,000","56,600,000","65,800,000","47,100,000","54,100,000","52,200,000","25,100,000","39,700,000","46,200,000","102,200,000","28,600,000","36,900,000","40,500,000","47,700,000","27,000,000","32,900,000","37,700,000","43,500,000","24,600,000","27,000,000","35,400,000","31,800,000"
			NetIncomeContinuousOperations,"1,482,819,000","339,791,000","444,927,000","301,230,000","396,871,000","291,330,000","447,258,000","268,042,000","268,783,000","204,418,000","325,182,000","313,271,000","303,881,000","331,600,000","265,413,000","223,319,000","350,719,000","181,549,000","274,013,000","202,727,000","98,248,000","116,853,000","227,403,000","145,956,000","229,832,000","213,384,000","154,771,000","-99,941,000","244,737,000","202,508,000","223,741,000","168,168,000","252,495,000","186,075,000","232,985,000","159,504,000","241,906,000","149,879,000","176,716,000","135,685,000","198,651,000","142,133,000","196,695,000","130,019,000","160,115,000","135,513,000","180,169,000","46,723,000","147,394,000","126,779,000","162,023,000","71,298,000","75,894,000","82,155,000","124,538,000","41,467,000","63,245,000","54,343,000","62,784,000","3,554,000","93,473,000","155,988,000","183,665,000","98,440,000","120,968,000","158,187,000","119,475,000","97,361,000","118,221,000","170,286,000","166,229,000","147,217,000","107,147,000","144,938,000","150,972,000","71,484,000","97,558,000","130,320,000","123,065,000","63,148,000","87,045,000","-44,951,000","120,762,000","52,439,000","78,906,000","115,962,000","107,405,000","39,996,000","71,180,000","98,000,000","87,600,000","50,100,000","224,700,000","110,000,000","107,500,000","48,000,000","75,400,000","116,200,000","100,700,000","50,600,000","68,900,000","78,700,000","94,300,000","40,800,000","59,400,000","105,800,000","82,100,000","33,300,000","60,600,000","24,800,000","81,100,000","25,300,000","53,000,000","92,100,000","74,000,000","26,000,000","105,100,000","82,300,000","66,900,000","34,500,000","58,900,000","74,900,000","64,100,000","31,900,000","48,600,000","46,400,000","56,600,000","65,800,000","47,100,000","54,100,000","52,200,000","25,100,000","39,700,000","46,200,000","41,700,000","28,600,000","36,900,000","40,500,000","47,700,000","27,000,000","32,900,000","37,700,000","43,500,000","24,600,000","27,000,000","35,500,000","39,500,000"
			NetIncomeDiscontinuousOperations,,,,,,,,,,,,,,,,,,,,,,,,,,,,,,,,,,,,,,,,,,,,,,,,,,,,,,,,,,,,,,,,,,,,,,,,,,,,,,,,,,,,,,,,,,,,,,,,,,,,,,,,,,,,,,,,,,,,,,,,,,,,,,,,,,,,,,"0","60,500,000",,,,,,,,,,,"-100,000","-7,700,000"
			NetIncomeExtraordinary,,,,,,,,,,,,,,,,,,,,,,,,,,,,,,,,,,,,,,,,,,,,,,,,,,,,,,,,,,,,,,,,,,,,,,,,,,"0","-7,368,000",,,,,,,,,,,,,,,,,,,,,,,,,,,,,,,,,,,,,,,"0",,,"-104,000,000",,,,,,,,,,,,,,,,,,,,,,,,,,,,,,
		MinorityInterests,"-5,307,000","-4,235,000","0","0","-1,072,000","57,000","25,000","859,000","2,354,000","2,769,000","125,000","-431,000","477,000","5,191,000","-1,700,000","3,536,000","-516,000","-416,000","-710,000","774,000","26,796,000",,,,,,,,,,,,,,,,,,,,,,,,,,,,,,,,,,,,,,,,,,,,,,,,,,,,,,,,,,,,,,,,,,,,,,,,,,,,,,,,,,,,,,,,,,,,,,,,,,,,,,,,,,,,,,,,,,,,,,,,,,,,,,
AverageDilutionEarnings,,,,,,,"-317,000",,"-185,000",,,,,,,,,,,,,,,,,,,,,,,,,,,,,,,,,,,,,,,,,,,,,,,,,,,,,,,,,,,,,,,,,,,,,,,,,,,,,,,,,,,,,,,,,,,,,,,,,,,,,,,,,,,,,,,,,,,,,,,,,,,,,,,,,,,,,,,,,,
DilutedNIAvailtoComStockholders,"1,477,512,000","335,556,000","444,927,000","301,230,000","395,799,000","292,041,000","446,966,000","268,901,000","270,952,000","207,187,000","325,307,000","312,840,000","304,358,000","336,791,000","263,713,000","226,855,000","350,203,000","181,133,000","273,303,000","203,501,000","125,044,000","116,853,000","227,403,000","145,956,000","229,832,000","213,384,000","154,771,000","-99,941,000","244,737,000","202,508,000","223,741,000","168,168,000","252,495,000","186,075,000","232,985,000","159,504,000","241,906,000","149,879,000","176,716,000","135,685,000","198,651,000","142,133,000","196,695,000","130,019,000","160,115,000","135,513,000","180,169,000","46,723,000","147,394,000","126,779,000","162,023,000","71,298,000","75,894,000","82,155,000","124,538,000","41,467,000","63,245,000","54,343,000","62,784,000","3,554,000","93,473,000","155,988,000","183,665,000","98,440,000","120,968,000","158,187,000","119,475,000","97,361,000","118,221,000","170,286,000","166,229,000","147,217,000","107,147,000","144,938,000","143,604,000","71,484,000","97,558,000","130,320,000","123,065,000","63,148,000","87,045,000","-44,951,000","120,762,000","52,439,000","78,906,000","115,962,000","107,405,000","39,996,000","71,180,000","98,000,000","87,600,000","50,100,000","224,700,000","110,000,000","107,500,000","48,000,000","75,400,000","116,200,000","100,700,000","50,600,000","68,900,000","78,700,000","94,300,000","40,800,000","59,400,000","105,800,000","82,100,000","33,300,000","60,600,000","24,800,000","81,100,000","25,300,000","53,000,000","92,100,000","74,000,000","26,000,000","1,100,000","82,300,000","66,900,000","34,500,000","58,900,000","74,900,000","64,100,000","31,900,000","48,600,000","46,400,000","56,600,000","65,800,000","47,100,000","54,100,000","52,200,000","25,100,000",,,,,,,,,,,,,,,
BasicEPS,,"1.67","2.22","1.5","1.96","1.44","2.21","1.33","1.33","1.02","1.59","1.54","1.49","1.65","1.29","1.11","1.71","0.88","1.32","0.98","0.6","0.56","1.09","0.7","1.09","1.01","0.73","-0.47","1.14","0.94","1.03","0.78","1.16","0.85","1.07","0.73","1.11","0.69","0.78","0.6","1.73","0.63","0.87","0.57","0.7",,"0.81","0.21","0.65",,"0.71","0.31","0.33",,"0.56","0.18","0.29",,"0.28","0.02","0.41",,"0.81","0.43","0.52",,"0.5","0.41","0.49",,"0.68","0.58","0.41",,"0.55","0.275","0.365",,"0.45","0.23","0.32",,"0.445","0.19","0.29",,"0.39","0.145","0.255",,"0.315","0.18","0.79",,"0.375","0.165","0.265",,"0.34","0.165","0.225",,"0.305","0.13","0.19",,"0.255","0.095","0.175",,"0.235","0.075","0.155",,"0.205","0.075","0",,"0.185","0.1","0.165",,"0.18","0.09","0.135",,"0.16","0.185","0.13",,"0.145","0.07","0.11",,"0.285","0.08","0.105",,"0.135","0.075","0.09",,"0.115","0.065","0.075",,"0.085"
DilutedEPS,,"1.62","2.14","1.45","1.9","1.39","2.14","1.29","1.29","0.98","1.54","1.48","1.45","1.6","1.25","1.08","1.65","0.85","1.28","0.95","0.58","0.55","1.06","0.68","1.06","0.98","0.7","-0.47","1.1","0.85","1","0.75","1.11","0.82","1.03","0.7","1.06","0.66","0.77","0.59","0.87","0.62","0.86","0.56","0.7",,"0.78","0.2","0.64",,"0.71","0.31","0.33",,"0.54","0.18","0.28",,"0.27","0.01","0.4",,"0.77","0.41","0.5",,"0.48","0.39","0.47",,"0.66","0.56","0.41",,"0.545","0.27","0.365",,"0.445","0.23","0.315",,"0.44","0.19","0.285",,"0.39","0.145","0.255",,"0.31","0.175","0.785",,"0.37","0.165","0.26",,"0.335","0.165","0.225",,"0.305","0.13","0.19",,"0.255","0.095","0.175",,"0.235","0.075","0.155",,"0.205","0.075","0",,"0.185","0.1","0.165",,"0.18","0.09","0.135",,"0.16","0.185","0.13",,"0.145","0.07","0.11",,"0.285","0.08","0.105",,"0.135","0.075","0.09",,"0.115","0.065","0.075",,"0.085"
BasicAverageShares,,"206,301,000","206,279,000","206,725,000","207,586,000","208,405,000","208,302,000","208,249,000","208,912,000","209,135,000","209,775,000","209,639,000","209,323,000","210,016,000","209,775,000","209,568,000","210,734,000","211,107,000","212,038,000","213,086,000","212,933,000","212,855,000","213,879,000","213,394,000","216,295,000","217,237,000","218,731,000","219,613,000","220,644,000","221,445,000","221,874,000","222,788,000","224,213,000","224,362,000","223,993,000","223,924,000","224,405,000","223,979,000","225,316,000","225,651,000","225,234,000","225,655,000","226,549,000","226,934,000","227,134,000",,"166,900,000","227,590,000","227,966,000",,"228,008,000","227,566,000","227,478,000",,"166,682,000","166,624,000","227,577,000",,"167,165,000","168,309,000","230,652,000",,"173,232,000","175,779,000","178,892,000",,"183,853,000","184,362,000","185,715,000",,"188,726,000","198,068,000","259,760,000",,"261,304,000","262,260,000","266,732,000",,"274,358,000","273,662,000","273,414,000",,"271,738,000","272,820,000","273,500,000",,"273,672,000","274,830,000","276,910,000",,"278,095,238","278,333,333","284,430,380",,"286,666,667","290,909,091","284,528,302",,"296,176,471","306,666,667","306,222,222",,"309,180,328","313,846,154","312,631,579",,"321,960,784","350,526,316","346,285,714",,"345,106,383","337,333,333","341,935,484",,"360,975,610","346,666,667","360,744,000",,"361,621,622","345,000,000","356,969,697",,"356,111,111","354,444,444","360,000,000",,"353,750,000","355,675,676","362,307,692",,"360,000,000","358,571,429","360,744,000",,"360,744,000","360,744,000","360,744,000",,"360,744,000","360,744,000","360,744,000",,"376,420,000","376,420,000","376,420,000",,"376,420,000"
DilutedAverageShares,,"207,447,000","207,426,000","207,671,000","208,564,000","269,998,000","209,140,000","209,070,000","210,147,000","271,105,000","211,312,000","210,817,000","210,327,000","211,060,000","210,681,000","210,378,000","211,955,000","212,596,000","213,392,000","214,640,000","214,522,000","213,934,000","215,161,000","214,504,000","217,487,000","218,542,000","220,075,000","219,613,000","222,719,000","223,547,000","223,877,000","224,981,000","227,046,000","227,357,000","226,887,000","226,840,000","227,706,000","227,264,000","228,608,000","228,853,000","228,655,000","229,117,000","229,849,000","230,301,000","230,194,000",,"230,491,000","230,324,000","229,551,000",,"229,553,000","228,489,000","228,284,000",,"288,670,000","228,664,000","228,926,000",,"230,388,000","231,963,000","233,708,000",,"237,681,000","240,124,000","243,147,000",,"248,117,000","248,927,000","250,308,000",,"252,683,000","261,707,000","262,054,000",,"263,298,000","263,966,000","268,456,000",,"276,692,000","276,004,000","276,438,000",,"274,426,000","275,640,000","276,454,000",,"275,380,000","277,064,000","278,432,000",,"282,580,645","286,285,714","286,242,038",,"290,540,541","290,909,091","290,000,000",,"300,597,015","306,666,667","306,222,222",,"309,180,328","313,846,154","312,631,579",,"321,960,784","350,526,316","346,285,714",,"345,106,383","337,333,333","341,935,484",,"360,975,610","346,666,667","360,744,000",,"361,621,622","345,000,000","356,969,697",,"356,111,111","354,444,444","360,000,000",,"353,750,000","355,675,676","362,307,692",,"360,000,000","358,571,429","360,744,000",,"360,744,000","360,744,000","360,744,000",,"360,744,000","360,744,000","360,744,000",,"376,420,000","376,420,000","376,420,000",,"376,420,000"
TotalOperatingIncomeAsReported,"2,043,722,000","459,172,000","574,831,000","456,675,000","553,044,000","405,115,000","611,410,000","383,373,000","382,800,000","286,198,000","460,815,000","410,070,000","438,869,000","421,165,000","406,263,000","315,724,000","480,512,000","328,349,000","439,020,000","315,341,000","191,931,000","229,488,000","374,024,000","262,762,000","339,509,000","343,079,000","303,014,000","7,500,000",,,,,,,,,,,"301,730,000","222,271,000","334,530,000","229,009,000","321,116,000","228,354,000","276,549,000","227,892,000","299,648,000","124,424,000","253,334,000","212,356,000","279,624,000","116,676,000","152,934,000","153,416,000","219,951,000","94,113,000","122,418,000","127,163,000","128,771,000","32,840,000","170,053,000","280,079,000","319,780,000","182,974,000","209,725,000","268,257,000","213,659,000","173,122,000","205,873,000","286,526,000","281,404,000","150,923,000","183,324,000","244,660,000","254,493,000","128,472,000","168,731,000","221,152,000","208,536,000","115,620,000","152,979,000","149,780,000","228,224,000","99,551,000","144,156,000","208,384,000","196,636,000","83,412,000","134,218,000","179,000,000","164,100,000","99,000,000","116,200,000","197,900,000","198,900,000","99,400,000","146,400,000","215,500,000","186,400,000","99,100,000","129,200,000","201,700,000","170,800,000","79,100,000","111,400,000","190,400,000","147,000,000","62,800,000","110,500,000","183,500,000","144,900,000","50,600,000","95,600,000","160,700,000","133,700,000","49,000,000","113,800,000","146,700,000","120,600,000","56,700,000","104,300,000","129,900,000","116,900,000","59,500,000","84,200,000","108,100,000","100,600,000","57,200,000","84,600,000","97,900,000","94,400,000","46,900,000",,,,,,,,,,,,,,,
TotalExpenses,"6,924,090,000","1,866,179,000","1,784,643,000","1,531,606,000","1,741,662,000","1,761,151,000","1,608,419,000","1,323,726,000","1,646,079,000","1,673,413,000","1,672,467,000","1,346,266,000","1,577,557,000","1,529,586,000","1,670,021,000","1,407,743,000","1,483,223,000","1,613,542,000","1,590,081,000","1,345,669,000","1,435,018,000","1,734,594,000","1,627,100,000","1,352,804,000","1,483,170,000","1,554,309,000","1,569,021,000","1,298,962,000","1,541,127,000","1,642,641,000","1,579,010,000","1,299,639,000","1,465,282,000","1,642,650,000","1,480,321,000","1,236,010,000","1,428,758,000","1,481,684,000","1,424,924,000","1,192,173,000","1,394,230,000","1,333,095,000","1,300,946,000","1,106,769,000","1,285,836,000","1,254,566,000","1,249,519,000","1,023,684,000","1,154,509,000","1,170,855,000","1,196,486,000","1,016,603,000","1,070,259,000","1,163,911,000","1,260,781,000","989,538,000","1,033,839,000","1,157,507,000","1,158,655,000","939,348,000","955,511,000","1,060,558,000","1,092,013,000","864,853,000","919,672,000","1,072,922,000","1,069,738,000","815,325,000","920,541,000","981,437,000","973,104,000","742,765,000","829,765,000","911,238,000","936,526,000","720,643,000","784,431,000","926,598,000","935,249,000","707,842,000","835,527,000","1,104,900,000","1,095,197,000","799,308,000","936,125,000","986,518,000","1,000,119,000","752,792,000","858,897,000","926,800,000","902,600,000","754,200,000","829,000,000","1,042,000,000","1,018,300,000","781,000,000","951,700,000","1,026,900,000","965,200,000","806,600,000","873,300,000","987,400,000","901,500,000","717,200,000","820,100,000","929,500,000","834,100,000","659,500,000","756,900,000","896,400,000","821,600,000","625,400,000","788,300,000","875,600,000","802,000,000","569,400,000","784,000,000","822,800,000","706,900,000","565,100,000","696,700,000","734,100,000","648,600,000","525,700,000","600,400,000","655,000,000","634,800,000","478,700,000","596,600,000","583,000,000","588,000,000","438,600,000",,,,,,,,,,,,,,,
NetIncomeFromContinuingAndDiscontinuedOperation,"1,477,512,000","335,556,000","444,927,000","301,230,000","395,799,000","291,387,000","447,283,000","268,901,000","271,137,000","207,187,000","325,307,000","312,840,000","304,358,000","336,791,000","263,713,000","226,855,000","350,203,000","181,133,000","273,303,000","203,501,000","125,044,000","116,853,000","227,403,000","145,956,000","229,832,000","213,384,000","154,771,000","-99,941,000","244,737,000","202,508,000","223,741,000","168,168,000","252,495,000","186,075,000","232,985,000","159,504,000","241,906,000","149,879,000","176,716,000","135,685,000","198,651,000","142,133,000","196,695,000","130,019,000","160,115,000","135,513,000","180,169,000","46,723,000","147,394,000","126,779,000","162,023,000","71,298,000","75,894,000","82,155,000","124,538,000","41,467,000","63,245,000","54,343,000","62,784,000","3,554,000","93,473,000","155,988,000","183,665,000","98,440,000","120,968,000","158,187,000","119,475,000","97,361,000","118,221,000","170,286,000","166,229,000","147,217,000","107,147,000","144,938,000","150,972,000","71,484,000","97,558,000","130,320,000","123,065,000","63,148,000","87,045,000","-44,951,000","120,762,000","52,439,000","78,906,000","115,962,000","107,405,000","39,996,000","71,180,000","98,000,000","87,600,000","50,100,000","224,700,000","110,000,000","107,500,000","48,000,000","75,400,000","116,200,000","100,700,000","50,600,000","68,900,000","78,700,000","94,300,000","40,800,000","59,400,000","105,800,000","82,100,000","33,300,000","60,600,000","24,800,000","81,100,000","25,300,000","53,000,000","92,100,000","74,000,000","26,000,000","105,100,000","82,300,000","66,900,000","34,500,000","58,900,000","74,900,000","64,100,000","31,900,000","48,600,000","46,400,000","56,600,000","65,800,000","47,100,000","54,100,000","52,200,000","25,100,000",,,,,,,,,,,,,,,
NormalizedIncome,"1,574,268,825","420,566,914.44","463,119,784","305,565,120","398,989,676","375,556,000","455,795,065","275,057,954","286,808,882","341,106,299.21","333,222,362","329,680,582","305,290,352","398,887,551.443","268,632,328","267,638,602","356,964,898","208,990,514.315","285,448,104","211,704,480","276,681,400","125,122,200","243,455,914","165,720,698","219,728,452","240,317,756.614","234,099,332","66,263,200","246,478,551","218,300,234.687","234,350,056","168,984,785","254,425,500","189,516,707.019","234,941,572","161,814,028","246,407,107","160,785,998.387","189,501,365.465","135,685,000","200,764,784.932","145,582,733.759","198,138,166.871","123,707,145.598","161,282,489.328","135,750,533.149","178,836,190.163","102,060,100","147,394,000","142,806,665.475","167,065,243.508","100,065,530.945","84,238,700","120,563,842.399","130,206,306.497","55,627,900","65,880,423.382","91,751,800","136,277,540.39","81,677,328.371","111,630,617.068","159,400,204.159","184,665,144.889","101,124,427.98","123,151,720.142","165,768,244.326","172,837,413.928","97,361,000","118,221,000","170,286,000","166,229,000","147,217,000","107,147,000","151,855,633.821","151,120,913.305","73,943,224.816","97,558,000","135,559,942.879","128,468,273.599","64,398,844.031","92,591,259.217","92,037,400","109,219,800","52,439,000","78,906,000","115,962,000","107,405,000","39,996,000","71,180,000","98,000,000","87,600,000","50,100,000","64,331,557.377","110,000,000","107,500,000","48,000,000","75,400,000","116,200,000","100,700,000","50,600,000","68,900,000","78,700,000","94,300,000","40,800,000","59,400,000","105,800,000","82,100,000","33,300,000","60,000,000","24,800,000","81,100,000","25,300,000","53,000,000","92,100,000","74,000,000","26,000,000","56,740,000","82,300,000","66,900,000","34,500,000","58,900,000","74,900,000","64,100,000","31,900,000","48,600,000","61,406,468.305","56,600,000","29,500,000","47,100,000","54,100,000","52,200,000","25,100,000",,,,,,,,,,,,,,,
InterestIncome,"2,429,000","668,000","532,000","619,000","610,000","938,000","798,000","777,000","1,584,000","1,145,000","879,000","4,025,000","1,948,000","2,175,000","1,819,000","1,812,000","2,215,000","924,000","333,000","298,000","229,000","833,000","354,000","273,000","345,000","696,000","878,000","1,156,000","805,000","857,000","1,125,000","1,138,000","946,000","1,049,000","696,000","705,000","708,000","1,005,000",,,"646,000","621,000","23,041,000","0","790,000","441,000","22,259,000","0","215,000","184,000",,,"874,000",,,,,,,,,,,,,,,,,,,,,,,,,,,,,,,,,,,,,,,,,,,,,,,,,,,,,,,,,,,,,,,,,,,,,,,,,,,,,,,,,,,,,,,,,,,,,,
InterestExpense,"129,846,000","30,430,000","30,686,000","31,684,000","37,046,000","38,720,000","38,056,000","38,856,000","37,839,000","38,580,000","36,335,000","37,801,000","39,406,000","39,805,000","38,735,000","36,764,000","31,554,000","26,750,000","24,922,000","24,424,000","23,970,000","24,246,000","24,741,000","21,611,000","21,350,000","21,423,000","19,519,000","20,033,000","20,007,000","21,597,000","21,898,000","21,872,000","22,231,000","22,919,000","22,455,000","21,799,000","24,341,000","23,671,000","24,535,000","24,344,000","24,670,000","21,935,000","0","23,351,000","25,267,000","28,087,000","0","22,780,000","23,964,000","21,711,000","22,302,000","22,734,000","24,770,000",,,,,,,,,,,,,,,,,,,,,,,,,,,,,,,,,,,,,,,,,,,,,,,,,,,,,,,,,,,,,,,,,,,,,,,,,,,,,,,,,,,,,,,,,,,,,,
NetInterestIncome,"-127,417,000","-29,762,000","-30,154,000","-31,065,000","-36,436,000","-37,782,000","-37,258,000","-38,079,000","-36,255,000","-37,435,000","-35,456,000","-33,776,000","-37,458,000","-37,630,000","-36,916,000","-34,952,000","-29,339,000","-25,826,000","-24,589,000","-24,126,000","-23,741,000","-23,413,000","-24,387,000","-21,338,000","-21,005,000","-20,727,000","-18,641,000","-18,877,000","-19,202,000","-20,740,000","-20,773,000","-20,734,000","-21,285,000","-21,870,000","-21,759,000","-21,094,000","-23,633,000","-22,666,000","-24,535,000","-24,344,000","-24,024,000","-21,314,000","23,041,000","-23,351,000","-24,477,000","-27,646,000","22,259,000","-22,780,000","-23,749,000","-21,527,000","-22,302,000","-22,734,000","-23,896,000",,,,,,,,,,,,,,,,,,,,,,,,,,,,,,,,,,,,,,,,,,,,,,,,,,,,,,,,,,,,,,,,,,,,,,,,,,,,,,,,,,,,,,,,,,,,,,
EBIT,"1,927,070,000","373,371,000","552,359,000","450,100,000","551,240,000","302,120,000","600,564,000","372,933,000","372,851,000","252,901,000","443,695,000","400,970,000","435,340,000","383,775,000","395,589,000","296,770,000","480,785,000","287,139,000","425,723,000","305,541,000","192,331,000","222,865,000","352,578,000","254,907,000","361,079,000","317,964,000","266,157,000","3,897,000","394,811,000","343,166,000","367,321,000","278,602,000","404,552,000","309,354,000","371,332,000","269,622,000","392,525,000","253,622,000","321,785,000","222,271,000","335,176,000","229,630,000","298,075,000","228,354,000","277,339,000","228,333,000","277,389,000","124,424,000","253,549,000","212,540,000","287,632,000","154,580,000","153,808,000","120,470,000","228,828,000","115,899,000","126,503,000","184,715,000","240,814,000","112,568,000","197,598,000","285,516,000","321,348,000","187,214,000","213,056,000","279,951,000","298,502,000","173,122,000","205,873,000","286,526,000","281,404,000","150,923,000","183,324,000","268,017,000","254,493,000","128,472,000","168,731,000","229,430,000","217,072,000","115,620,000","152,979,000","169,017,000","208,987,000","99,551,000","144,156,000","208,384,000","196,636,000","83,412,000","134,218,000","179,000,000","164,100,000","99,000,000","116,200,000","197,900,000","198,900,000","99,400,000","146,400,000","215,500,000","186,400,000","99,100,000","129,200,000","201,700,000","170,800,000","79,100,000","111,400,000","190,400,000","147,000,000","62,800,000","110,500,000","183,500,000","144,900,000","50,600,000","95,600,000","160,700,000","133,700,000","49,000,000","113,800,000","146,700,000","120,600,000","56,700,000","104,300,000","129,900,000","116,900,000","59,500,000","84,200,000","108,100,000","100,600,000","57,200,000","84,600,000","97,900,000","94,400,000","46,900,000","572,200,000","-1,229,800,000","597,600,000","553,600,000","617,500,000","-1,474,000,000","680,100,000","497,700,000","590,200,000","-1,284,000,000","596,400,000","450,200,000","508,000,000","-1,210,300,000","547,700,000"
EBITDA,"2,242,072,000"
ReconciledCostOfRevenue,"4,922,739,000","1,313,261,000","1,298,504,000","1,063,977,000","1,246,997,000","1,223,173,000","1,139,805,000","914,777,000","1,170,695,000","1,156,213,000","1,191,104,000","892,473,000","1,123,984,000","1,043,550,000","1,216,100,000","958,195,000","997,899,000","1,105,109,000","1,092,899,000","899,781,000","973,118,000","1,227,975,000","1,152,606,000","890,273,000","1,011,436,000","1,054,862,000","1,068,715,000","843,417,000","1,036,957,000","1,122,962,000","1,101,441,000","860,876,000","1,000,323,000","1,098,867,000","998,335,000","789,940,000","978,089,000","995,827,000","1,003,952,000","795,923,000","988,668,000","935,939,000","944,068,000","760,851,000","908,038,000","863,339,000","891,895,000","686,704,000","813,863,000","836,815,000","895,020,000","717,893,000","795,803,000","879,854,000","988,380,000","722,926,000","783,890,000","924,745,000","928,846,000","722,478,000","739,078,000","860,294,000","870,171,000","643,375,000","702,878,000","826,224,000","849,486,000","594,699,000","695,131,000","764,287,000","756,408,000","533,204,000","625,632,000","708,292,000","724,185,000","515,370,000","596,879,000","709,840,000","717,197,000","509,991,000","624,024,000","758,847,000","752,575,000","516,638,000","637,506,000","667,553,000","696,431,000","458,376,000","561,894,000","604,000,000","592,200,000","473,500,000","521,700,000","701,700,000","667,300,000","483,400,000","614,400,000","658,100,000","634,800,000","494,000,000","549,200,000","535,100,000","614,000,000","469,800,000","549,700,000","492,800,000","572,400,000","423,800,000","503,400,000","476,800,000","562,000,000","403,100,000","526,700,000","463,200,000","544,800,000","363,600,000","510,800,000","443,100,000","474,700,000","355,000,000","463,400,000","412,000,000","445,700,000","339,500,000","411,800,000","367,600,000","433,400,000","314,200,000","399,300,000","333,900,000","420,200,000","297,100,000",,,,,,,,,,,,,,,
ReconciledDepreciation,"315,002,000","83,049,000","78,024,000","76,032,000","77,897,000","77,218,000","75,165,000","71,900,000","70,624,000","72,703,000","74,495,000","72,017,000","72,329,000","69,341,000","74,807,000","76,580,000","74,416,000","67,540,000","62,234,000","67,127,000","64,952,000","59,936,000","85,122,000","96,866,000","59,913,000","62,073,000","64,054,000","60,463,000","58,338,000","58,526,000","52,873,000","50,830,000","49,303,000","50,476,000","51,682,000","50,127,000","48,748,000","47,189,000","53,213,000","54,767,000","54,868,000","58,202,000","54,769,000","51,738,000","51,054,000","51,380,000","52,438,000","45,968,000","47,330,000","43,537,000","44,816,000","47,181,000","46,877,000","58,729,000","65,674,000","56,791,000","68,297,000","83,149,000","83,773,000","83,896,000","60,107,000","51,185,000","50,667,000","49,924,000","48,135,000","54,866,000","65,205,000","48,711,000","49,250,000","48,550,000","47,135,000","46,960,000","47,020,000","46,715,000","45,781,000","44,270,000","43,801,000","40,454,000","46,431,000","45,391,000","45,632,000","48,795,000","47,495,000","47,329,000","46,875,000","44,842,000","44,225,000","43,694,000","43,203,000","41,700,000","41,800,000","39,300,000","40,500,000","41,700,000","39,300,000","39,300,000","37,900,000","38,600,000","37,800,000","36,300,000","40,100,000",,,,,,,,,,,,,,,,,,,,,,,,,,,,,,,,,,,,,,,,,,,,,,
NetIncomeFromContinuingOperationNetMinorityInterest,"1,477,512,000","335,556,000","444,927,000","301,230,000","395,799,000","291,387,000","447,283,000","268,901,000","271,137,000","207,187,000","325,307,000","312,840,000","304,358,000","336,791,000","263,713,000","226,855,000","350,203,000","181,133,000","273,303,000","203,501,000","125,044,000","116,853,000","227,403,000","145,956,000","229,832,000","213,384,000","154,771,000","-99,941,000","244,737,000","202,508,000","223,741,000","168,168,000","252,495,000","186,075,000","232,985,000","159,504,000","241,906,000","149,879,000","176,716,000","135,685,000","198,651,000","142,133,000","196,695,000","130,019,000","160,115,000","135,513,000","180,169,000","46,723,000","147,394,000","126,779,000","162,023,000","71,298,000","75,894,000","82,155,000","124,538,000","41,467,000","63,245,000","54,343,000","62,784,000","3,554,000","93,473,000","155,988,000","183,665,000","98,440,000","120,968,000","158,187,000","119,475,000","97,361,000","118,221,000","170,286,000","166,229,000","147,217,000","107,147,000","144,938,000","150,972,000","71,484,000","97,558,000","130,320,000","123,065,000","63,148,000","87,045,000","-44,951,000","120,762,000","52,439,000","78,906,000","115,962,000","107,405,000","39,996,000","71,180,000","98,000,000","87,600,000","50,100,000","224,700,000","110,000,000","107,500,000","48,000,000","75,400,000","116,200,000","100,700,000","50,600,000","68,900,000","78,700,000","94,300,000","40,800,000","59,400,000","105,800,000","82,100,000","33,300,000","60,600,000","24,800,000","81,100,000","25,300,000","53,000,000","92,100,000","74,000,000","26,000,000","105,100,000","82,300,000","66,900,000","34,500,000","58,900,000","74,900,000","64,100,000","31,900,000","48,600,000","46,400,000","56,600,000","65,800,000","47,100,000","54,100,000","52,200,000","25,100,000",,,,,,,,,,,,,,,
TotalUnusualItemsExcludingGoodwill,"-117,281,000","-85,799,000","-21,328,000","-6,021,000","-4,133,000","-115,300,000","-10,707,000","-7,677,000","-19,541,000","-140,407,000","-9,919,000","-19,514,000","-1,214,000","-64,413,000","-6,612,000","-47,478,000","-8,658,000","-39,955,000","-17,756,000","-12,244,000","-252,729,000","-13,782,000","-23,131,000","-31,573,000","14,924,000","-37,430,000","-126,319,000","-277,007,000","-2,667,000","-25,077,000","-16,372,000","-1,247,000","-2,925,000","-5,298,000","-2,929,000","-3,587,000","-6,851,000","-16,734,000","-20,055,000","-4,845,000","-3,304,000","-5,041,000","-2,187,000","9,952,000","-1,838,000","-351,000","2,052,000","-85,134,000","0","-24,125,000","-8,008,000","-37,904,000","-12,838,000","-60,053,000","-8,877,000","-21,786,000","-4,085,000","-57,552,000","-112,043,000","-79,728,000","-27,545,000","-5,437,000","-1,568,000","-4,240,000","-3,331,000","-11,694,000","-84,843,000",,,,,,,"-10,908,000","-234,000","-3,885,000",,"-8,278,000","-8,536,000","-1,976,000","-8,762,000","-228,314,000","19,237,000",,,,,,,"0",,,"243,800,000",,,,,,,,,,,,,,,,"1,000,000",,,,,"0",,,"80,600,000",,,,,,,,,"-25,000,000",,"60,500,000",,,,,,,,,,,,,,,,,,,
TotalUnusualItems,"-117,281,000","-85,799,000","-21,328,000","-6,021,000","-4,133,000","-115,300,000","-10,707,000","-7,677,000","-19,541,000","-140,407,000","-9,919,000","-19,514,000","-1,214,000","-64,413,000","-6,612,000","-47,478,000","-8,658,000","-39,955,000","-17,756,000","-12,244,000","-252,729,000","-13,782,000","-23,131,000","-31,573,000","14,924,000","-37,430,000","-126,319,000","-277,007,000","-2,667,000","-25,077,000","-16,372,000","-1,247,000","-2,925,000","-5,298,000","-2,929,000","-3,587,000","-6,851,000","-16,734,000","-20,055,000","-4,845,000","-3,304,000","-5,041,000","-2,187,000","9,952,000","-1,838,000","-351,000","2,052,000","-85,134,000","0","-24,125,000","-8,008,000","-37,904,000","-12,838,000","-60,053,000","-8,877,000","-21,786,000","-4,085,000","-57,552,000","-112,043,000","-79,728,000","-27,545,000","-5,437,000","-1,568,000","-4,240,000","-3,331,000","-11,694,000","-84,843,000",,,,,,,"-10,908,000","-234,000","-3,885,000",,"-8,278,000","-8,536,000","-1,976,000","-8,762,000","-228,314,000","19,237,000",,,,,,,"0",,,"243,800,000",,,,,,,,,,,,,,,,"1,000,000",,,,,"0",,,"80,600,000",,,,,,,,,"-25,000,000",,"60,500,000",,,,,,,,,,,,,,,,,,,
NormalizedEBITDA,"2,359,353,000","542,219,000","651,711,000","532,153,000","633,270,000","494,638,000","686,436,000","452,510,000","463,016,000","466,011,000","528,109,000","492,501,000","508,883,000","517,529,000","477,008,000","420,828,000","563,859,000","394,634,000","505,713,000","384,912,000","510,012,000","296,583,000","460,831,000","383,346,000","406,068,000","417,467,000","456,530,000","341,367,000","455,816,000","426,769,000","436,566,000","330,679,000","456,780,000","365,128,000","425,943,000","323,336,000","448,124,000","317,545,000","395,053,000","277,038,000","393,348,000","292,873,000","355,031,000","270,140,000","330,231,000","280,064,000","327,775,000","255,526,000","300,879,000","280,202,000","340,456,000","239,665,000","213,523,000","239,252,000","303,379,000","194,476,000","198,885,000","325,416,000","436,630,000","276,192,000","285,250,000","342,138,000","373,583,000","241,378,000","264,522,000","346,511,000","448,550,000","221,833,000","255,123,000","335,076,000","328,539,000","197,883,000","230,344,000","325,640,000","300,508,000","176,627,000","212,532,000","278,162,000","272,039,000","162,987,000","207,373,000","446,126,000","237,245,000","146,880,000","191,031,000","253,226,000","240,861,000","127,106,000","177,421,000","220,700,000","205,900,000","138,300,000","-87,100,000","239,600,000","238,200,000","138,700,000","184,300,000","254,100,000","224,200,000","135,400,000","169,300,000","201,700,000","170,800,000","79,100,000","111,400,000","190,400,000","147,000,000","62,800,000","109,500,000","183,500,000","144,900,000","50,600,000","95,600,000","160,700,000","133,700,000","49,000,000","33,200,000","146,700,000","120,600,000","56,700,000","104,300,000","129,900,000","116,900,000","59,500,000","84,200,000","133,100,000","100,600,000","-3,300,000","84,600,000","97,900,000","94,400,000","46,900,000","572,200,000","-1,229,800,000","597,600,000","553,600,000","617,500,000","-1,474,000,000","680,100,000","497,700,000","590,200,000","-1,284,000,000","596,400,000","450,200,000","508,000,000","-1,210,300,000","547,700,000"
TaxRateForCalcs,"0.175","0.009","0.147","0.28","0.228","0.27","0.205","0.198","0.198","0.046","0.202","0.137","0.232","0.036","0.256","0.141","0.219","0.303","0.316","0.33","0.4","0.4","0.306","0.374","0.323","0.28","0.372","0.4","0.347","0.37","0.352","0.345","0.34","0.35","0.332","0.356","0.343","0.348","0.362","0.314","0.36","0.316","0.34","0.366","0.365","0.323","0.35","0.35","0.358","0.336","0.37","0.241","0.35","0.36","0.361","0.35","0.355","0.35","0.344","0.02","0.341","0.372","0.362","0.367","0.344","0.352","0.371","0.362","0.366","0.366","0.368","0.4","0.364","0.366","0.364","0.367","0.367","0.367","0.367","0.367","0.367","0.4","0.4","0.365","0.378","0.386","0.388","0.39","0.39","0.39","0.39","0.39","0.342","0.384","0.39","0.39","0.39","0.393","0.393","0.393","0.393","0.4","0.4","0.4","0.4","0.399","0.385","0.393","0.4","0.4","0.398","0.398","0.398","0.4","0.4","0.393","0.4","0.4","0.4","0.324","0.4","0.396","0.4","0.39","0.384","0.4","0.39","0.4","0.4","0.4","0.4","0.4",,,,,,,,,,,,,,,
TaxEffectOfUnusualItems,"-20,524,175","-788,085.56","-3,135,216","-1,685,880","-942,324","-31,131,000","-2,194,935","-1,520,046","-3,869,118","-6,487,700.79","-2,003,638","-2,673,418","-281,648","-2,316,448.557","-1,692,672","-6,694,398","-1,896,102","-12,097,485.685","-5,610,896","-4,040,520","-101,091,600","-5,512,800","-7,078,086","-11,808,302","4,820,452","-10,496,243.386","-46,990,668","-110,802,800","-925,449","-9,284,765.313","-5,762,944","-430,215","-994,500","-1,856,292.981","-972,428","-1,276,972","-2,349,893","-5,827,001.613","-7,269,634.535","0","-1,190,215.068","-1,591,266.241","-743,833.129","3,640,145.598","-670,510.672","-113,466.851","719,190.163","-29,796,900","0","-8,097,334.525","-2,965,756.492","-9,136,469.055","-4,493,300","-21,644,157.601","-3,208,693.503","-7,625,100","-1,449,576.618","-20,143,200","-38,549,459.61","-1,604,671.629","-9,387,382.932","-2,024,795.841","-567,855.111","-1,555,572.02","-1,147,279.858","-4,112,755.674","-31,480,586.072","0","0","0","0","0","0","-3,990,366.179","-85,086.695","-1,425,775.184","0","-3,038,057.121","-3,132,726.401","-725,155.969","-3,215,740.783","-91,325,600","7,694,800","0","0","0","0","0","0","0","0","0","83,431,557.377","0","0","0","0","0","0","0","0","0","0","0","0","0","0","0","400,000","0","0","0","0","0","0","0","32,240,000","0","0","0","0","0","0","0","0","-9,993,531.695","0","24,200,000","0","0","0","0",,,,,,,,,,,,,,,