name,ttm,12/31/2021,09/30/2021,06/30/2021,03/31/2021,12/31/2020,09/30/2020,06/30/2020,03/31/2020,12/31/2019,09/30/2019,06/30/2019,03/31/2019,12/31/2018,09/30/2018,06/30/2018,03/31/2018,12/31/2017,09/30/2017,06/30/2017,03/31/2017,12/31/2016,09/30/2016,06/30/2016,03/31/2016,12/31/2015,09/30/2015,06/30/2015,03/31/2015,12/31/2014,09/30/2014,06/30/2014,03/31/2014,12/31/2013,09/30/2013,06/30/2013,03/31/2013,12/31/2012,09/30/2012,06/30/2012,03/31/2012,12/31/2011,09/30/2011,06/30/2011,03/31/2011,12/31/2010,09/30/2010,06/30/2010,03/31/2010,12/31/2009,09/30/2009,06/30/2009,03/31/2009,12/31/2008,09/30/2008,06/30/2008,03/31/2008,12/31/2007,09/30/2007,06/30/2007,03/31/2007,12/31/2006,09/30/2006,06/30/2006,03/31/2006,12/31/2005,09/30/2005,06/30/2005,03/31/2005,12/31/2004,09/30/2004,06/30/2004,03/31/2004,12/31/2003,09/30/2003,06/30/2003,03/31/2003,12/31/2002,09/30/2002,06/30/2002,03/31/2002,12/31/2001,09/30/2001,06/30/2001,03/31/2001,12/31/2000,09/30/2000,06/30/2000,03/31/2000,12/31/1999,09/30/1999,06/30/1999,03/31/1999,12/31/1998,09/30/1998,06/30/1998,03/31/1998,12/31/1997,09/30/1997,06/30/1997,03/31/1997,12/31/1996,09/30/1996,06/30/1996,03/31/1996,12/31/1995,09/30/1995,06/30/1995,03/31/1995,12/31/1994,09/30/1994,06/30/1994,03/31/1994,12/31/1993,09/30/1993,06/30/1993,03/31/1993,11/30/1992,08/31/1992,05/31/1992,02/29/1992,11/30/1991,08/31/1991,05/31/1991,02/28/1991,11/30/1990,08/31/1990,05/31/1990,02/28/1990
TotalRevenue,"83,064,000,000","21,054,000,000","20,697,000,000","20,645,000,000","20,668,000,000","19,062,000,000","20,075,000,000","19,083,000,000","18,935,000,000","16,295,000,000","16,241,000,000","16,245,000,000","16,107,000,000","14,168,000,000","14,206,000,000","14,259,000,000","14,279,000,000","13,189,000,000","13,282,000,000","13,534,000,000","13,762,000,000","12,878,000,000","13,694,000,000","14,007,000,000","13,800,000,000","13,361,000,000","13,363,000,000","13,732,000,000","13,833,000,000","12,328,000,000","12,238,000,000","12,222,000,000","11,712,000,000","10,187,000,000","10,319,000,000","10,321,000,000","10,486,000,000","9,557,000,000","9,651,000,000","9,699,000,000","10,219,000,000","9,056,508,000","9,300,643,000","9,284,131,000","9,190,718,000","8,350,245,000","8,424,648,000","8,652,721,000","8,440,594,000","7,633,045,000","7,716,819,000","7,898,889,000","7,711,661,000","7,487,636,000","7,148,170,000","7,350,862,000","6,959,704,000","6,338,795,000","6,319,584,000","6,426,797,000","6,204,813,000","5,655,219,000","5,649,784,000","5,407,169,000","4,704,365,000","3,663,080,000","3,821,461,000","3,546,361,000","3,387,225,000","3,209,625,000","3,176,273,000","3,431,478,000","3,286,949,000","3,152,872,000","3,111,765,000","3,029,958,000","2,931,716,000","2,855,032,000","2,841,627,000","2,831,940,000","2,732,582,000","2,622,886,000","2,611,000,000","2,479,000,000","2,445,000,000","2,560,000,000","2,616,000,000","2,696,000,000","2,642,000,000","2,574,000,000","2,557,000,000","2,505,000,000","2,477,000,000","2,469,000,000","2,464,000,000","2,446,000,000","2,402,000,000","2,411,000,000","1,964,000,000","1,832,000,000","1,829,000,000","1,819,000,000","1,781,000,000","1,603,000,000","1,585,000,000","1,499,000,000","1,092,000,000","1,067,000,000","1,044,000,000","953,000,000","923,000,000","912,000,000","866,000,000","791,000,000","782,000,000","778,000,000","786,000,000","974,000,000","-772,000,000","1,627,000,000","1,624,000,000","1,564,000,000",,,,"1,330,000,000","1,280,300,000","1,271,700,000","1,192,500,000"
	OperatingRevenue,"83,064,000,000","21,054,000,000","20,697,000,000","20,645,000,000","20,668,000,000","19,062,000,000","20,075,000,000","19,083,000,000","18,935,000,000","16,295,000,000","16,241,000,000","16,245,000,000","16,107,000,000","14,168,000,000","14,206,000,000","14,259,000,000","14,279,000,000","13,189,000,000","13,282,000,000","13,534,000,000","13,762,000,000","12,878,000,000","13,694,000,000","14,007,000,000","13,800,000,000","13,361,000,000","13,363,000,000","13,732,000,000","13,833,000,000","12,328,000,000","12,238,000,000","12,222,000,000","11,712,000,000","10,187,000,000","10,319,000,000","10,321,000,000","10,486,000,000","9,557,000,000","9,651,000,000","9,699,000,000","10,219,000,000","9,056,508,000","9,300,643,000","9,284,131,000","9,190,718,000","8,350,245,000","8,424,648,000","8,652,721,000","8,440,594,000","7,633,045,000","7,716,819,000","7,898,889,000","7,711,661,000","7,487,636,000","7,148,170,000","7,350,862,000","6,959,704,000","6,338,795,000","6,319,584,000","6,426,797,000","6,204,813,000","5,655,219,000","5,649,784,000","5,407,169,000","4,704,365,000","3,663,080,000","3,821,461,000","3,546,361,000","3,387,225,000","3,209,625,000","3,176,273,000","3,431,478,000","3,286,949,000","3,152,872,000","3,111,765,000","3,029,958,000","2,931,716,000","2,855,032,000","2,841,627,000","2,831,940,000","2,732,582,000","2,622,886,000","2,611,000,000","2,479,000,000","2,445,000,000","2,560,000,000","2,616,000,000","2,696,000,000","2,642,000,000","2,574,000,000","2,557,000,000","2,505,000,000","2,477,000,000","2,469,000,000","2,464,000,000","2,446,000,000","2,402,000,000","2,411,000,000","1,964,000,000","1,832,000,000","1,829,000,000","1,819,000,000","1,781,000,000","1,603,000,000","1,585,000,000","1,499,000,000","1,092,000,000","1,067,000,000","1,044,000,000","953,000,000","923,000,000","912,000,000","866,000,000","791,000,000","782,000,000","778,000,000","786,000,000","974,000,000","-772,000,000","1,627,000,000","1,624,000,000","1,564,000,000",,,,"1,330,000,000","1,280,300,000","1,271,700,000","1,192,500,000"
NetNonOperatingInterestIncomeExpense,"-326,000,000","-91,000,000","-88,000,000","-79,000,000","-68,000,000","-72,000,000","-75,000,000","-76,000,000","-60,000,000","-58,000,000","-62,000,000","-60,000,000","-62,000,000","-59,000,000","-53,000,000","-53,000,000","-53,000,000","-76,000,000","-59,000,000","-58,000,000","-49,000,000","-48,000,000","-47,000,000","-47,000,000","-47,000,000","-46,000,000","-47,000,000","-47,000,000","-46,000,000","-84,000,000","-38,000,000","-35,000,000","-35,000,000","-35,000,000","-35,000,000","-35,000,000","-35,000,000","-27,000,000","-26,000,000","-26,000,000","-26,000,000","-27,044,000","-27,065,000","-27,663,000","-27,228,000","-26,381,000","-26,143,000","-26,222,000","-26,314,000","-26,238,000","-26,259,000","-26,574,000","-26,772,000","-26,735,000","-19,348,000","-17,867,000","-16,339,000","-18,947,000","-15,947,000","-16,066,000","-17,918,000","-15,806,000","-17,009,000","-16,887,000","-13,439,000","-10,329,000","-10,141,000","-10,322,000","-8,523,000","-6,648,000","-6,480,000","-5,325,000","-4,719,000","-4,894,000","-4,737,000","-3,801,000","-3,935,000","-4,364,000","-4,107,000","-4,377,000","-4,404,000","-5,302,000","-6,000,000","-7,000,000","-7,000,000","-7,000,000","-7,000,000","-7,000,000","-8,000,000","-8,000,000","-7,000,000","-8,000,000","-10,000,000","-12,000,000","-13,000,000","-10,000,000","-12,000,000","-13,000,000","-3,000,000","-1,000,000","-3,000,000","-1,000,000","-2,000,000","-3,000,000","-5,000,000","-5,000,000","-2,000,000","-2,000,000","-2,000,000","1,000,000","-1,000,000","-28,000,000","-1,000,000","-2,000,000","-1,000,000","-2,000,000","-2,000,000","-17,000,000","-16,000,000","-19,000,000","-17,000,000","-19,000,000",,,,"-25,000,000","-18,200,000","-29,100,000","-30,700,000"
	InterestExpenseNonOperating,"326,000,000","91,000,000","88,000,000","79,000,000","68,000,000","72,000,000","75,000,000","76,000,000","60,000,000","58,000,000","62,000,000","60,000,000","62,000,000","59,000,000","53,000,000","53,000,000","53,000,000","76,000,000","59,000,000","58,000,000","49,000,000","48,000,000","47,000,000","47,000,000","47,000,000","46,000,000","47,000,000","47,000,000","46,000,000","84,000,000","38,000,000","35,000,000","35,000,000","35,000,000","35,000,000","35,000,000","35,000,000","27,000,000","26,000,000","26,000,000","26,000,000","27,044,000","27,065,000","27,663,000","27,228,000","26,381,000","26,143,000","26,222,000","26,314,000","26,238,000","26,259,000","26,574,000","26,772,000","26,735,000","19,348,000","17,867,000","16,339,000","18,947,000","15,947,000","16,066,000","17,918,000","15,806,000","17,009,000","16,887,000","13,439,000","10,329,000","10,141,000","10,322,000","8,523,000","6,648,000","6,480,000","5,325,000","4,719,000","4,894,000","4,737,000","3,801,000","3,935,000","4,364,000","4,107,000","4,377,000","4,404,000","5,302,000","6,000,000","7,000,000","7,000,000","7,000,000","7,000,000","7,000,000","8,000,000","8,000,000","7,000,000","8,000,000","10,000,000","12,000,000","13,000,000","10,000,000","12,000,000","13,000,000","3,000,000","1,000,000","3,000,000","1,000,000","2,000,000","3,000,000","5,000,000","5,000,000","2,000,000","2,000,000","2,000,000","-1,000,000","1,000,000","28,000,000","1,000,000","2,000,000","1,000,000","2,000,000","2,000,000","17,000,000","16,000,000","19,000,000","17,000,000","19,000,000",,,,"25,000,000","18,200,000","29,100,000","30,700,000"
OtherIncomeExpense,,,,,,,,,,,,,,,,,,,,,,,,,,,,,,,,,,,,,,,,,,"325,337,000","356,212,000","343,509,000","334,942,000","100,541,000","80,938,000","69,436,000","67,394,000","59,838,000","64,104,000","62,328,000","54,941,000","54,971,000","58,973,000","50,325,000","45,165,000","356,016,000","42,850,000","34,402,000","30,859,000","105,876,000","77,084,000","142,694,000",,"68,983,000","63,817,000","64,902,000","61,735,000","53,376,000","59,837,000","81,346,000","78,237,000","71,888,000","66,984,000","71,668,000","61,136,000","54,496,000","61,056,000","63,831,000","65,013,000","50,090,000","40,000,000",,,,,,,,,,,,,,,,,,,,,,,,,,,,,,,"791,000,000","782,000,000","778,000,000","786,000,000","974,000,000","-772,000,000","1,627,000,000","1,624,000,000","1,564,000,000",,,,"1,330,000,000","1,280,300,000","1,271,700,000","1,192,500,000"
	SpecialIncomeCharges,,,,,,,,,,"0","0","0",,"0","4,000,000","-790,000,000","0","-11,000,000","0","0","947,000,000","0",,"0",,"3,000,000","0","267,000,000",,,,,,,,,,,,,,,,,,,,,,,,,,,,,,,,,,,,,,,,,,,,,,,,"0","-30,760,000",,,,,,,,,,,,,,,,,"0","-34,000,000",,,,,,,"-15,000,000",,"-81,000,000",,,,,,"0",,"-18,000,000",,,,,,,,,,,,,,,,,
		RestructuringAndMergernAcquisition,,,,,,,,,,,,,,"0","0",,"0","11,000,000","0","0","-947,000,000",,,,,,,,,,,,,,,,,,,,,,,,,,,,,,,,,,,,,,,,,,,,,,,,,,,,,,,"0","30,760,000",,,,,,,,,,,,,,,,,,,,,,,,,,,,,,,,,,,,,,,,,,,,,,,,,,,,
		OtherSpecialCharges,,,,,,,,,,,,,,"0","-4,000,000","790,000,000",,,,,,,,,,"-3,000,000",,"-267,000,000",,,,,,,,,,,,,,,,,,,,,,,,,,,,,,,,,,,,,,,,,,,,,,,,,,,,,,,,,,,,,,,,,,,,,,,,,,,,,,,,,,,,,,,,,,,,,,,,,,,,,
PretaxIncome,"3,354,000,000","-60,000,000","1,636,000,000","738,000,000","1,040,000,000","-458,000,000","1,755,000,000","2,586,000,000","717,000,000","593,000,000","888,000,000","1,229,000,000","746,000,000","436,000,000","901,000,000","19,000,000","707,000,000","490,000,000","799,000,000","1,042,000,000","1,689,000,000","-486,000,000","902,000,000","636,000,000","500,000,000","246,000,000","648,000,000","793,000,000","744,000,000","287,000,000","551,000,000","646,000,000","686,000,000","-49,000,000","586,000,000","654,000,000","730,000,000","282,000,000","675,000,000","564,000,000","390,000,000","312,982,000","698,720,000","726,514,000","496,784,000","174,492,000","622,290,000","535,854,000","416,926,000","398,700,000","469,348,000","439,950,000","293,762,000","261,046,000","282,860,000","325,014,000","123,928,000","358,987,000","478,502,000","339,590,000","112,221,000","241,181,000","249,374,000","140,322,000","131,208,000","99,216,000","71,504,000","129,307,000","121,687,000","63,251,000","127,473,000","122,353,000","102,773,000","99,712,000","93,412,000","104,190,000","47,402,000","-2,507,000","76,957,000","66,705,000","68,779,000","55,080,000","47,000,000","39,000,000","42,000,000","34,000,000","29,000,000","24,000,000","27,000,000","-404,000,000","0","0","0","203,000,000","0","0","0","270,000,000","0","0","0","18,000,000","0","0","0","288,000,000","0","0","0","257,000,000","0","0","0","0","0","0","0","0","0","0","0","0",,,,"0","0","0","0"
TaxProvision,"485,000,000","-51,000,000","120,000,000","183,000,000","233,000,000","-178,000,000","450,000,000","783,000,000","252,000,000","79,000,000","200,000,000","301,000,000","183,000,000","83,000,000","266,000,000","-174,000,000","216,000,000","306,000,000","300,000,000","392,000,000","574,000,000","-85,000,000","452,000,000","325,000,000","266,000,000","145,000,000","334,000,000","362,000,000","314,000,000","142,000,000","261,000,000","302,000,000","318,000,000","-19,000,000","218,000,000","234,000,000","257,000,000","90,000,000","249,000,000","208,000,000","142,000,000","114,205,000","253,960,000","266,227,000","181,608,000","67,167,000","229,069,000","195,778,000","158,158,000","148,041,000","167,829,000","158,170,000","88,045,000","86,966,000","99,852,000","115,118,000","43,758,000","115,768,000","176,124,000","122,744,000","40,980,000","86,160,000","90,176,000","50,833,000","47,493,000","34,609,000","21,560,000","45,170,000","11,892,000","16,125,000","43,170,000","41,600,000","34,943,000","33,403,000","31,293,000","34,914,000","16,172,000","-802,000","24,626,000","21,346,000","22,009,000","19,909,000","17,000,000","14,000,000","15,000,000","7,000,000","6,000,000","5,000,000","6,000,000","-41,000,000","12,000,000","16,000,000","-9,000,000","32,000,000","-17,000,000","30,000,000","29,000,000","28,000,000","25,000,000","23,000,000","21,000,000","13,000,000","16,000,000","-51,000,000","28,000,000","26,000,000","22,000,000","23,000,000","27,000,000","25,000,000","23,000,000","14,000,000","19,000,000","17,000,000","15,000,000","11,000,000","11,000,000","33,000,000","-25,000,000","43,000,000","48,000,000","43,000,000",,,,"44,000,000","48,300,000","48,400,000","43,000,000"
EarningsFromEquityInterestNetOfTax,"65,000,000","-4,000,000","15,000,000","33,000,000","21,000,000","6,000,000","35,000,000","25,000,000","8,000,000","-2,000,000","1,000,000","12,000,000","3,000,000","2,000,000","9,000,000",,,,,,,,,,,,,,,,,,,,,,,,,,,,,,,,,,,,,,,,,,,,,,,,,,,,,,,,,,,,,,,,,,,,,,,,,,,,"34,000,000","44,000,000","-25,000,000",,"-47,000,000","82,000,000","79,000,000",,"69,000,000","65,000,000","60,000,000",,"48,000,000","-146,000,000","81,000,000",,"65,000,000","68,000,000","80,000,000",,"65,000,000","68,000,000","51,000,000","46,000,000","38,000,000","30,000,000","29,000,000","91,000,000","-60,000,000","118,000,000","134,000,000","119,000,000",,,,"119,000,000","133,400,000","133,700,000","118,900,000"
NetIncomeCommonStockholders,"2,933,000,000","-14,000,000","1,531,000,000","588,000,000","828,000,000","-274,000,000","1,340,000,000","1,828,000,000","473,000,000","512,000,000","689,000,000","940,000,000","566,000,000","355,000,000","644,000,000","193,000,000","491,000,000","184,000,000","499,000,000","650,000,000","1,115,000,000","-401,000,000","450,000,000","311,000,000","234,000,000","101,000,000","314,000,000","431,000,000","430,000,000","145,000,000","290,000,000","344,000,000","368,000,000","-30,000,000","368,000,000","420,000,000","473,000,000","192,000,000","426,000,000","356,000,000","248,000,000","198,777,000","444,760,000","460,287,000","315,176,000","107,325,000","393,221,000","340,076,000","258,768,000","250,659,000","301,519,000","281,780,000","205,717,000","174,080,000","183,008,000","209,896,000","80,170,000","243,219,000","302,378,000","216,846,000","71,241,000","155,021,000","159,198,000","89,489,000","83,715,000","64,607,000","49,944,000","84,137,000","109,795,000","47,126,000","84,303,000","80,753,000","67,830,000","66,309,000","62,119,000","69,276,000","31,230,000","-1,705,000","52,331,000","45,359,000","46,770,000","35,171,000","30,000,000","25,000,000","27,000,000","27,000,000","23,000,000","19,000,000","21,000,000","-416,000,000","22,000,000","28,000,000","-16,000,000","57,000,000","-30,000,000","52,000,000","50,000,000","48,000,000","44,000,000","42,000,000","39,000,000","22,000,000","32,000,000","-95,000,000","53,000,000","49,000,000","43,000,000","45,000,000","53,000,000","48,000,000","42,000,000","54,000,000","32,000,000","29,000,000","23,000,000","19,000,000","18,000,000","64,000,000","-114,300,000","75,000,000","86,000,000","76,000,000","88,600,000","88,800,000","88,800,000","75,000,000","85,100,000","85,300,000","75,900,000"
	NetIncome,"2,933,000,000","-14,000,000","1,531,000,000","588,000,000","828,000,000","-274,000,000","1,340,000,000","1,828,000,000","473,000,000","512,000,000","689,000,000","940,000,000","566,000,000","355,000,000","644,000,000","193,000,000","491,000,000","184,000,000","499,000,000","650,000,000","1,115,000,000","-401,000,000","450,000,000","311,000,000","234,000,000","101,000,000","314,000,000","431,000,000","430,000,000","145,000,000","290,000,000","344,000,000","368,000,000","-30,000,000","368,000,000","420,000,000","473,000,000","192,000,000","426,000,000","356,000,000","248,000,000","198,777,000","444,760,000","460,287,000","315,176,000","107,325,000","393,221,000","340,076,000","258,768,000","250,659,000","301,519,000","281,780,000","205,717,000","174,080,000","183,008,000","209,896,000","80,170,000","243,219,000","302,378,000","216,846,000","71,241,000","155,021,000","159,198,000","89,489,000","83,715,000","64,607,000","49,944,000","84,137,000","109,795,000","47,126,000","84,303,000","80,753,000","67,830,000","66,309,000","62,119,000","69,276,000","31,230,000","-1,705,000","52,331,000","45,359,000","46,770,000","35,171,000","30,000,000","25,000,000","27,000,000","27,000,000","23,000,000","19,000,000","21,000,000","-416,000,000","22,000,000","28,000,000","-16,000,000","57,000,000","-30,000,000","52,000,000","50,000,000","48,000,000","44,000,000","42,000,000","39,000,000","22,000,000","32,000,000","-95,000,000","53,000,000","49,000,000","43,000,000","45,000,000","53,000,000","48,000,000","42,000,000","54,000,000","32,000,000","29,000,000","23,000,000","19,000,000","18,000,000","64,000,000","-114,300,000","75,000,000","86,000,000","76,000,000","88,600,000","88,800,000","88,800,000","75,000,000","85,100,000","85,300,000","75,900,000"
		NetIncomeIncludingNoncontrollingInterests,"2,934,000,000","-13,000,000","1,531,000,000","588,000,000","828,000,000","-274,000,000","1,340,000,000","1,828,000,000","473,000,000","512,000,000","689,000,000","940,000,000","566,000,000","355,000,000","644,000,000","193,000,000","491,000,000","184,000,000","499,000,000","650,000,000","1,115,000,000","-401,000,000","450,000,000","311,000,000","234,000,000","101,000,000","314,000,000","431,000,000","430,000,000","145,000,000","290,000,000","344,000,000","368,000,000","-30,000,000","368,000,000","420,000,000","473,000,000","192,000,000","426,000,000","356,000,000","248,000,000","198,777,000","444,760,000","460,287,000","315,176,000","107,325,000","393,221,000","340,076,000","258,768,000","250,659,000","301,519,000","281,780,000","205,717,000","174,080,000","183,008,000","209,896,000","80,170,000","243,219,000","302,378,000","216,846,000","71,241,000","155,021,000","159,198,000","89,489,000","83,715,000","64,607,000","49,944,000","84,137,000","109,795,000","47,126,000","84,303,000","80,753,000","67,830,000","66,309,000","62,119,000","69,276,000","31,230,000","-1,705,000","52,331,000","45,359,000","46,770,000","35,171,000","30,000,000","25,000,000","27,000,000","27,000,000","23,000,000","19,000,000","21,000,000","-416,000,000","22,000,000","28,000,000","-16,000,000","57,000,000","-30,000,000","52,000,000","50,000,000","48,000,000","44,000,000","42,000,000","39,000,000","22,000,000","32,000,000","-95,000,000","53,000,000","49,000,000","43,000,000","45,000,000","53,000,000","48,000,000","42,000,000","54,000,000","32,000,000","29,000,000","23,000,000","19,000,000","18,000,000","64,000,000","-114,300,000","75,000,000","86,000,000","76,000,000","88,600,000","88,800,000","88,800,000","75,000,000","85,100,000","85,300,000","75,900,000"
			NetIncomeContinuousOperations,"2,934,000,000","-13,000,000","1,531,000,000","588,000,000","828,000,000","-274,000,000","1,340,000,000","1,828,000,000","473,000,000","512,000,000","689,000,000","940,000,000","566,000,000","355,000,000","644,000,000","193,000,000","491,000,000","184,000,000","499,000,000","650,000,000","1,115,000,000","-401,000,000","450,000,000","311,000,000","234,000,000","101,000,000","314,000,000","431,000,000","430,000,000","145,000,000","290,000,000","344,000,000","368,000,000","-30,000,000","368,000,000","420,000,000","473,000,000","192,000,000","426,000,000","356,000,000","248,000,000","198,777,000","444,760,000","460,287,000","315,176,000","107,325,000","393,221,000","340,076,000","258,768,000","250,659,000","301,519,000","281,780,000","205,717,000","174,080,000","183,008,000","209,896,000","80,170,000","243,219,000","302,378,000","216,846,000","71,241,000","155,021,000","159,198,000","89,489,000","83,715,000","64,607,000","49,944,000","84,137,000","109,795,000","47,126,000","84,303,000","80,753,000","67,830,000","66,309,000","62,119,000","69,276,000","31,230,000","-1,705,000","52,331,000","45,359,000","46,770,000","35,171,000","30,000,000","25,000,000","27,000,000","27,000,000","23,000,000","19,000,000","21,000,000","-416,000,000","22,000,000","28,000,000","-16,000,000","57,000,000","-30,000,000","52,000,000","50,000,000","48,000,000","44,000,000","42,000,000","39,000,000","22,000,000","32,000,000","-95,000,000","53,000,000","49,000,000","43,000,000","45,000,000","53,000,000","48,000,000","42,000,000","54,000,000","32,000,000","29,000,000","23,000,000","19,000,000","18,000,000","58,000,000","-35,000,000","75,000,000","86,000,000","76,000,000","88,600,000","88,800,000","88,800,000","75,000,000","85,100,000","85,300,000","75,900,000"
			NetIncomeDiscontinuousOperations,,,,,,,,,,,,,,,,,,,,,,,,,,,,,,,,,,,,,,,,,,,,,,,,,,,,,,,,,,,,,,,,,,,,,,,,,,,,,,,,,,,,,,,,,,,,,,,,,,,,,,,,,,,,,,,,,,,,,,"6,000,000",,,,,,,,,,,
			NetIncomeFromTaxLossCarryforward,,,,,,,,,,,,,,,,,,,,,,,,,,,,,,,,,,,,,,,,,,,,,,,,,,,,,,,,,,,,,,,,,,,,,,,,,,,,,,,,,,,,,,,,,,,,,,,,,,,,,,,,,,,,,,,,,,,,,,,,,,,,,,,"0",,
		MinorityInterests,"-1,000,000","-1,000,000",,,,,,,,,,,,,,,,,,,,,,,,,,,,,,,,,,,,,,,,,,,,,,,,,,,,,,,,,,,,,,,,,,,,,,,,,,,,,,,,,,,,,,,,,,,,,,,,,,,,,,,,,,,,,,,,,,,,,,,,,,,,,,,
DilutedNIAvailtoComStockholders,"2,933,000,000","-14,000,000","1,531,000,000","588,000,000","828,000,000","-274,000,000","1,340,000,000","1,828,000,000","473,000,000","512,000,000","689,000,000","940,000,000","566,000,000","355,000,000","644,000,000","193,000,000","491,000,000","184,000,000","499,000,000","650,000,000","1,115,000,000","-401,000,000","450,000,000","311,000,000","234,000,000","101,000,000","314,000,000","431,000,000","430,000,000","145,000,000","290,000,000","344,000,000","368,000,000","-30,000,000","368,000,000","420,000,000","473,000,000","192,000,000","426,000,000","356,000,000","248,000,000","198,777,000","444,760,000","460,287,000","315,176,000","107,325,000","393,221,000","340,076,000","258,768,000","250,659,000","301,519,000","281,780,000","205,717,000","174,080,000","183,008,000","209,896,000","80,170,000","243,219,000","302,378,000","216,846,000","71,241,000","155,021,000","159,198,000","89,489,000","83,715,000","64,607,000","49,944,000","84,137,000","109,795,000","47,126,000","84,303,000","80,753,000","67,830,000","66,309,000","62,119,000","69,276,000","31,230,000","-1,705,000","52,331,000","45,359,000","46,770,000","35,171,000","30,000,000","25,000,000","27,000,000","27,000,000","23,000,000","19,000,000","21,000,000","-416,000,000","22,000,000","28,000,000","-16,000,000","57,000,000","-30,000,000","52,000,000","50,000,000","48,000,000","44,000,000","42,000,000","39,000,000","22,000,000","32,000,000","-95,000,000","53,000,000","49,000,000","43,000,000","45,000,000","53,000,000","48,000,000","42,000,000","54,000,000","32,000,000","29,000,000","23,000,000","19,000,000","18,000,000","64,000,000","-114,300,000","75,000,000","86,000,000","76,000,000","88,600,000","88,800,000","88,800,000","75,000,000","85,100,000","85,300,000","75,900,000"
BasicEPS,,"-0.11","11.91","4.57","6.42","-2.07","10.12","13.83","3.58","3.87","5.16","6.96","4.18","2.6","4.68","1.4","3.56","1.3","3.46","4.49","7.54","-2.68","3.01","2.08","1.57","0.68","2.11","2.88","2.86","0.96","1.87","2.22","2.37","-0.19","2.34","2.66","2.97","1.21","2.65","2.19","1.51","1.22","2.71","2.76","1.88",,"2.35","2.02","1.54",,"1.8","1.68","1.23",,"1.1","1.26","0.48",,"1.81","1.3","0.43",,"0.97","0.55","0.51",,"0.31","0.52","0.68",,"0.53","0.5","0.42",,"0.39","0.44","0.2",,"0.32","0.28","0.28",,"0.18","0.15","0.16",,"0.14","0.11","0.13",,"0.13","0.17","-0.1",,"-0.18","0.31","0.3",,"0.27","0.25","0.24",,"0.2","-0.58","0.32",,"0.27","0.28","0.32",,"0.27","0.33","0.2",,"0.15","0.12","0.11","0.4",,"0.48","0.54","0.48",,"0.57","0.56","0.72",,"0.84","0.75"
DilutedEPS,,"-0.11","11.84","4.55","6.39","-2.07","10.05","13.75","3.56","3.84","5.14","6.94","4.16","2.58","4.65","1.39","3.53","1.29","3.44","4.46","7.49","-2.68","2.98","2.06","1.56","0.67","2.09","2.85","2.82","0.94","1.85","2.19","2.35","-0.19","2.31","2.63","2.95","1.19","2.62","2.16","1.49","1.2","2.67","2.71","1.86",,"2.32","2","1.52",,"1.78","1.67","1.22",,"1.09","1.24","0.47",,"1.78","1.28","0.42",,"0.95","0.53","0.5",,"0.3","0.51","0.67",,"0.52","0.5","0.41",,"0.38","0.43","0.19",,"0.31","0.27","0.28",,"0.18","0.15","0.16",,"0.14","0.11","0.13",,"0.13","0.17","-0.1",,"-0.18","0.31","0.3",,"0.27","0.25","0.24",,"0.2","-0.58","0.32",,"0.27","0.28","0.32",,"0.27","0.33","0.2",,"0.15","0.12","0.11","0.4",,"0.48","0.54","0.48",,"0.57","0.56","0.72",,"0.84","0.75"
BasicAverageShares,,"128,612,000","128,518,000","128,692,000","128,931,000","132,094,000","132,318,000","132,248,000","132,135,000","132,453,000","133,321,000","135,063,000","135,383,000","136,570,000","137,709,000","137,763,000","137,903,000","141,333,000","144,215,000","144,600,000","147,824,000","149,536,000","149,417,000","149,386,000","149,161,000","148,970,000","148,889,000","149,473,000","150,490,000","151,732,000","154,502,000","155,423,000","155,091,000","155,933,000","157,187,000","157,975,000","158,917,000","158,764,000","160,639,000","162,816,000","163,717,000","163,238,000","164,121,000","167,021,000","167,271,000",,"167,574,000","168,472,000","168,200,000",,"167,404,000","167,301,000","167,043,000",,"166,647,000","167,146,000","167,020,833",,"167,059,669","166,804,615","165,676,744",,"164,121,649","162,707,273","164,147,059",,"161,109,677","161,801,923","161,463,235",,"159,062,264","161,506,000","161,500,000",,"159,279,487","157,445,455","156,150,000",,"163,534,375","161,996,429","167,035,714",,"166,666,667","166,666,667","168,750,000",,"164,285,714","172,727,273","161,538,462",,"167,570,888","167,575,863","167,559,428",,"167,023,422","166,600,047","164,857,526",,"163,705,000","163,158,000","162,801,000",,"162,579,000","162,455,000","162,379,000",,"162,334,000","162,255,000","162,040,000",,"161,053,000","160,836,000","160,482,000",,"153,333,333","158,333,333","163,636,364","160,000,000",,"156,250,000","159,259,259","158,333,333",,"155,789,474","158,571,429","104,166,667",,"101,547,619","101,200,000"
DilutedAverageShares,,"128,612,000","129,255,000","129,387,000","129,551,000","132,094,000","133,196,000","133,023,000","132,811,000","133,342,000","134,025,000","135,579,000","135,962,000","137,529,000","138,678,000","138,576,000","138,830,000","142,474,000","145,360,000","145,634,000","148,872,000","149,536,000","150,904,000","150,806,000","150,554,000","150,606,000","150,466,000","151,148,000","152,349,000","153,572,000","156,230,000","157,046,000","156,647,000","155,933,000","158,907,000","159,521,000","160,403,000","160,682,000","162,418,000","164,639,000","166,088,000","165,632,000","166,580,000","169,560,000","169,534,000",,"169,582,000","170,229,000","170,080,000",,"169,246,000","168,669,000","168,658,000",,"167,897,248","168,997,000","170,574,468",,"169,875,281","169,410,938","169,621,429",,"167,576,842","168,847,170","167,430,000",,"166,480,000","164,974,510","163,873,134",,"162,121,154","161,506,000","165,439,024",,"163,471,053","161,106,977","164,368,421",,"168,809,677","167,996,296","167,035,714",,"166,666,667","166,666,667","168,750,000",,"164,285,714","172,727,273","161,538,462",,"168,029,847","168,153,387","167,559,428",,"167,023,422","169,117,894","167,189,456",,"163,705,000","163,158,000","162,801,000",,"162,579,000","162,455,000","162,379,000",,"162,334,000","162,255,000","162,040,000",,"161,053,000","160,836,000","160,482,000",,"153,333,333","158,333,333","163,636,364","160,000,000",,"156,250,000","159,259,259","158,333,333",,"155,789,474","158,571,429","104,166,667",,"101,547,619","101,200,000"
TotalExpenses,"79,710,000,000","21,114,000,000","19,061,000,000","19,907,000,000","19,628,000,000","19,520,000,000","18,320,000,000","16,497,000,000","18,218,000,000","15,702,000,000","15,353,000,000","15,016,000,000","15,361,000,000","13,732,000,000","13,305,000,000","14,240,000,000","13,572,000,000","12,699,000,000","12,483,000,000","12,492,000,000","12,073,000,000","13,364,000,000","12,792,000,000","13,371,000,000","13,300,000,000","13,115,000,000","12,715,000,000","12,939,000,000","13,089,000,000","12,041,000,000","11,687,000,000","11,576,000,000","11,026,000,000","10,236,000,000","9,733,000,000","9,667,000,000","9,756,000,000","9,275,000,000","8,976,000,000","9,135,000,000","9,829,000,000","8,743,526,000","8,601,923,000","8,557,617,000","8,693,934,000","8,175,753,000","7,802,358,000","8,116,867,000","8,023,668,000","7,234,345,000","7,247,471,000","7,458,939,000","7,417,899,000","7,226,590,000","6,865,310,000","7,025,848,000","6,835,776,000","5,979,808,000","5,841,082,000","6,087,207,000","6,092,592,000","5,414,038,000","5,400,410,000","5,266,847,000","4,573,157,000","3,563,864,000","3,749,957,000","3,417,054,000","3,265,538,000","3,146,374,000","3,048,800,000","3,309,125,000","3,184,176,000","3,053,160,000","3,018,353,000","2,925,768,000","2,884,314,000","2,857,539,000","2,764,670,000","2,765,235,000","2,663,803,000","2,567,806,000","2,564,000,000","2,440,000,000","2,403,000,000","2,526,000,000","2,587,000,000","2,672,000,000","2,615,000,000","9,500,000,000","345,000,000","337,000,000","335,000,000","8,508,000,000","398,000,000","336,000,000","336,000,000","6,966,000,000","277,000,000","259,000,000","264,000,000","5,999,000,000","251,000,000","312,000,000","208,000,000","4,032,000,000","128,000,000","127,000,000","127,000,000","3,029,000,000","112,000,000","157,000,000","103,000,000","106,000,000","104,000,000","105,000,000","107,000,000","130,000,000","226,000,000","152,000,000","152,000,000","150,000,000",,,,"136,000,000","154,900,000","145,800,000","139,300,000"
NetIncomeFromContinuingAndDiscontinuedOperation,"2,933,000,000","-14,000,000","1,531,000,000","588,000,000","828,000,000","-274,000,000","1,340,000,000","1,828,000,000","473,000,000","512,000,000","689,000,000","940,000,000","566,000,000","355,000,000","644,000,000","193,000,000","491,000,000","184,000,000","499,000,000","650,000,000","1,115,000,000","-401,000,000","450,000,000","311,000,000","234,000,000","101,000,000","314,000,000","431,000,000","430,000,000","145,000,000","290,000,000","344,000,000","368,000,000","-30,000,000","368,000,000","420,000,000","473,000,000","192,000,000","426,000,000","356,000,000","248,000,000","198,777,000","444,760,000","460,287,000","315,176,000","107,325,000","393,221,000","340,076,000","258,768,000","250,659,000","301,519,000","281,780,000","205,717,000","174,080,000","183,008,000","209,896,000","80,170,000","243,219,000","302,378,000","216,846,000","71,241,000","155,021,000","159,198,000","89,489,000","83,715,000","64,607,000","49,944,000","84,137,000","109,795,000","47,126,000","84,303,000","80,753,000","67,830,000","66,309,000","62,119,000","69,276,000","31,230,000","-1,705,000","52,331,000","45,359,000","46,770,000","35,171,000","30,000,000","25,000,000","27,000,000","27,000,000","23,000,000","19,000,000","21,000,000","-416,000,000","22,000,000","28,000,000","-16,000,000","57,000,000","-30,000,000","52,000,000","50,000,000","48,000,000","44,000,000","42,000,000","39,000,000","22,000,000","32,000,000","-95,000,000","53,000,000","49,000,000","43,000,000","45,000,000","53,000,000","48,000,000","42,000,000","54,000,000","32,000,000","29,000,000","23,000,000","19,000,000","18,000,000","64,000,000","-165,300,000","75,000,000","86,000,000","76,000,000","88,600,000","88,800,000","88,800,000","75,000,000","85,100,000","85,300,000","75,900,000"
NormalizedIncome,"2,933,000,000","-14,000,000","1,531,000,000","588,000,000","828,000,000","-274,000,000","1,340,000,000","1,828,000,000","473,000,000","512,000,000","689,000,000","940,000,000","566,000,000","355,000,000","641,164,000","769,700,000","491,000,000","190,600,000","499,000,000","650,000,000","489,980,000","-401,000,000","450,000,000","311,000,000","234,000,000","99,200,000","314,000,000","270,800,000","430,000,000","145,000,000","290,000,000","344,000,000","368,000,000","-30,000,000","368,000,000","420,000,000","473,000,000","192,000,000","426,000,000","356,000,000","248,000,000","198,777,000","444,760,000","460,287,000","315,176,000","107,325,000","393,221,000","340,076,000","258,768,000","250,659,000","301,519,000","281,780,000","205,717,000","174,080,000","183,008,000","209,896,000","80,170,000","243,219,000","302,378,000","216,846,000","71,241,000","155,021,000","159,198,000","89,489,000","83,715,000","64,607,000","49,944,000","84,137,000","109,795,000","47,126,000","84,303,000","80,753,000","67,830,000","66,309,000","62,119,000","69,276,000","51,495,701.869","-1,705,000","52,331,000","45,359,000","46,770,000","35,171,000","30,000,000","25,000,000","27,000,000","27,000,000","23,000,000","19,000,000","21,000,000","-416,000,000","22,000,000","28,000,000","-16,000,000","57,000,000","4,000,000","52,000,000","50,000,000","48,000,000","44,000,000","42,000,000","39,000,000","31,000,000","32,000,000","-14,000,000","53,000,000","49,000,000","43,000,000","45,000,000","53,000,000","48,000,000","42,000,000","72,000,000","32,000,000","29,000,000","23,000,000","19,000,000","18,000,000","58,000,000","-35,000,000","75,000,000","86,000,000","76,000,000","88,600,000","88,800,000","88,800,000","75,000,000","85,100,000","85,300,000","75,900,000"
InterestExpense,"326,000,000","91,000,000","88,000,000","79,000,000","68,000,000","72,000,000","75,000,000","76,000,000","60,000,000","58,000,000","62,000,000","60,000,000","62,000,000","59,000,000","53,000,000","53,000,000","53,000,000","76,000,000","59,000,000","58,000,000","49,000,000","48,000,000","47,000,000","47,000,000","47,000,000","46,000,000","47,000,000","47,000,000","46,000,000","84,000,000","38,000,000","35,000,000","35,000,000","35,000,000","35,000,000","35,000,000","35,000,000","27,000,000","26,000,000","26,000,000","26,000,000","27,044,000","27,065,000","27,663,000","27,228,000","26,381,000","26,143,000","26,222,000","26,314,000","26,238,000","26,259,000","26,574,000","26,772,000","26,735,000","19,348,000","17,867,000","16,339,000","18,947,000","15,947,000","16,066,000","17,918,000","15,806,000","17,009,000","16,887,000","13,439,000","10,329,000","10,141,000","10,322,000","8,523,000","6,648,000","6,480,000","5,325,000","4,719,000","4,894,000","4,737,000","3,801,000","3,935,000","4,364,000","4,107,000","4,377,000","4,404,000","5,302,000","6,000,000","7,000,000","7,000,000","7,000,000","7,000,000","7,000,000","8,000,000","8,000,000","7,000,000","8,000,000","10,000,000","12,000,000","13,000,000","10,000,000","12,000,000","13,000,000","3,000,000","1,000,000","3,000,000","1,000,000","2,000,000","3,000,000","5,000,000","5,000,000","2,000,000","2,000,000","2,000,000","-1,000,000","1,000,000","28,000,000","1,000,000","2,000,000","1,000,000","2,000,000","2,000,000","17,000,000","16,000,000","19,000,000","17,000,000","19,000,000",,,,"25,000,000","18,200,000","29,100,000","30,700,000"
NetInterestIncome,"-326,000,000","-91,000,000","-88,000,000","-79,000,000","-68,000,000","-72,000,000","-75,000,000","-76,000,000","-60,000,000","-58,000,000","-62,000,000","-60,000,000","-62,000,000","-59,000,000","-53,000,000","-53,000,000","-53,000,000","-76,000,000","-59,000,000","-58,000,000","-49,000,000","-48,000,000","-47,000,000","-47,000,000","-47,000,000","-46,000,000","-47,000,000","-47,000,000","-46,000,000","-84,000,000","-38,000,000","-35,000,000","-35,000,000","-35,000,000","-35,000,000","-35,000,000","-35,000,000","-27,000,000","-26,000,000","-26,000,000","-26,000,000","-27,044,000","-27,065,000","-27,663,000","-27,228,000","-26,381,000","-26,143,000","-26,222,000","-26,314,000","-26,238,000","-26,259,000","-26,574,000","-26,772,000","-26,735,000","-19,348,000","-17,867,000","-16,339,000","-18,947,000","-15,947,000","-16,066,000","-17,918,000","-15,806,000","-17,009,000","-16,887,000","-13,439,000","-10,329,000","-10,141,000","-10,322,000","-8,523,000","-6,648,000","-6,480,000","-5,325,000","-4,719,000","-4,894,000","-4,737,000","-3,801,000","-3,935,000","-4,364,000","-4,107,000","-4,377,000","-4,404,000","-5,302,000","-6,000,000","-7,000,000","-7,000,000","-7,000,000","-7,000,000","-7,000,000","-8,000,000","-8,000,000","-7,000,000","-8,000,000","-10,000,000","-12,000,000","-13,000,000","-10,000,000","-12,000,000","-13,000,000","-3,000,000","-1,000,000","-3,000,000","-1,000,000","-2,000,000","-3,000,000","-5,000,000","-5,000,000","-2,000,000","-2,000,000","-2,000,000","1,000,000","-1,000,000","-28,000,000","-1,000,000","-2,000,000","-1,000,000","-2,000,000","-2,000,000","-17,000,000","-16,000,000","-19,000,000","-17,000,000","-19,000,000",,,,"-25,000,000","-18,200,000","-29,100,000","-30,700,000"
EBIT,"3,680,000,000","31,000,000","1,724,000,000","817,000,000","1,108,000,000","-386,000,000","1,830,000,000","2,662,000,000","777,000,000","651,000,000","950,000,000","1,289,000,000","808,000,000","495,000,000","954,000,000","72,000,000","760,000,000","566,000,000","858,000,000","1,100,000,000","1,738,000,000","-438,000,000","949,000,000","683,000,000","547,000,000","292,000,000","695,000,000","840,000,000","790,000,000","371,000,000","589,000,000","681,000,000","721,000,000","-14,000,000","621,000,000","689,000,000","765,000,000","309,000,000","701,000,000","590,000,000","416,000,000","340,026,000","725,785,000","754,177,000","524,012,000","200,873,000","648,433,000","562,076,000","443,240,000","424,938,000","495,607,000","466,524,000","320,534,000","287,781,000","302,208,000","342,881,000","140,267,000","377,934,000","494,449,000","355,656,000","130,139,000","256,987,000","266,383,000","157,209,000","144,647,000","109,545,000","81,645,000","139,629,000","130,210,000","69,899,000","133,953,000","127,678,000","107,492,000","104,606,000","98,149,000","107,991,000","51,337,000","1,857,000","81,064,000","71,082,000","73,183,000","60,382,000","53,000,000","46,000,000","49,000,000","41,000,000","36,000,000","31,000,000","35,000,000","-396,000,000","7,000,000","8,000,000","10,000,000","215,000,000","13,000,000","10,000,000","12,000,000","283,000,000","3,000,000","1,000,000","3,000,000","19,000,000","2,000,000","3,000,000","5,000,000","293,000,000","2,000,000","2,000,000","2,000,000","256,000,000","1,000,000","28,000,000","1,000,000","2,000,000","1,000,000","2,000,000","2,000,000","17,000,000","16,000,000","19,000,000","17,000,000","19,000,000",,,,"25,000,000","18,200,000","29,100,000","30,700,000"
ReconciledDepreciation,"713,000,000","194,000,000","181,000,000","170,000,000","168,000,000","160,000,000","161,000,000","150,000,000","145,000,000","140,000,000","159,000,000","140,000,000","136,000,000","134,000,000","131,000,000","130,000,000","139,000,000","128,000,000","120,000,000","119,000,000","118,000,000","117,000,000","117,000,000","116,000,000","115,000,000","112,000,000","107,000,000","114,000,000","114,000,000","124,000,000","112,000,000","106,000,000","107,000,000","114,000,000","106,000,000","104,000,000","102,000,000","100,000,000","78,000,000","82,000,000","78,000,000","77,836,000","74,581,000","75,092,000","75,491,000","66,307,000","64,557,000","69,290,000","62,756,000","69,694,000","62,088,000","60,478,000","58,014,000","59,808,000","56,126,000","53,458,000","50,958,000","48,234,000","42,250,000","54,264,000","40,064,000","39,419,000","37,677,000","36,596,000","34,906,000","33,727,000","34,119,000","31,763,000","29,249,000","33,077,000","31,238,000","27,165,000","26,312,000","26,547,000","40,639,000","28,453,000","31,140,000","30,174,000","30,523,000","30,237,000","29,796,000","52,023,000","41,000,000","39,000,000","39,000,000","38,000,000","38,000,000","37,000,000","34,000,000",,,,,,,,,"33,000,000","26,000,000","25,000,000","24,000,000","24,000,000","25,000,000","24,000,000","25,000,000","24,000,000","16,000,000","15,000,000","15,000,000","13,000,000","13,000,000","12,000,000","12,000,000","11,000,000","12,000,000","12,000,000","12,000,000","58,000,000","24,000,000","73,000,000","71,000,000","70,000,000",,,,"59,000,000","61,600,000","58,800,000","56,000,000"
NetIncomeFromContinuingOperationNetMinorityInterest,"2,933,000,000","-14,000,000","1,531,000,000","588,000,000","828,000,000","-274,000,000","1,340,000,000","1,828,000,000","473,000,000","512,000,000","689,000,000","940,000,000","566,000,000","355,000,000","644,000,000","193,000,000","491,000,000","184,000,000","499,000,000","650,000,000","1,115,000,000","-401,000,000","450,000,000","311,000,000","234,000,000","101,000,000","314,000,000","431,000,000","430,000,000","145,000,000","290,000,000","344,000,000","368,000,000","-30,000,000","368,000,000","420,000,000","473,000,000","192,000,000","426,000,000","356,000,000","248,000,000","198,777,000","444,760,000","460,287,000","315,176,000","107,325,000","393,221,000","340,076,000","258,768,000","250,659,000","301,519,000","281,780,000","205,717,000","174,080,000","183,008,000","209,896,000","80,170,000","243,219,000","302,378,000","216,846,000","71,241,000","155,021,000","159,198,000","89,489,000","83,715,000","64,607,000","49,944,000","84,137,000","109,795,000","47,126,000","84,303,000","80,753,000","67,830,000","66,309,000","62,119,000","69,276,000","31,230,000","-1,705,000","52,331,000","45,359,000","46,770,000","35,171,000","30,000,000","25,000,000","27,000,000","27,000,000","23,000,000","19,000,000","21,000,000","-416,000,000","22,000,000","28,000,000","-16,000,000","57,000,000","-30,000,000","52,000,000","50,000,000","48,000,000","44,000,000","42,000,000","39,000,000","22,000,000","32,000,000","-95,000,000","53,000,000","49,000,000","43,000,000","45,000,000","53,000,000","48,000,000","42,000,000","54,000,000","32,000,000","29,000,000","23,000,000","19,000,000","18,000,000","58,000,000","-35,000,000","75,000,000","86,000,000","76,000,000","88,600,000","88,800,000","88,800,000","75,000,000","85,100,000","85,300,000","75,900,000"
TotalUnusualItemsExcludingGoodwill,,,,,,,,,,"0","0","0",,"0","4,000,000","-790,000,000","0","-11,000,000","0","0","947,000,000","0",,"0",,"3,000,000","0","267,000,000",,,,,,,,,,,,,,,,,,,,,,,,,,,,,,,,,,,,,,,,,,,,,,,,"0","-30,760,000",,,,,,,,,,,,,,,,,"0","-34,000,000",,,,,,,"-15,000,000",,"-81,000,000",,,,,,"0",,"-18,000,000",,,,,,,,,,,,,,,,,
TotalUnusualItems,,,,,,,,,,"0","0","0",,"0","4,000,000","-790,000,000","0","-11,000,000","0","0","947,000,000","0",,"0",,"3,000,000","0","267,000,000",,,,,,,,,,,,,,,,,,,,,,,,,,,,,,,,,,,,,,,,,,,,,,,,"0","-30,760,000",,,,,,,,,,,,,,,,,"0","-34,000,000",,,,,,,"-15,000,000",,"-81,000,000",,,,,,"0",,"-18,000,000",,,,,,,,,,,,,,,,,
TaxRateForCalcs,"0.142","0.27","0.072","0.237","0.22","0.389","0.252","0.3","0.348","0.133","0.225","0.242","0.244","0.19","0.291","0.27","0.307","0.4","0.375","0.376","0.34","0.175","0.4","0.4","0.4","0.4","0.4","0.4","0.4","0.35","0.35","0.35","0.35","0.388","0.372","0.357","0.352","0.319","0.369","0.369","0.364","0.365","0.363","0.366","0.366","0.385","0.368","0.365","0.379","0.371","0.358","0.36","0.3","0.333","0.353","0.354","0.353","0.322","0.368","0.361","0.365","0.357","0.362","0.362","0.362","0.349","0.302","0.349","0.098","0.255","0.339","0.34","0.34","0.335","0.335","0.335","0.341","0.32","0.32","0.32","0.32","0.361","0.362","0.359","0.357","0.206","0.207","0.208","0.222","0.101","0","0","0","0.158","0","0","0","0.104","0","0","0","0.4","0","0","0","0.09","0","0","0","0.097","0","0","0","0","0","0","0","0","0","0","0","0","0.4","0.4","0.4","0","0","0","0"
TaxEffectOfUnusualItems,"0","0","0","0","0","0","0","0","0","0","0","0","0","0","1,164,000","-213,300,000","0","-4,400,000","0","0","321,980,000","0","0","0","0","1,200,000","0","106,800,000","0","0","0","0","0","0","0","0","0","0","0","0","0","0","0","0","0","0","0","0","0","0","0","0","0","0","0","0","0","0","0","0","0","0","0","0","0","0","0","0","0","0","0","0","0","0","0","0","-10,494,298.131","0","0","0","0","0","0","0","0","0","0","0","0","0","0","0","0","0","0","0","0","0","0","0","0","-6,000,000","0","0","0","0","0","0","0","0","0","0","0","0","0","0","0","0","0","0","0","0","0","0","0","0","0","0","0"