name,ttm,12/31/2021,09/30/2021,06/30/2021,03/31/2021,12/31/2020,09/30/2020,06/30/2020,03/31/2020,12/31/2019,09/30/2019,06/30/2019,03/31/2019,12/31/2018,09/30/2018,06/30/2018,03/31/2018,12/31/2017,09/30/2017,06/30/2017,03/31/2017,12/31/2016,09/30/2016,06/30/2016,03/31/2016,12/31/2015,09/30/2015,06/30/2015,03/31/2015,12/31/2014,09/30/2014,06/30/2014,03/31/2014,12/31/2013,09/30/2013,06/30/2013,03/31/2013,12/31/2012,09/30/2012,06/30/2012,03/31/2012,12/31/2011,09/30/2011,06/30/2011,03/31/2011,12/31/2010,09/30/2010,06/30/2010,03/31/2010,12/31/2009,09/30/2009,06/30/2009,03/31/2009,12/31/2008,09/30/2008,06/30/2008,03/31/2008,12/31/2007,09/30/2007,06/30/2007,03/31/2007,12/31/2006,09/30/2006,06/30/2006,03/31/2006,12/31/2005,09/30/2005,06/30/2005,03/31/2005,12/31/2004,09/30/2004,06/30/2004,03/31/2004,12/31/2003,09/30/2003,06/30/2003,03/31/2003,12/31/2002,09/30/2002,06/30/2002,03/31/2002,12/31/2001,09/30/2001,06/30/2001,03/31/2001,12/31/2000,09/30/2000,06/30/2000,03/31/2000,12/31/1999,09/30/1999,06/30/1999,03/31/1999,12/31/1998,09/30/1998,06/30/1998,03/31/1998,12/31/1997,09/30/1997,06/30/1997,03/31/1997,12/31/1996,09/30/1996,06/30/1996,03/31/1996,12/31/1995,09/30/1995,06/30/1995,03/31/1995,12/31/1994,09/30/1994,06/30/1994,03/31/1994,12/31/1993,09/30/1993,06/30/1993,03/31/1993,12/31/1992,09/30/1992,06/30/1992,03/31/1992,12/31/1991,09/30/1991,06/30/1991,03/31/1991,12/31/1990,09/30/1990,06/30/1990,03/31/1990,12/31/1989,09/30/1989,06/30/1989,03/31/1989,12/31/1988,09/30/1988,06/30/1988,03/31/1988,12/31/1987,09/30/1987,06/30/1987,03/31/1987,12/31/1986,09/30/1986,06/30/1986,03/31/1986,12/31/1985,09/30/1985
TotalRevenue,"11,656,000,000","3,031,000,000","3,071,000,000","3,089,000,000","2,465,000,000","1,270,073,000","1,268,076,000","1,198,773,000","1,347,317,000","1,283,769,000","1,267,345,000","1,291,568,000","1,297,402,000","1,219,047,000","907,548,000","920,016,000","930,928,000","854,625,000","872,940,000","842,861,000","828,293,000","762,560,000","777,001,000","793,478,000","783,312,000","715,649,000","765,092,000","767,541,000","774,907,000","756,082,000","773,813,000","788,414,000","770,224,000","725,169,000","742,256,000","757,635,000","727,836,000","680,558,000","708,955,000","721,317,000","710,616,000","644,383,000","713,775,000","715,589,000","714,271,000","629,869,000","673,283,000","665,800,000","653,909,000","585,633,000","612,634,000","568,261,000","559,630,000","539,103,000","617,538,000","636,126,000","596,605,000","553,498,000","583,313,000","573,726,000","566,101,000","514,318,000","539,135,000","530,505,000","511,432,000","461,645,000","493,118,000","515,578,000","523,052,000","468,232,000","506,229,000","524,177,000","535,015,000","471,799,000","480,886,000","482,611,000","466,224,000","424,292,000","462,777,000","476,336,000","445,844,000","419,170,000","462,719,000","478,216,000","483,661,000","384,533,000","339,591,000","368,759,000","369,912,000","336,000,000","364,700,000","371,100,000","367,800,000","318,800,000","349,800,000","365,300,000","373,400,000","306,300,000","356,200,000","381,500,000","382,800,000","324,100,000","354,900,000","374,400,000","382,800,000","311,500,000","360,100,000","394,300,000","373,600,000","304,800,000","341,700,000","345,200,000","323,500,000","259,500,000","298,700,000","321,300,000","309,100,000","254,300,000","292,400,000","295,600,000","284,100,000","225,700,000","255,500,000","266,100,000","269,800,000","219,300,000","248,100,000","253,900,000","241,500,000","188,600,000","216,900,000","236,800,000","227,200,000","181,200,000","200,100,000","234,200,000","224,000,000","179,300,000","187,700,000","199,900,000","179,000,000","145,700,000","164,900,000","162,100,000","148,000,000","122,300,000","127,600,000"
	OperatingRevenue,"11,656,000,000","3,031,000,000","3,071,000,000","3,089,000,000","2,465,000,000","1,270,073,000","1,268,076,000","1,198,773,000","1,347,317,000","1,283,769,000","1,267,345,000","1,291,568,000","1,297,402,000","1,219,047,000","907,548,000","920,016,000","930,928,000","854,625,000","872,940,000","842,861,000","828,293,000","762,560,000","777,001,000","793,478,000","783,312,000","715,649,000","765,092,000","767,541,000","774,907,000","756,082,000","773,813,000","788,414,000","770,224,000","725,169,000","742,256,000","757,635,000","727,836,000","680,558,000","708,955,000","721,317,000","710,616,000","644,383,000","713,775,000","715,589,000","714,271,000","629,869,000","673,283,000","665,800,000","653,909,000","585,633,000","612,634,000","568,261,000","559,630,000","539,103,000","617,538,000","636,126,000","596,605,000","553,498,000","583,313,000","573,726,000","566,101,000","514,318,000","539,135,000","530,505,000","511,432,000","461,645,000","493,118,000","515,578,000","523,052,000","468,232,000","506,229,000","524,177,000","535,015,000","471,799,000","480,886,000","482,611,000","466,224,000","424,292,000","462,777,000","476,336,000","445,844,000","419,170,000","462,719,000","478,216,000","483,661,000","384,533,000","339,591,000","368,759,000","369,912,000","336,000,000","364,700,000","371,100,000","367,800,000","318,800,000","349,800,000","365,300,000","373,400,000","306,300,000","356,200,000","381,500,000","382,800,000","324,100,000","354,900,000","374,400,000","382,800,000","311,500,000","360,100,000","394,300,000","373,600,000","304,800,000","341,700,000","345,200,000","323,500,000","259,500,000","298,700,000","321,300,000","309,100,000","254,300,000","292,400,000","295,600,000","284,100,000","225,700,000","255,500,000","266,100,000","269,800,000","219,300,000","248,100,000","253,900,000","241,500,000","188,600,000","216,900,000","236,800,000","227,200,000","181,200,000","200,100,000","234,200,000","224,000,000","179,300,000","187,700,000","199,900,000","179,000,000","145,700,000","164,900,000","162,100,000","148,000,000","122,300,000","127,600,000"
CostOfRevenue,"7,921,000,000","2,050,000,000","1,981,000,000","2,179,000,000","1,711,000,000","756,343,000","743,649,000","716,931,000","781,450,000","781,607,000","734,257,000","745,329,000","766,143,000","741,532,000","506,882,000","521,299,000","525,119,000","496,935,000","490,884,000","468,272,000","463,627,000","435,607,000","430,733,000","427,837,000","423,103,000","402,493,000","417,966,000","422,501,000","428,630,000","428,102,000","433,702,000","435,767,000","428,812,000","411,714,000","416,852,000","423,649,000","416,476,000","393,490,000","407,431,000","419,774,000","425,217,000","399,985,000","435,400,000","431,166,000","416,811,000","377,523,000","388,235,000","380,799,000","383,702,000","349,774,000","363,665,000","340,164,000","337,430,000","324,465,000","370,799,000","372,345,000","351,123,000","328,199,000","339,175,000","327,668,000","329,382,000","303,403,000","310,149,000","302,889,000","294,818,000","274,818,000","286,712,000","299,065,000","308,397,000","268,681,000","289,052,000","295,716,000","306,786,000","268,583,000","278,191,000","275,235,000","270,447,000","242,284,000","261,075,000","272,612,000","259,864,000","241,157,000","268,631,000","269,506,000","284,139,000","219,189,000","172,437,000","199,292,000","186,585,000","164,100,000","185,100,000","192,400,000","193,800,000","164,100,000","180,900,000","183,300,000","186,200,000","157,100,000","179,300,000","191,600,000","195,000,000","166,100,000","182,200,000","190,400,000","192,400,000","162,000,000","176,000,000","187,200,000","181,100,000","152,300,000","167,700,000","164,500,000","156,900,000","129,000,000","146,200,000","153,100,000","150,300,000","126,900,000","142,900,000","140,400,000","137,900,000","112,200,000","125,700,000","128,200,000","132,400,000","110,300,000","122,700,000","122,500,000","119,200,000","95,400,000","111,000,000","115,700,000",,,,,,,,,,,,,,,
GrossProfit,"3,735,000,000","981,000,000","1,090,000,000","910,000,000","754,000,000","513,730,000","524,427,000","481,842,000","565,867,000","502,162,000","533,088,000","546,239,000","531,259,000","477,515,000","400,666,000","398,717,000","405,809,000","357,690,000","382,056,000","374,589,000","364,666,000","326,953,000","346,268,000","365,641,000","360,209,000","313,156,000","347,126,000","345,040,000","346,277,000","327,980,000","340,111,000","352,647,000","341,412,000","313,455,000","325,404,000","333,986,000","311,360,000","287,068,000","301,524,000","301,543,000","285,399,000","244,398,000","278,375,000","284,423,000","297,460,000","252,346,000","285,048,000","285,001,000","270,207,000","235,859,000","248,969,000","228,097,000","222,200,000","214,638,000","246,739,000","263,781,000","245,482,000","225,299,000","244,138,000","246,058,000","236,719,000","210,915,000","228,986,000","227,616,000","216,614,000","186,827,000","206,406,000","216,513,000","214,655,000","199,551,000","217,177,000","228,461,000","228,229,000","203,216,000","202,695,000","207,376,000","195,777,000","182,008,000","201,702,000","203,724,000","185,980,000","178,013,000","194,088,000","208,710,000","199,522,000","165,344,000","167,154,000","169,467,000","183,327,000","171,900,000","179,600,000","178,700,000","174,000,000","154,700,000","168,900,000","182,000,000","187,200,000","149,200,000","176,900,000","189,900,000","187,800,000","158,000,000","172,700,000","184,000,000","190,400,000","149,500,000","184,100,000","207,100,000","192,500,000","152,500,000","174,000,000","180,700,000","166,600,000","130,500,000","152,500,000","168,200,000","158,800,000","127,400,000","149,500,000","155,200,000","146,200,000","113,500,000","129,800,000","137,900,000","137,400,000","109,000,000","125,400,000","131,400,000","122,300,000","93,200,000","105,900,000","121,100,000",,,,,,,,,,,,,,,
OperatingExpense,"3,110,000,000","801,000,000","787,000,000","776,000,000","746,000,000","401,915,000","372,226,000","360,189,000","363,973,000","376,782,000","344,336,000","342,825,000","351,403,000","380,759,000","242,101,000","241,758,000","230,305,000","225,028,000","221,171,000","214,724,000","217,107,000","228,167,000","221,929,000","201,166,000","192,989,000","184,373,000","190,413,000","196,577,000","184,297,000","197,032,000","186,913,000","199,350,000","185,237,000","218,600,000","183,875,000","189,485,000","173,754,000","187,839,000","167,349,000","169,235,000","162,824,000","186,807,000","150,420,000","162,453,000","164,075,000","167,989,000","162,169,000","175,367,000","160,640,000","140,316,000","151,756,000","143,312,000","141,151,000","148,446,000","146,131,000","162,367,000","143,743,000","154,464,000","147,752,000","143,513,000","141,459,000","142,299,000","138,276,000","136,983,000","134,900,000","135,487,000","134,441,000","131,013,000","133,265,000","131,474,000","130,527,000","131,235,000","138,073,000","129,711,000","117,980,000","114,943,000","118,235,000","115,036,000","115,964,000","117,101,000","113,714,000","118,531,000","115,632,000","127,903,000","132,606,000","115,943,000","109,909,000","92,969,000","106,653,000","116,400,000","101,200,000","102,900,000","102,200,000","100,700,000","95,300,000","96,900,000","93,300,000","96,000,000","90,700,000","93,000,000","92,200,000","94,200,000","90,700,000","89,900,000","89,900,000","88,700,000","86,100,000","89,000,000","85,400,000","87,100,000","82,000,000","79,100,000","76,900,000","76,500,000","75,500,000","76,300,000","75,800,000","98,000,000","73,900,000","71,600,000","71,300,000","68,700,000","64,300,000","64,000,000","67,300,000","67,200,000","62,600,000","60,300,000","58,800,000","57,600,000","53,400,000","55,600,000",,,,,,,,,,,,,,,
	SellingGeneralAndAdministration,"1,749,000,000","450,000,000","436,000,000","412,000,000","451,000,000","254,192,000","234,520,000","230,407,000","229,714,000","242,010,000","210,829,000","210,100,000","213,182,000","249,614,000","157,796,000","157,407,000","142,644,000","139,598,000","141,473,000","135,910,000","140,330,000","157,852,000","152,046,000","132,784,000","123,543,000","126,997,000","127,663,000","134,063,000","120,835,000","135,027,000","123,212,000","132,919,000","123,733,000","148,190,000","118,221,000","124,813,000","114,653,000","125,593,000","109,691,000","112,835,000","105,416,000","134,348,000","96,783,000","106,224,000","106,619,000","110,905,000","108,955,000","119,523,000","106,471,000","96,157,000","97,947,000","93,012,000","89,424,000","94,564,000","92,465,000","104,662,000","90,149,000","98,354,000","94,464,000","91,198,000","91,271,000","90,559,000","88,092,000","87,684,000","85,588,000","85,691,000","86,022,000","82,866,000","84,744,000","84,702,000","83,694,000","83,184,000","89,726,000","84,310,000","75,638,000","72,888,000","76,115,000","75,707,000","75,142,000","78,921,000","75,386,000","73,944,000","72,545,000","81,001,000","85,845,000","61,083,000","66,205,000","66,024,000","65,341,000","73,000,000","61,800,000","64,200,000","63,600,000","62,600,000","58,300,000","60,500,000","57,400,000","58,900,000","54,900,000","57,000,000","56,300,000","81,100,000","79,100,000","78,500,000","78,200,000","79,100,000","75,400,000","78,300,000","75,700,000","77,400,000","73,100,000","70,000,000","68,200,000","67,600,000","66,900,000","67,500,000","67,000,000","89,400,000","65,200,000","63,100,000","63,100,000","61,100,000","57,100,000","56,900,000","59,800,000","59,500,000","55,400,000","53,500,000","52,300,000","51,200,000","47,500,000","49,700,000",,,,,,,,,,,,,,,
	ResearchAndDevelopment,"629,000,000","166,000,000","156,000,000","164,000,000","143,000,000","100,038,000","89,968,000","80,948,000","85,909,000","85,639,000","85,077,000","84,816,000","90,596,000","83,038,000","75,302,000","74,767,000","78,476,000","75,063,000","70,932,000","70,320,000","69,711,000","63,211,000","64,415,000","63,252,000","63,385,000","57,376,000","62,750,000","62,514,000","63,462,000","62,005,000","63,701,000","66,431,000","61,504,000","70,410,000","65,654,000","64,672,000","59,101,000","62,246,000","57,658,000","56,400,000","57,408,000","52,459,000","53,637,000","56,229,000","57,456,000","57,084,000","53,214,000","55,844,000","52,631,000","42,621,000","52,272,000","48,761,000","50,189,000","52,344,000","52,129,000","56,166,000","52,056,000","53,898,000","49,733,000","48,760,000","46,632,000","48,031,000","46,471,000","45,588,000","45,602,000","46,028,000","44,651,000","44,380,000","44,753,000","43,059,000","43,124,000","44,342,000","44,648,000","42,243,000","39,184,000","38,897,000","38,962,000","36,171,000","37,664,000","35,022,000","35,170,000","32,744,000","31,596,000","35,502,000","35,406,000","30,248,000","28,666,000","26,945,000","26,812,000","26,800,000","25,100,000","25,900,000","25,900,000","25,400,000","24,700,000","24,400,000","23,900,000","24,300,000","23,100,000","23,500,000","23,600,000",,,,,,,,,,,,,,,,,,,,,,,,,,,,,,,,,,,,,,,,,,,,,,
	DepreciationAmortizationDepletionIncomeStatement,"732,000,000","185,000,000","195,000,000","200,000,000","152,000,000","47,685,000","47,738,000","48,834,000","48,350,000","49,133,000","48,430,000","47,909,000","47,625,000","48,107,000","9,003,000","9,584,000","9,185,000","10,367,000","8,766,000","8,494,000","7,066,000","7,104,000","5,468,000","5,130,000","6,061,000",,,,,,,,,,,,,,,,,,,,,,,,"1,538,000","1,538,000","1,537,000","1,539,000","1,538,000","1,538,000","1,537,000","1,539,000","1,538,000","2,212,000","3,555,000","3,555,000","3,556,000","3,709,000","3,713,000","3,711,000","3,710,000","3,768,000","3,768,000","3,767,000","3,768,000","3,713,000","3,709,000","3,709,000","3,699,000","3,158,000","3,158,000","3,158,000","3,158,000","3,158,000","3,158,000","3,158,000","3,158,000","11,843,000","11,491,000","11,400,000","11,355,000","24,612,000","15,038,000",,"14,500,000","16,600,000","14,300,000","12,800,000","12,700,000","12,700,000","12,300,000","12,000,000","12,000,000","12,800,000","12,700,000","12,500,000","12,300,000","13,100,000","11,600,000","11,400,000","11,700,000","9,600,000","10,700,000","10,700,000","9,700,000","9,700,000","8,900,000","9,100,000","8,700,000","8,900,000","8,600,000","8,800,000","8,800,000","8,600,000","8,700,000","8,500,000","8,200,000","7,600,000","7,200,000","7,100,000","7,500,000","7,700,000","7,200,000","6,800,000","6,500,000","6,400,000","5,900,000","5,900,000",,,,,,,,,,,,,,,
		DepreciationAndAmortizationInIncomeStatement,"732,000,000","185,000,000","195,000,000","200,000,000","152,000,000","47,685,000","47,738,000","48,834,000","48,350,000","49,133,000","48,430,000","47,909,000","47,625,000","48,107,000","9,003,000","9,584,000","9,185,000","10,367,000","8,766,000","8,494,000","7,066,000","7,104,000","5,468,000","5,130,000","6,061,000",,,,,,,,,,,,,,,,,,,,,,,,"1,538,000","1,538,000","1,537,000","1,539,000","1,538,000","1,538,000","1,537,000","1,539,000","1,538,000","2,212,000","3,555,000","3,555,000","3,556,000","3,709,000","3,713,000","3,711,000","3,710,000","3,768,000","3,768,000","3,767,000","3,768,000","3,713,000","3,709,000","3,709,000","3,699,000","3,158,000","3,158,000","3,158,000","3,158,000","3,158,000","3,158,000","3,158,000","3,158,000","11,843,000","11,491,000","11,400,000","11,355,000","24,612,000","15,038,000",,"14,500,000","16,600,000","14,300,000","12,800,000","12,700,000","12,700,000","12,300,000","12,000,000","12,000,000","12,800,000","12,700,000","12,500,000","12,300,000","13,100,000","11,600,000","11,400,000","11,700,000","9,600,000","10,700,000","10,700,000","9,700,000","9,700,000","8,900,000","9,100,000","8,700,000","8,900,000","8,600,000","8,800,000","8,800,000","8,600,000","8,700,000","8,500,000","8,200,000","7,600,000","7,200,000","7,100,000","7,500,000","7,700,000","7,200,000","6,800,000","6,500,000","6,400,000","5,900,000","5,900,000",,,,,,,,,,,,,,,
			Amortization,"732,000,000","185,000,000","195,000,000","200,000,000","152,000,000","47,685,000","47,738,000","48,834,000","48,350,000","49,133,000","48,430,000","47,909,000","47,625,000","48,107,000","9,003,000","9,584,000","9,185,000","10,367,000","8,766,000","8,494,000","7,066,000","7,104,000","5,468,000","5,130,000","6,061,000",,,,,,,,,,,,,,,,,,,,,,,,"1,538,000","1,538,000","1,537,000","1,539,000","1,538,000","1,538,000","1,537,000","1,539,000","1,538,000","2,212,000","3,555,000","3,555,000","3,556,000","3,709,000","3,713,000","3,711,000","3,710,000","3,768,000","3,768,000","3,767,000","3,768,000","3,713,000","3,709,000","3,709,000","3,699,000","3,158,000","3,158,000","3,158,000","3,158,000","3,158,000","3,158,000","3,158,000","3,158,000","11,843,000","11,491,000","11,400,000","11,355,000",,,,,,,,,,,,,,,,,,,,,,,,,,,,,,,,,,,,,,,,,,,,,,,,,,,,,,,,,,,,,,
				AmortizationOfIntangiblesIncomeStatement,"732,000,000","185,000,000","195,000,000","200,000,000","152,000,000","47,685,000","47,738,000","48,834,000","48,350,000","49,133,000","48,430,000","47,909,000","47,625,000","48,107,000","9,003,000","9,584,000","9,185,000","10,367,000","8,766,000","8,494,000","7,066,000","7,104,000","5,468,000","5,130,000","6,061,000",,,,,,,,,,,,,,,,,,,,,,,,"1,538,000","1,538,000","1,537,000","1,539,000","1,538,000","1,538,000","1,537,000","1,539,000","1,538,000","2,212,000","3,555,000","3,555,000","3,556,000","3,709,000","3,713,000","3,711,000","3,710,000","3,768,000","3,768,000","3,767,000","3,768,000","3,713,000","3,709,000","3,709,000","3,699,000","3,158,000","3,158,000","3,158,000","3,158,000","3,158,000","3,158,000","3,158,000","3,158,000","11,843,000","11,491,000","11,400,000","11,355,000",,,,,,,,,,,,,,,,,,,,,,,,,,,,,,,,,,,,,,,,,,,,,,,,,,,,,,,,,,,,,,
OperatingIncome,"625,000,000","180,000,000","303,000,000","134,000,000","8,000,000","111,815,000","152,201,000","121,653,000","201,894,000","125,380,000","188,752,000","203,414,000","179,856,000","96,756,000","158,565,000","156,959,000","175,504,000","132,662,000","160,885,000","159,865,000","147,559,000","98,786,000","124,339,000","164,475,000","167,220,000","128,783,000","156,713,000","148,463,000","161,980,000","130,948,000","153,198,000","153,297,000","156,175,000","94,855,000","141,529,000","144,501,000","137,606,000","99,229,000","134,175,000","132,308,000","122,575,000","57,591,000","127,955,000","121,970,000","133,385,000","84,357,000","122,879,000","109,634,000","109,567,000","95,543,000","97,213,000","84,785,000","81,049,000","66,192,000","100,608,000","101,414,000","101,739,000","70,835,000","96,386,000","102,545,000","95,260,000","68,616,000","90,710,000","90,633,000","81,714,000","51,340,000","71,965,000","85,500,000","81,390,000","68,077,000","86,650,000","97,226,000","90,156,000","73,505,000","84,715,000","92,433,000","77,542,000","66,972,000","85,738,000","86,623,000","72,266,000","59,482,000","78,456,000","80,807,000","66,916,000","49,401,000","57,245,000","76,498,000","76,674,000","55,500,000","78,400,000","75,800,000","71,800,000","54,000,000","73,600,000","85,100,000","93,900,000","53,200,000","86,200,000","96,900,000","95,600,000","63,800,000","82,000,000","94,100,000","100,500,000","60,800,000","98,000,000","118,100,000","107,100,000","65,400,000","92,000,000","101,600,000","89,700,000","54,000,000","77,000,000","91,900,000","83,000,000","29,400,000","75,600,000","83,600,000","74,900,000","44,800,000","65,500,000","73,900,000","70,100,000","41,800,000","62,800,000","71,100,000","63,500,000","35,600,000","52,500,000","65,500,000","227,200,000","-447,400,000","200,100,000","234,200,000","224,000,000","-387,700,000","187,700,000","199,900,000","179,000,000","-335,100,000","164,900,000","162,100,000","148,000,000","-263,900,000","127,600,000"
NetNonOperatingInterestIncomeExpense,"-289,000,000","-73,000,000","-74,000,000","-77,000,000","-65,000,000","-32,756,000","-34,844,000","-32,062,000","-32,140,000","-35,559,000","-33,497,000","-32,593,000","-36,572,000","-38,803,000","-23,914,000","-53,246,000","-16,595,000","-15,779,000","-19,221,000","-17,556,000","-12,807,000","-12,340,000","-13,111,000","-15,060,000","-12,478,000","-11,705,000","-11,855,000","-11,407,000","-11,095,000","-12,019,000","-10,968,000","-11,403,000","-11,677,000","-11,130,000","-11,625,000","-12,860,000","-11,152,000","-10,423,000","-9,907,000","-10,613,000","-10,811,000","-10,670,000","-10,280,000","-12,009,000","-11,680,000","-11,678,000","-12,244,000","-12,051,000","-12,736,000","-14,487,000","-13,503,000","-14,047,000","-19,781,000",,,,,,,,,,,,,,,,,,,,,,,,,,,,,,,,,,,,,,,,,,,,,,,,,,,,,,,,,,,,,,,,,,,,,,,,,,,,,,,,,,,,,,,,,,,,,,
	InterestExpenseNonOperating,"289,000,000","73,000,000","74,000,000","77,000,000","65,000,000","32,756,000","34,844,000","32,062,000","32,140,000","35,559,000","33,497,000","32,593,000","36,572,000","38,803,000","23,914,000","53,246,000","16,595,000","15,779,000","19,221,000","17,556,000","12,807,000","12,340,000","13,111,000","15,060,000","12,478,000","11,705,000","11,855,000","11,407,000","11,095,000","12,019,000","10,968,000","11,403,000","11,677,000","11,130,000","11,625,000","12,860,000","11,152,000","10,423,000","9,907,000","10,613,000","10,811,000","10,670,000","10,280,000","12,009,000","11,680,000","11,678,000","12,244,000","12,051,000","12,736,000","14,487,000","13,503,000","14,047,000","19,781,000",,,,,,,,,,,,,,,,,,,,,,,,,,,,,,,,,,,,,,,,,,,,,,,,,,,,,,,,,,,,,,,,,,,,,,,,,,,,,,,,,,,,,,,,,,,,,,
OtherIncomeExpense,"18,000,000","7,000,000","21,000,000","-13,000,000","3,000,000","239,000","-11,857,000","13,474,000","-16,246,000","6,708,000","1,611,000","-1,340,000","-8,708,000","8,347,000","-33,949,000","18,205,000","-72,000","-1,691,000","-338,000","-269,000","3,735,000","16,934,000","2,162,000","2,635,000","154,000","-14,263,000","-1,959,000","-78,000","5,523,000","-1,340,000","-45,000","4,459,000","-1,565,000","-767,000","4,080,000","9,104,000","1,069,000","-117,000","-2,424,000","845,000","-1,422,000","-6,391,000","-5,201,000","-5,040,000","-6,084,000","-1,983,000","-4,452,000","-3,950,000","-7,750,000","-5,235,000","-10,476,000","-5,673,000","1,162,000","-8,256,000","-3,005,000","4,372,000","-8,529,000","9,389,000","-7,182,000","2,819,000","167,000","1,201,000","6,467,000","590,000","-1,100,000","-24,019,000","854,000","2,558,000","556,000","-6,385,000","-20,274,000","-9,021,000","-1,425,000","-12,387,000","-3,470,000","-9,086,000","-22,915,000","258,000","-1,934,000","-8,435,000","1,965,000","1,511,000","-7,005,000","-9,786,000","-12,180,000","-31,092,000","-10,299,000","-203,000","-9,025,000","1,300,000","-3,100,000","-33,400,000","2,600,000","100,000","1,400,000","1,600,000","3,300,000","1,500,000","2,300,000","2,500,000","4,100,000","1,800,000","2,500,000","-47,000,000","4,400,000","2,700,000","2,600,000","3,000,000","4,500,000","4,100,000","3,300,000","7,400,000","10,500,000","7,900,000","9,000,000","8,700,000","9,500,000","8,700,000","6,100,000","7,600,000","8,000,000","6,300,000","4,800,000","6,600,000","7,100,000","7,800,000","6,000,000","6,600,000","14,400,000","7,900,000","4,000,000","2,400,000",,,,,,,,,,,,,,,
	SpecialIncomeCharges,"-40,000,000","-7,000,000","-5,000,000","-24,000,000","-4,000,000","-11,212,000","-1,912,000","-2,283,000","-5,672,000","-8,581,000","-4,088,000","-3,477,000","-15,986,000","-1,507,000","-38,107,000","-2,450,000","-648,000","-5,464,000","-3,218,000","-723,000","-10,122,000","9,539,000",,"0","0","-7,764,000","0","358,000","-187,000","-386,000","-608,000","-182,000","-122,000","-46,000","0","-2,105,000","0","1,333,000","-2,424,000","845,000","-1,422,000","-6,391,000","-5,201,000","-5,040,000","-6,084,000","-1,983,000","-4,452,000","-3,950,000","-7,750,000","-5,235,000","-10,476,000","-5,673,000","1,162,000","-8,256,000","-3,005,000","4,372,000","-8,529,000","9,389,000","-7,182,000","2,819,000","167,000","1,201,000","6,467,000","590,000","-1,100,000","-24,019,000","854,000","2,558,000","556,000","-6,385,000","-20,274,000","-9,021,000","-1,425,000","-12,387,000","-3,470,000","-9,086,000","-22,915,000","258,000","-1,934,000","-8,435,000","1,965,000","1,511,000","-7,005,000","-9,786,000","-12,180,000","-31,092,000","-10,299,000","-203,000","-9,025,000","1,300,000","-3,100,000","-33,400,000","2,600,000","100,000","1,400,000","1,600,000","3,300,000","1,500,000","2,300,000","2,500,000","4,100,000","1,800,000","2,500,000","-47,000,000","4,400,000","2,700,000","2,600,000","3,000,000","4,500,000","4,100,000","3,300,000","7,400,000","10,500,000","7,900,000","9,000,000","8,700,000","9,500,000","8,700,000","6,100,000","7,600,000","8,000,000","6,300,000","4,800,000","6,600,000","7,100,000","7,800,000","6,000,000","6,600,000","14,400,000","7,900,000","4,000,000","2,400,000",,,,,,,,,,,,,,,
		RestructuringAndMergernAcquisition,"41,000,000","7,000,000","6,000,000","24,000,000","4,000,000","8,996,000","1,497,000","1,884,000","4,918,000","7,350,000","3,716,000","2,525,000","16,174,000","2,249,000","927,000","1,186,000","717,000","5,528,000","3,249,000","791,000","10,143,000","-1,700,000",,"0","0","7,764,000","0","-358,000","187,000","386,000","608,000","182,000","122,000","46,000","0","2,105,000","0","0","0","0","1,668,000","9,804,000","-645,000","3,985,000","28,000","891,000","2,355,000","1,843,000","4,988,000","3,697,000","10,500,000","4,104,000","0","12,245,000",,"-255,000","6,222,000",,,,,"2,007,000","316,000","-304,000","661,000",,,,,"4,164,000","19,950,000","7,716,000",,"11,401,000","3,916,000",,,,,,,,,,,,,,,,,,,,,,,,,,,,,,,,,,,,,,,,,,,,,,,,,,,,,,,,,,,,,,,,,,,,,,,,
		OtherSpecialCharges,,,,,,,,,,,,,,"0","38,810,000",,,,,,,,,,,,,,,,,,,,,,,,"2,424,000","-845,000","-246,000","-3,413,000","5,846,000","1,055,000","6,056,000","1,092,000","2,097,000","2,107,000","2,762,000","1,538,000","-24,000","1,569,000","-1,162,000","-3,989,000",,"-4,117,000","2,307,000",,,,,"-3,208,000","-6,783,000","-286,000","439,000",,,,,"2,221,000","324,000","1,305,000",,"986,000","-446,000",,,,,,,,,,,,,,,,,,,,,,,,,,,,,,,,,,,,,,,,,,,,,,,,,,,,,,,,,,,,,,,,,,,,,,,,
		GainOnSaleOfPPE,"1,000,000","0","1,000,000","0","0","-2,216,000","-415,000","-399,000","-754,000","-1,231,000","-372,000","-952,000","188,000","742,000","1,630,000","-1,264,000","69,000","64,000","31,000","68,000","21,000","7,839,000",,,,,,,,,,,,,,,,,,,,,,,,,,,,,,,,,,,,,,,,,,,,,,,,,,,,,,,,,,,,,,,,,,,,,,,,,,,,,,,,,,,,,,,,,,,,,,,,,,,,,,,,,,,,,,,,,,,,,,,,,,,,,
	OtherNonOperatingIncomeExpenses,"58,000,000","14,000,000","26,000,000","11,000,000","7,000,000","11,451,000","-9,945,000","15,757,000","-10,574,000","15,289,000","5,699,000","2,137,000","7,278,000","9,854,000","4,158,000","20,655,000","576,000","3,773,000","2,880,000","454,000","13,857,000","4,398,000","2,162,000","2,635,000","154,000","-6,499,000","-1,959,000","-436,000","5,710,000","-954,000","563,000","4,641,000","-1,443,000","-721,000","4,080,000","11,209,000","1,069,000","-116,000",,,,,,,,,,,,,,,,,,,,,,,,,,,,,,,,,,,,,,,,,,,,,,,,,,,,,,,,,,,,,,,,,,,,,,,,,,,,,,,,,,,,,,,,,,,,,,,,,,,,,,,,,,,,,
PretaxIncome,"354,000,000","114,000,000","250,000,000","44,000,000","-54,000,000","79,298,000","105,500,000","103,065,000","153,508,000","96,529,000","156,866,000","169,481,000","134,576,000","66,300,000","100,702,000","121,918,000","158,837,000","115,192,000","141,326,000","142,040,000","138,487,000","103,380,000","113,390,000","152,050,000","154,896,000","102,815,000","142,899,000","136,978,000","156,408,000","117,589,000","142,185,000","146,353,000","142,933,000","82,958,000","133,984,000","140,745,000","127,523,000","88,689,000","121,844,000","122,540,000","110,342,000","40,530,000","112,474,000","104,921,000","115,621,000","70,696,000","106,183,000","93,633,000","89,081,000","75,821,000","73,234,000","65,065,000","62,430,000","38,729,000","79,566,000","87,241,000","74,991,000","63,995,000","80,608,000","96,968,000","87,113,000","62,416,000","90,702,000","84,923,000","75,241,000","21,569,000","66,253,000","81,996,000","76,370,000","56,302,000","60,335,000","82,091,000","82,274,000","55,243,000","74,713,000","75,390,000","46,514,000","58,862,000","74,857,000","68,894,000","63,804,000","47,048,000","54,906,000","53,387,000","32,436,000","2,643,000","42,751,000","73,221,000","65,512,000","55,100,000","74,000,000","41,100,000","73,400,000","53,400,000","74,700,000","86,100,000","96,800,000","54,300,000","87,900,000","98,800,000","99,100,000","64,800,000","83,600,000","46,400,000","104,300,000","62,900,000","99,600,000","120,000,000","111,100,000","68,800,000","93,900,000","103,500,000","94,000,000","57,000,000","80,500,000","96,800,000","89,400,000","33,700,000","79,000,000","88,100,000","80,600,000","48,600,000","67,800,000","77,800,000","75,200,000","45,900,000","65,500,000","73,800,000","66,900,000","38,900,000","55,200,000","66,900,000",,,,,,,,,,,,,,,
TaxProvision,"75,000,000","22,000,000","53,000,000","14,000,000","-14,000,000","12,734,000","19,269,000","15,699,000","26,297,000","16,151,000","27,059,000","30,612,000","23,362,000","50,800,000","4,986,000","22,769,000","29,421,000","155,347,000","31,065,000","32,245,000","22,723,000","23,463,000","23,613,000","35,317,000","36,293,000","23,648,000","36,452,000","31,604,000","28,150,000","27,454,000","34,770,000","36,068,000","36,226,000","21,479,000","34,938,000","38,423,000","36,826,000","20,571,000","105,481,000","33,944,000","29,286,000","16,136,000","30,233,000","28,733,000","31,578,000","15,119,000","29,145,000","26,481,000","25,292,000","28,373,000","20,434,000","16,982,000","15,233,000","-10,240,000","21,882,000","20,209,000","19,043,000","16,772,000","21,764,000","18,596,000","24,424,000","14,434,000","27,056,000","23,741,000","21,551,000","6,331,000","-2,319,000","25,283,000","23,827,000","15,396,000","18,030,000","25,589,000","25,916,000","17,132,000","23,642,000","23,992,000","14,497,000","19,866,000","25,258,000","23,493,000","21,857,000","17,878,000","21,351,000","20,382,000","12,164,000","1,257,000","13,824,000","24,305,000","21,736,000","18,500,000","24,800,000","13,700,000","24,600,000","18,400,000","24,500,000","30,200,000","34,200,000","19,400,000","31,200,000","35,500,000","35,900,000","23,900,000","30,500,000","16,700,000","38,100,000","23,100,000","36,300,000","44,300,000","41,100,000","25,600,000","35,000,000","38,600,000","35,100,000","21,300,000","30,900,000","35,900,000","33,200,000","12,800,000","29,300,000","32,700,000","30,000,000","18,200,000","25,400,000","29,000,000","28,200,000","17,000,000","25,200,000","27,900,000","25,300,000","14,500,000","21,000,000","25,400,000",,,,,,,,,,,,,,,
NetIncomeCommonStockholders,"268,000,000","88,000,000","194,000,000","28,000,000","-42,000,000","64,428,000","85,692,000","84,498,000","124,607,000","83,543,000","127,124,000","136,377,000","108,829,000","13,021,000","95,716,000","99,149,000","129,416,000","-40,155,000","110,261,000","109,795,000","115,764,000","79,917,000","89,777,000","116,733,000","118,603,000","79,167,000","106,447,000","105,374,000","128,258,000","90,135,000","107,415,000","110,285,000","106,707,000","61,479,000","99,046,000","102,322,000","90,697,000","68,118,000","16,363,000","88,596,000","81,056,000","24,394,000","82,241,000","76,188,000","84,043,000","55,577,000","77,038,000","67,152,000","63,789,000","47,448,000","52,800,000","48,083,000","47,197,000","48,969,000","57,684,000","67,032,000","55,948,000","47,223,000","58,844,000","78,372,000","62,689,000","47,982,000","63,646,000","61,182,000","53,690,000","15,238,000","68,572,000","56,713,000","52,543,000","40,906,000","42,305,000","56,502,000","56,358,000","38,111,000","51,071,000","51,398,000","32,017,000","38,996,000","49,599,000","45,401,000","41,947,000","29,170,000","33,555,000","33,005,000","20,272,000","1,386,000","28,927,000","48,916,000","43,776,000","36,600,000","49,200,000","27,400,000","48,800,000","35,000,000","50,200,000","55,900,000","62,600,000","34,900,000","56,700,000","63,300,000","63,200,000","40,900,000","53,100,000","29,700,000","66,200,000","39,800,000","63,300,000","75,700,000","70,000,000","43,200,000","58,900,000","64,900,000","58,900,000","35,700,000","49,600,000","60,900,000","56,200,000","14,800,000","49,700,000","55,400,000","50,600,000","30,400,000","42,400,000","48,800,000","47,000,000","28,900,000","40,300,000","45,900,000","41,600,000","24,400,000","34,200,000","41,500,000",,,,,,,,,,,,,,,
	NetIncome,"268,000,000","88,000,000","194,000,000","28,000,000","-42,000,000","64,428,000","85,692,000","84,498,000","124,607,000","83,543,000","127,124,000","136,377,000","108,829,000","13,021,000","95,716,000","99,149,000","129,416,000","-40,155,000","110,261,000","109,795,000","115,764,000","79,917,000","89,777,000","116,733,000","118,603,000","79,167,000","106,447,000","105,374,000","128,258,000","90,135,000","107,415,000","110,285,000","106,707,000","61,479,000","99,046,000","102,322,000","90,697,000","68,118,000","16,363,000","88,596,000","81,056,000","24,394,000","82,241,000","76,188,000","84,043,000","55,577,000","77,038,000","67,152,000","63,789,000","47,448,000","52,800,000","48,083,000","47,197,000","48,969,000","57,684,000","67,032,000","55,948,000","47,223,000","58,844,000","78,372,000","62,689,000","47,982,000","63,646,000","61,182,000","53,690,000","15,238,000","68,572,000","56,713,000","52,543,000","40,906,000","42,305,000","56,502,000","56,358,000","38,111,000","51,071,000","51,398,000","32,017,000","38,996,000","49,599,000","45,401,000","41,947,000","29,170,000","33,555,000","33,005,000","20,272,000","1,386,000","28,927,000","48,916,000","43,776,000","36,600,000","49,200,000","27,400,000","48,800,000","35,000,000","50,200,000","55,900,000","62,600,000","34,900,000","56,700,000","63,300,000","63,200,000","40,900,000","53,100,000","29,700,000","66,200,000","39,800,000","63,300,000","75,700,000","70,000,000","43,200,000","58,900,000","64,900,000","58,900,000","35,700,000","49,600,000","60,900,000","56,200,000","14,800,000","49,700,000","55,400,000","50,600,000","30,400,000","42,400,000","48,800,000","47,000,000","28,900,000","40,300,000","45,900,000","41,600,000","24,400,000","34,200,000","41,500,000",,,,,,,,,,,,,,,
		NetIncomeIncludingNoncontrollingInterests,"279,000,000","92,000,000","197,000,000","30,000,000","-40,000,000","66,564,000","86,231,000","87,366,000","127,211,000","80,378,000","129,807,000","138,869,000","111,214,000","15,500,000","95,716,000","99,149,000","129,416,000","-40,155,000","110,261,000","109,795,000","115,764,000","79,917,000","89,777,000","116,733,000","118,603,000","79,167,000","106,447,000","105,374,000","128,258,000","90,135,000","107,415,000","110,285,000","106,707,000","61,479,000","99,046,000","102,322,000","90,697,000","68,118,000","16,363,000","88,596,000","81,056,000","24,394,000","82,241,000","76,188,000","84,043,000","55,577,000","77,038,000","67,152,000","63,789,000","47,448,000","52,800,000","48,083,000","47,197,000","48,969,000","57,684,000","67,032,000","55,948,000","47,223,000","58,844,000","78,372,000","62,689,000","47,982,000","63,646,000","61,182,000","53,690,000","15,238,000","68,572,000","56,713,000","52,543,000","40,906,000","42,305,000","56,502,000","56,358,000","38,111,000","51,071,000","51,398,000","32,017,000","38,996,000","49,599,000","45,401,000","41,947,000","29,170,000","33,555,000","33,005,000","20,272,000","1,386,000","28,927,000","48,916,000","43,776,000","36,600,000","49,200,000","27,400,000","48,800,000","35,000,000","50,200,000","55,900,000","62,600,000","34,900,000","56,700,000","63,300,000","63,200,000","40,900,000","53,100,000","29,700,000","66,200,000","39,800,000","63,300,000","75,700,000","70,000,000","43,200,000","58,900,000","64,900,000","58,900,000","35,700,000","49,600,000","60,900,000","56,200,000","14,800,000","49,700,000","55,400,000","50,600,000","30,400,000","42,400,000","48,800,000","47,000,000","28,900,000","40,300,000","45,900,000","41,600,000","24,400,000","34,200,000","41,500,000","38,500,000","23,300,000","30,700,000","38,800,000","35,900,000","21,300,000","27,100,000","31,000,000","27,600,000","17,000,000","22,500,000","24,100,000","22,100,000","14,600,000","18,200,000"
			NetIncomeContinuousOperations,"279,000,000","92,000,000","197,000,000","30,000,000","-40,000,000","66,564,000","86,231,000","87,366,000","127,211,000","80,378,000","129,807,000","138,869,000","111,214,000","15,500,000","95,716,000","99,149,000","129,416,000","-40,155,000","110,261,000","109,795,000","115,764,000","79,917,000","89,777,000","116,733,000","118,603,000","79,167,000","106,447,000","105,374,000","128,258,000","90,135,000","107,415,000","110,285,000","106,707,000","61,479,000","99,046,000","102,322,000","90,697,000","68,118,000","16,363,000","88,596,000","81,056,000","24,394,000","82,241,000","76,188,000","84,043,000","55,577,000","77,038,000","67,152,000","63,789,000","47,448,000","52,800,000","48,083,000","47,197,000","48,969,000","57,684,000","67,032,000","55,948,000","47,223,000","58,844,000","78,372,000","62,689,000","47,982,000","63,646,000","61,182,000","53,690,000","15,238,000","68,572,000","56,713,000","52,543,000","40,906,000","42,305,000","56,502,000","56,358,000","38,111,000","51,071,000","51,398,000","32,017,000","38,996,000","49,599,000","45,401,000","41,947,000","29,170,000","33,555,000","33,005,000","20,272,000","1,386,000","28,927,000","48,916,000","43,776,000","36,600,000","49,200,000","27,400,000","48,800,000","35,000,000","50,200,000","55,900,000","62,600,000","34,900,000","56,700,000","63,300,000","63,200,000","40,900,000","53,100,000","29,700,000","66,200,000","39,800,000","63,300,000","75,700,000","70,000,000","43,200,000","58,900,000","64,900,000","58,900,000","35,700,000","49,600,000","60,900,000","56,200,000","20,900,000","49,700,000","55,400,000","50,600,000","30,400,000","42,400,000","48,800,000","47,000,000","28,900,000","40,300,000","45,900,000","41,600,000","24,400,000","34,200,000","41,500,000","38,500,000","23,300,000","30,700,000","38,800,000","35,900,000","21,300,000","27,100,000","31,000,000","27,600,000","17,000,000","22,500,000","24,100,000","22,100,000","14,600,000","18,200,000"
		MinorityInterests,"-11,000,000","-4,000,000","-3,000,000","-2,000,000","-2,000,000","-2,136,000","-539,000","-2,868,000","-2,604,000","3,165,000","-2,683,000","-2,492,000","-2,385,000","-2,479,000",,,,,,,,,,,,,,,,,,,,,,,,,,,,,,,,,,,,,,,,,,,,,,,,,,,,,,,,,,,,,,,,,,,,,,,,,,,,,,,,,,,,,,,,,,,,,,,,,,,,,,,,,,,,,,,,,,,,,,,,,,,,,,,,,,,,,
DilutedNIAvailtoComStockholders,"268,000,000","88,000,000","194,000,000","28,000,000","-42,000,000","64,428,000","85,692,000","84,498,000","124,607,000","83,543,000","127,124,000","136,377,000","108,829,000","13,021,000","95,716,000","99,149,000","129,416,000","-40,155,000","110,261,000","109,795,000","115,764,000","79,917,000","89,777,000","116,733,000","118,603,000","79,167,000","106,447,000","105,374,000","128,258,000","90,135,000","107,415,000","110,285,000","106,707,000","61,479,000","99,046,000","102,322,000","90,697,000","68,118,000","16,363,000","88,596,000","81,056,000","24,394,000","82,241,000","76,188,000","84,043,000","55,577,000","77,038,000","67,152,000","63,789,000","47,448,000","52,800,000","48,083,000","47,197,000","48,969,000","57,684,000","67,032,000","55,948,000","47,223,000","58,844,000","78,372,000","62,689,000","47,982,000","63,646,000","61,182,000","53,690,000","15,238,000","68,572,000","56,713,000","52,543,000","40,906,000","42,305,000","56,502,000","56,358,000","38,111,000","51,071,000","51,398,000","32,017,000","38,996,000","49,599,000","45,401,000","41,947,000","29,170,000","33,555,000","33,005,000","20,272,000","1,386,000","28,927,000","48,916,000","43,776,000","36,600,000","49,200,000","27,400,000","48,800,000","35,000,000","50,200,000","55,900,000","62,600,000","34,900,000","56,700,000","63,300,000","63,200,000","40,900,000","53,100,000","29,700,000","66,200,000","39,800,000","63,300,000","75,700,000","70,000,000","43,200,000","58,900,000","64,900,000","58,900,000","35,700,000","49,600,000","60,900,000","56,200,000","14,800,000","49,700,000","55,400,000","50,600,000","30,400,000","42,400,000","48,800,000","47,000,000","28,900,000","40,300,000","45,900,000","41,600,000","24,400,000","34,200,000","41,500,000",,,,,,,,,,,,,,,
BasicEPS,,"0.35","0.76","0.11","-0.21","0.57","0.76","0.75","1.16","0.71","1.15","1.21","0.97","0.09","1.18","1.25","1.63","-0.51","1.39","1.39","1.46","1","1.13","1.46","1.48","0.89","1.32","1.3","1.58","1.11","1.32","1.35","1.31","0.75","1.21","1.25","1.11","0.83","0.2","1.09","1",,"1.01","0.94","1.04",,"0.96","0.84","0.8",,"0.67","0.61","0.6",,"0.74","0.84","0.7",,"0.68","0.88","0.7",,"0.71","0.67","0.59",,"0.73","0.6","0.56",,"0.45","0.6","0.6",,"0.55","0.55","0.34",,"0.52","0.48","0.44",,"0.35","0.34","0.21",,"0.29","0.48","0.42",,"0.46","0.26","0.46",,"0.47","0.52","0.58",,"0.52","0.58","0.58",,"0.48","0.26","0.6",,"0.57","0.68","0.63",,"0.53","0.58","0.53",,"0.43","0.53","0.49",,"0.43","0.48","0.44",,"0.37","0.43","0.41",,"0.35","0.4","0.36",,"0.3","0.37","0.34",,"0.27","0.34","0.32",,"0.24","0.27","0.24",,"0.2","0.22","0.2",,"0.17"
DilutedEPS,,"0.35","0.76","0.11","-0.21","0.57","0.75","0.74","1.15","0.7","1.13","1.2","0.96","0.09","1.17","1.25","1.63","-0.51","1.39","1.38","1.45","1","1.12","1.46","1.47","0.89","1.31","1.29","1.57","1.1","1.31","1.35","1.3","0.75","1.2","1.24","1.1","0.83","0.2","1.08","0.99",,"1","0.93","1.03",,"0.95","0.83","0.8",,"0.66","0.6","0.6",,"0.73","0.83","0.69",,"0.67","0.87","0.69",,"0.7","0.67","0.58",,"0.72","0.6","0.55",,"0.44","0.59","0.59",,"0.54","0.54","0.34",,"0.52","0.47","0.44",,"0.35","0.34","0.21",,"0.29","0.48","0.42",,"0.46","0.26","0.46",,"0.47","0.52","0.58",,"0.52","0.57","0.58",,"0.48","0.26","0.59",,"0.57","0.68","0.63",,"0.53","0.58","0.53",,"0.43","0.53","0.49",,"0.43","0.48","0.44",,"0.37","0.43","0.41",,"0.35","0.4","0.36",,"0.3","0.37","0.34",,"0.27","0.34","0.32",,"0.24","0.27","0.24",,"0.2","0.22","0.2",,"0.17"
BasicAverageShares,,"255,000,000","254,000,000","254,000,000","206,000,000","112,204,000","112,183,000","112,177,000","112,082,000","112,003,000","111,998,000","111,996,000","111,864,000","110,871,000","81,263,000","79,065,000","79,018,000","79,056,000","79,063,000","79,072,000","79,098,000","79,399,000","79,580,000","79,764,000","79,666,000","79,978,000","80,330,000","80,790,000","80,654,000","80,810,000","80,942,000","80,949,000","81,053,000","81,242,000","81,437,000","81,309,000","81,291,000","81,318,000","81,246,000","81,095,000","80,777,000",,"80,644,000","80,451,000","80,049,000",,"79,357,000","79,188,000","78,767,000",,"78,491,000","78,352,000","78,195,000",,"78,077,000","79,627,000","80,296,000",,"87,063,000","89,174,000","89,378,000",,"90,053,000","90,869,000","91,535,000",,"93,380,000","93,876,000","94,325,000",,"94,172,000","94,136,000","94,033,000",,"93,265,000","93,782,000","94,158,000",,"94,628,000","94,572,000","94,534,000",,"95,467,000","95,756,000","96,984,000",,"99,833,000","102,359,000","104,264,000",,"106,956,522","105,384,615","106,086,957",,"106,808,511","107,500,000","107,931,034",,"109,038,462","109,137,931","108,965,517",,"110,625,000","114,230,769","110,333,333",,"111,052,632","111,323,529","111,111,111",,"111,132,075","111,896,552","111,132,075",,"115,348,837","114,905,660","114,693,878",,"115,581,395","115,416,667","115,000,000",,"114,594,595","113,488,372","114,634,146",,"115,142,857","114,750,000","115,555,556",,"114,000,000","112,162,162","113,838,000",,"113,694,000","113,646,000","113,441,000",,"113,441,000","112,871,000","111,234,000",,"112,456,000","111,267,000","110,811,000",,"110,447,000"
DilutedAverageShares,,"255,000,000","255,000,000","255,000,000","206,000,000","113,630,000","113,622,000","113,675,000","113,594,000","113,472,000","113,493,000","112,872,000","113,389,000","112,155,000","81,647,000","79,303,000","79,393,000","79,056,000","79,362,000","79,305,000","79,409,000","79,713,000","79,935,000","80,040,000","80,055,000","80,400,000","80,737,000","81,192,000","81,195,000","81,312,000","81,508,000","81,430,000","81,732,000","81,843,000","82,043,000","82,041,000","82,024,000","81,998,000","81,898,000","81,782,000","81,667,000",,"81,628,000","81,489,000","81,150,000",,"80,266,000","80,111,000","79,692,000",,"79,159,000","79,050,000","78,747,000",,"79,059,000","80,578,000","81,253,000",,"88,056,000","90,124,000","90,658,000",,"90,988,000","91,787,000","92,207,000",,"94,622,000","95,255,000","96,025,000",,"95,498,000","95,330,000","95,126,000",,"93,793,000","94,874,000","95,281,000",,"95,665,000","96,029,000","96,182,000",,"96,746,000","96,735,000","97,586,000",,"99,833,000","102,387,000","104,285,000",,"106,956,522","105,384,615","106,086,957",,"106,808,511","107,500,000","107,931,034",,"109,038,462","111,052,632","108,965,517",,"110,625,000","114,230,769","112,203,390",,"111,052,632","111,323,529","111,111,111",,"111,132,075","111,896,552","111,132,075",,"115,348,837","114,905,660","114,693,878",,"115,581,395","115,416,667","115,000,000",,"114,594,595","113,488,372","114,634,146",,"115,142,857","114,750,000","115,555,556",,"114,000,000","112,162,162","113,838,000",,"113,694,000","113,646,000","113,441,000",,"113,441,000","112,871,000","111,234,000",,"112,456,000","111,267,000","110,811,000",,"110,447,000"
TotalOperatingIncomeAsReported,"585,000,000","173,000,000","298,000,000","110,000,000","4,000,000","100,603,000","150,289,000","119,370,000","196,222,000","116,799,000","184,664,000","199,937,000","163,870,000","95,249,000","159,268,000","154,509,000","174,856,000","127,198,000","157,667,000","159,142,000","137,437,000","111,322,000","124,339,000","164,475,000","167,220,000","121,019,000","156,713,000","148,821,000","161,793,000",,,,,,,,,,"134,175,000",,,,,,,,,,,,,,,,"100,608,000","101,669,000","95,517,000","70,835,000","96,386,000","102,545,000","95,260,000","66,609,000","90,394,000","90,937,000","81,053,000","28,021,000","71,965,000","85,500,000","81,390,000","63,913,000","66,700,000","89,510,000","90,156,000","62,104,000","80,799,000","92,433,000","77,542,000","66,972,000","85,738,000","86,623,000","72,266,000","59,482,000","78,456,000","80,807,000","66,916,000","49,401,000","57,245,000","76,498,000","76,674,000","55,500,000","78,400,000","75,800,000","71,800,000","54,000,000","73,600,000","85,100,000","93,900,000","53,200,000","86,200,000","96,900,000","95,600,000","63,800,000","82,000,000","94,100,000","100,500,000","60,800,000","98,000,000","118,100,000","107,100,000","65,400,000","92,000,000","101,600,000","89,700,000","54,000,000","77,000,000","91,900,000","83,000,000","29,400,000","75,600,000","83,600,000","74,900,000","44,800,000","65,500,000","73,900,000","70,100,000","41,800,000","62,800,000","71,100,000","63,500,000","35,600,000","52,500,000","65,500,000",,,,,,,,,,,,,,,
TotalExpenses,"11,031,000,000","2,851,000,000","2,768,000,000","2,955,000,000","2,457,000,000","1,158,258,000","1,115,875,000","1,077,120,000","1,145,423,000","1,158,389,000","1,078,593,000","1,088,154,000","1,117,546,000","1,122,291,000","748,983,000","763,057,000","755,424,000","721,963,000","712,055,000","682,996,000","680,734,000","663,774,000","652,662,000","629,003,000","616,092,000","586,866,000","608,379,000","619,078,000","612,927,000","625,134,000","620,615,000","635,117,000","614,049,000","630,314,000","600,727,000","613,134,000","590,230,000","581,329,000","574,780,000","589,009,000","588,041,000","586,792,000","585,820,000","593,619,000","580,886,000","545,512,000","550,404,000","556,166,000","544,342,000","490,090,000","515,421,000","483,476,000","478,581,000","472,911,000","516,930,000","534,712,000","494,866,000","482,663,000","486,927,000","471,181,000","470,841,000","445,702,000","448,425,000","439,872,000","429,718,000","410,305,000","421,153,000","430,078,000","441,662,000","400,155,000","419,579,000","426,951,000","444,859,000","398,294,000","396,171,000","390,178,000","388,682,000","357,320,000","377,039,000","389,713,000","373,578,000","359,688,000","384,263,000","397,409,000","416,745,000","335,132,000","282,346,000","292,261,000","293,238,000","280,500,000","286,300,000","295,300,000","296,000,000","264,800,000","276,200,000","280,200,000","279,500,000","253,100,000","270,000,000","284,600,000","287,200,000","260,300,000","272,900,000","280,300,000","282,300,000","250,700,000","262,100,000","276,200,000","266,500,000","239,400,000","249,700,000","243,600,000","233,800,000","205,500,000","221,700,000","229,400,000","226,100,000","224,900,000","216,800,000","212,000,000","209,200,000","180,900,000","190,000,000","192,200,000","199,700,000","177,500,000","185,300,000","182,800,000","178,000,000","153,000,000","164,400,000","171,300,000",,,,,,,,,,,,,,,
NetIncomeFromContinuingAndDiscontinuedOperation,"268,000,000","88,000,000","194,000,000","28,000,000","-42,000,000","64,428,000","85,692,000","84,498,000","124,607,000","83,543,000","127,124,000","136,377,000","108,829,000","13,021,000","95,716,000","99,149,000","129,416,000","-40,155,000","110,261,000","109,795,000","115,764,000","79,917,000","89,777,000","116,733,000","118,603,000","79,167,000","106,447,000","105,374,000","128,258,000","90,135,000","107,415,000","110,285,000","106,707,000","61,479,000","99,046,000","102,322,000","90,697,000","68,118,000","16,363,000","88,596,000","81,056,000","24,394,000","82,241,000","76,188,000","84,043,000","55,577,000","77,038,000","67,152,000","63,789,000","47,448,000","52,800,000","48,083,000","47,197,000","48,969,000","57,684,000","67,032,000","55,948,000","47,223,000","58,844,000","78,372,000","62,689,000","47,982,000","63,646,000","61,182,000","53,690,000","15,238,000","68,572,000","56,713,000","52,543,000","40,906,000","42,305,000","56,502,000","56,358,000","38,111,000","51,071,000","51,398,000","32,017,000","38,996,000","49,599,000","45,401,000","41,947,000","29,170,000","33,555,000","33,005,000","20,272,000","1,386,000","28,927,000","48,916,000","43,776,000","36,600,000","49,200,000","27,400,000","48,800,000","35,000,000","50,200,000","55,900,000","62,600,000","34,900,000","56,700,000","63,300,000","63,200,000","40,900,000","53,100,000","29,700,000","66,200,000","39,800,000","63,300,000","75,700,000","70,000,000","43,200,000","58,900,000","64,900,000","58,900,000","35,700,000","49,600,000","60,900,000","56,200,000","20,900,000","49,700,000","55,400,000","50,600,000","30,400,000","42,400,000","48,800,000","47,000,000","28,900,000","40,300,000","45,900,000","41,600,000","24,400,000","34,200,000","41,500,000",,,,,,,,,,,,,,,
NormalizedIncome,"299,520,000","93,649,122.807","197,940,000","44,368,000","-39,036,000","73,839,530.783","87,254,104","86,433,984","129,309,088","90,688,247.729","130,508,864","139,224,663","122,033,436","14,121,110","131,917,650","101,140,850","129,944,120","-36,876,600","112,771,040","110,353,879","124,225,992","79,917,000","89,777,000","116,733,000","118,603,000","85,145,238.467","106,447,000","105,098,698","128,411,340","90,430,878.951","107,874,040","110,422,228","106,798,134","61,513,089.949","99,046,000","103,852,335","90,697,000","67,094,183.134","17,938,600","87,985,065","82,101,170","28,240,584.111","86,043,971.718","79,847,777.547","88,465,359.364","57,135,916.926","80,268,019.645","69,984,873.026","69,338,609.344","50,724,009.021","60,352,950.815","52,275,343.948","46,318,529.489","54,335,400","59,862,574.014","63,672,754.874","62,311,170.14","40,294,697.054","64,086,874.256","76,093,612.614","62,568,822.036","47,058,737.023","59,108,077.11","60,756,939.887","54,474,931.088","32,206,868.376","68,059,600","54,943,744.744","52,160,468.797","45,544,997.016","56,520,489.683","62,711,018.553","57,334,130.369","46,656,534.403","53,442,961.64","57,592,485.051","47,790,091.005","38,825,075.329","50,880,436.152","50,959,647.125","40,655,139.693","28,233,172.292","37,836,003.442","39,054,917.208","27,884,312.246","20,041,200","35,895,706.533","49,051,616.121","49,806,626.45","35,736,479.129","51,261,081.081","49,666,666.667","47,071,389.646","34,934,456.929","49,259,170.013","54,861,207.898","60,465,909.091","33,935,911.602","55,216,382.253","61,698,279.352","60,585,267.407","39,763,888.889","51,512,081.34","59,784,051.724","63,407,286.673","38,091,573.927","61,647,590.361","73,807,500","67,164,716.472","40,625,581.395","56,830,031.949","60,259,806.763","52,320,744.681","30,752,105.263","44,054,658.385","55,426,549.587","50,227,964.206","15,504,451.039","45,862,405.063","50,620,885.358","45,577,667.494","26,459,259.259","39,398,230.088","44,660,154.242","42,562,500","23,988,888.889","36,608,396.947","41,795,121.951","32,645,739.91","19,444,730.077","31,721,739.13","40,011,210.762",,,,,,,,,,,,,,,
InterestExpense,"289,000,000","73,000,000","74,000,000","77,000,000","65,000,000","32,756,000","34,844,000","32,062,000","32,140,000","35,559,000","33,497,000","32,593,000","36,572,000","38,803,000","23,914,000","53,246,000","16,595,000","15,779,000","19,221,000","17,556,000","12,807,000","12,340,000","13,111,000","15,060,000","12,478,000","11,705,000","11,855,000","11,407,000","11,095,000","12,019,000","10,968,000","11,403,000","11,677,000","11,130,000","11,625,000","12,860,000","11,152,000","10,423,000","9,907,000","10,613,000","10,811,000","10,670,000","10,280,000","12,009,000","11,680,000","11,678,000","12,244,000","12,051,000","12,736,000","14,487,000","13,503,000","14,047,000","19,781,000",,,,,,,,,,,,,,,,,,,,,,,,,,,,,,,,,,,,,,,,,,,,,,,,,,,,,,,,,,,,,,,,,,,,,,,,,,,,,,,,,,,,,,,,,,,,,,
NetInterestIncome,"-289,000,000","-73,000,000","-74,000,000","-77,000,000","-65,000,000","-32,756,000","-34,844,000","-32,062,000","-32,140,000","-35,559,000","-33,497,000","-32,593,000","-36,572,000","-38,803,000","-23,914,000","-53,246,000","-16,595,000","-15,779,000","-19,221,000","-17,556,000","-12,807,000","-12,340,000","-13,111,000","-15,060,000","-12,478,000","-11,705,000","-11,855,000","-11,407,000","-11,095,000","-12,019,000","-10,968,000","-11,403,000","-11,677,000","-11,130,000","-11,625,000","-12,860,000","-11,152,000","-10,423,000","-9,907,000","-10,613,000","-10,811,000","-10,670,000","-10,280,000","-12,009,000","-11,680,000","-11,678,000","-12,244,000","-12,051,000","-12,736,000","-14,487,000","-13,503,000","-14,047,000","-19,781,000",,,,,,,,,,,,,,,,,,,,,,,,,,,,,,,,,,,,,,,,,,,,,,,,,,,,,,,,,,,,,,,,,,,,,,,,,,,,,,,,,,,,,,,,,,,,,,
EBIT,"643,000,000","187,000,000","324,000,000","121,000,000","11,000,000","112,054,000","140,344,000","135,127,000","185,648,000","132,088,000","190,363,000","202,074,000","171,148,000","105,103,000","124,616,000","175,164,000","175,432,000","130,971,000","160,547,000","159,596,000","151,294,000","115,720,000","126,501,000","167,110,000","167,374,000","114,520,000","154,754,000","148,385,000","167,503,000","129,608,000","153,153,000","157,756,000","154,610,000","94,088,000","145,609,000","153,605,000","138,675,000","99,112,000","131,751,000","133,153,000","121,153,000","51,200,000","122,754,000","116,930,000","127,301,000","82,374,000","118,427,000","105,684,000","101,817,000","90,308,000","86,737,000","79,112,000","82,211,000","50,777,000","100,608,000","101,414,000","101,739,000","70,835,000","96,386,000","102,545,000","95,260,000","68,616,000","90,710,000","90,633,000","81,714,000","51,340,000","71,965,000","85,500,000","81,390,000","68,077,000","86,650,000","97,226,000","90,156,000","73,505,000","84,715,000","92,433,000","77,542,000","66,972,000","85,738,000","86,623,000","72,266,000","59,482,000","78,456,000","80,807,000","66,916,000","49,401,000","57,245,000","76,498,000","76,674,000","55,500,000","78,400,000","75,800,000","71,800,000","54,000,000","73,600,000","85,100,000","93,900,000","53,200,000","86,200,000","96,900,000","95,600,000","63,800,000","82,000,000","94,100,000","100,500,000","60,800,000","98,000,000","118,100,000","107,100,000","65,400,000","92,000,000","101,600,000","89,700,000","54,000,000","77,000,000","91,900,000","83,000,000","29,400,000","75,600,000","83,600,000","74,900,000","44,800,000","65,500,000","73,900,000","70,100,000","41,800,000","62,800,000","71,100,000","63,500,000","35,600,000","52,500,000","65,500,000","227,200,000","-447,400,000","200,100,000","234,200,000","224,000,000","-387,700,000","187,700,000","199,900,000","179,000,000","-335,100,000","164,900,000","162,100,000","148,000,000","-263,900,000","127,600,000"
EBITDA,"1,799,000,000"
ReconciledCostOfRevenue,"7,497,000,000","1,940,000,000","1,879,000,000","2,057,000,000","1,621,000,000","722,244,000","708,055,000","686,116,000","749,205,000","742,839,000","702,072,000","720,199,000","731,993,000","711,841,000","484,859,000","499,299,000","500,920,000","474,781,000","470,009,000","447,763,000","443,891,000","415,351,000","410,835,000","409,921,000","402,467,000","402,493,000","417,966,000","422,501,000","428,630,000","428,102,000","433,702,000","435,767,000","428,812,000","411,714,000","416,852,000","423,649,000","416,476,000","393,490,000","407,431,000","419,774,000","425,217,000","399,985,000","435,400,000","431,166,000","416,811,000","377,523,000","388,235,000","380,799,000","365,208,000","330,861,000","345,391,000","322,071,000","320,337,000","310,033,000","354,849,000","350,849,000","333,167,000","310,448,000","322,192,000","310,075,000","311,799,000","284,289,000","291,554,000","284,259,000","276,267,000","256,204,000","267,363,000","279,292,000","289,276,000","249,786,000","270,455,000","276,327,000","287,501,000","249,445,000","259,942,000","256,778,000","252,202,000","224,375,000","243,240,000","253,846,000","242,548,000","222,690,000","249,269,000","247,989,000","266,081,000","219,189,000","172,437,000","199,292,000","186,585,000","164,100,000","185,100,000","192,400,000","193,800,000","164,100,000","180,900,000","183,300,000","186,200,000","157,100,000","179,300,000","191,600,000","195,000,000","166,100,000","182,200,000","190,400,000","192,400,000","162,000,000","176,000,000","187,200,000","181,100,000","152,300,000","167,700,000","164,500,000","156,900,000","129,000,000","146,200,000","153,100,000","150,300,000","126,900,000","142,900,000","140,400,000","137,900,000","112,200,000","125,700,000","128,200,000","132,400,000","110,300,000","122,700,000","122,500,000","119,200,000","95,400,000","110,800,000","115,700,000",,,,,,,,,,,,,,,
ReconciledDepreciation,"1,156,000,000","295,000,000","297,000,000","322,000,000","242,000,000","81,784,000","83,332,000","79,649,000","80,595,000","87,901,000","80,615,000","73,039,000","81,775,000","77,798,000","31,026,000","31,584,000","33,384,000","32,521,000","29,641,000","29,003,000","26,802,000","27,360,000","25,366,000","23,046,000","26,697,000","24,498,000","24,058,000","21,056,000","19,985,000","20,676,000","19,547,000","26,301,000","22,830,000","22,143,000","21,277,000","20,402,000","19,405,000","20,335,000","19,238,000","18,055,000","19,039,000","19,082,000","18,889,000","19,394,000","17,962,000","19,105,000","19,916,000","20,189,000","20,032,000","20,451,000","19,811,000","19,632,000","18,631,000","15,970,000","17,487,000","23,035,000","19,494,000","19,963,000","20,538,000","21,148,000","21,139,000","22,823,000","22,308,000","22,341,000","22,261,000","22,382,000","23,117,000","23,540,000","22,889,000","22,608,000","22,306,000","23,098,000","22,984,000","22,296,000","21,407,000","21,615,000","21,403,000","21,067,000","20,993,000","21,924,000","20,474,000","30,310,000","30,853,000","32,917,000","29,413,000","24,612,000","15,038,000","15,194,000","14,500,000","16,600,000","14,300,000","12,800,000","12,700,000","12,700,000","12,300,000","12,000,000","12,000,000","12,800,000","12,700,000","12,500,000","12,300,000","13,100,000","11,600,000","11,400,000","11,700,000","9,600,000","10,700,000","10,700,000","9,700,000","9,700,000","8,900,000","9,100,000","8,700,000","8,900,000","8,600,000","8,800,000","8,800,000","8,600,000","8,700,000","8,500,000","8,200,000","7,600,000","7,200,000","7,100,000","7,500,000","7,700,000","7,200,000","6,800,000","6,500,000","6,400,000","6,100,000","5,900,000",,,,,,,,,,,,,,,
NetIncomeFromContinuingOperationNetMinorityInterest,"268,000,000","88,000,000","194,000,000","28,000,000","-42,000,000","64,428,000","85,692,000","84,498,000","124,607,000","83,543,000","127,124,000","136,377,000","108,829,000","13,021,000","95,716,000","99,149,000","129,416,000","-40,155,000","110,261,000","109,795,000","115,764,000","79,917,000","89,777,000","116,733,000","118,603,000","79,167,000","106,447,000","105,374,000","128,258,000","90,135,000","107,415,000","110,285,000","106,707,000","61,479,000","99,046,000","102,322,000","90,697,000","68,118,000","16,363,000","88,596,000","81,056,000","24,394,000","82,241,000","76,188,000","84,043,000","55,577,000","77,038,000","67,152,000","63,789,000","47,448,000","52,800,000","48,083,000","47,197,000","48,969,000","57,684,000","67,032,000","55,948,000","47,223,000","58,844,000","78,372,000","62,689,000","47,982,000","63,646,000","61,182,000","53,690,000","15,238,000","68,572,000","56,713,000","52,543,000","40,906,000","42,305,000","56,502,000","56,358,000","38,111,000","51,071,000","51,398,000","32,017,000","38,996,000","49,599,000","45,401,000","41,947,000","29,170,000","33,555,000","33,005,000","20,272,000","1,386,000","28,927,000","48,916,000","43,776,000","36,600,000","49,200,000","27,400,000","48,800,000","35,000,000","50,200,000","55,900,000","62,600,000","34,900,000","56,700,000","63,300,000","63,200,000","40,900,000","53,100,000","29,700,000","66,200,000","39,800,000","63,300,000","75,700,000","70,000,000","43,200,000","58,900,000","64,900,000","58,900,000","35,700,000","49,600,000","60,900,000","56,200,000","20,900,000","49,700,000","55,400,000","50,600,000","30,400,000","42,400,000","48,800,000","47,000,000","28,900,000","40,300,000","45,900,000","41,600,000","24,400,000","34,200,000","41,500,000",,,,,,,,,,,,,,,
TotalUnusualItemsExcludingGoodwill,"-40,000,000","-7,000,000","-5,000,000","-24,000,000","-4,000,000","-11,212,000","-1,912,000","-2,283,000","-5,672,000","-8,581,000","-4,088,000","-3,477,000","-15,986,000","-1,507,000","-38,107,000","-2,450,000","-648,000","-5,464,000","-3,218,000","-723,000","-10,122,000","9,539,000",,"0","0","-7,764,000","0","358,000","-187,000","-386,000","-608,000","-182,000","-122,000","-46,000","0","-2,105,000","0","1,333,000","-2,424,000","845,000","-1,422,000","-6,391,000","-5,201,000","-5,040,000","-6,084,000","-1,983,000","-4,452,000","-3,950,000","-7,750,000","-5,235,000","-10,476,000","-5,673,000","1,162,000","-8,256,000","-3,005,000","4,372,000","-8,529,000","9,389,000","-7,182,000","2,819,000","167,000","1,201,000","6,467,000","590,000","-1,100,000","-24,019,000","854,000","2,558,000","556,000","-6,385,000","-20,274,000","-9,021,000","-1,425,000","-12,387,000","-3,470,000","-9,086,000","-22,915,000","258,000","-1,934,000","-8,435,000","1,965,000","1,511,000","-7,005,000","-9,786,000","-12,180,000","-31,092,000","-10,299,000","-203,000","-9,025,000","1,300,000","-3,100,000","-33,400,000","2,600,000","100,000","1,400,000","1,600,000","3,300,000","1,500,000","2,300,000","2,500,000","4,100,000","1,800,000","2,500,000","-47,000,000","4,400,000","2,700,000","2,600,000","3,000,000","4,500,000","4,100,000","3,300,000","7,400,000","10,500,000","7,900,000","9,000,000","8,700,000","9,500,000","8,700,000","6,100,000","7,600,000","8,000,000","6,300,000","4,800,000","6,600,000","7,100,000","7,800,000","6,000,000","6,600,000","14,400,000","7,900,000","4,000,000","2,400,000",,,,,,,,,,,,,,,
TotalUnusualItems,"-40,000,000","-7,000,000","-5,000,000","-24,000,000","-4,000,000","-11,212,000","-1,912,000","-2,283,000","-5,672,000","-8,581,000","-4,088,000","-3,477,000","-15,986,000","-1,507,000","-38,107,000","-2,450,000","-648,000","-5,464,000","-3,218,000","-723,000","-10,122,000","9,539,000",,"0","0","-7,764,000","0","358,000","-187,000","-386,000","-608,000","-182,000","-122,000","-46,000","0","-2,105,000","0","1,333,000","-2,424,000","845,000","-1,422,000","-6,391,000","-5,201,000","-5,040,000","-6,084,000","-1,983,000","-4,452,000","-3,950,000","-7,750,000","-5,235,000","-10,476,000","-5,673,000","1,162,000","-8,256,000","-3,005,000","4,372,000","-8,529,000","9,389,000","-7,182,000","2,819,000","167,000","1,201,000","6,467,000","590,000","-1,100,000","-24,019,000","854,000","2,558,000","556,000","-6,385,000","-20,274,000","-9,021,000","-1,425,000","-12,387,000","-3,470,000","-9,086,000","-22,915,000","258,000","-1,934,000","-8,435,000","1,965,000","1,511,000","-7,005,000","-9,786,000","-12,180,000","-31,092,000","-10,299,000","-203,000","-9,025,000","1,300,000","-3,100,000","-33,400,000","2,600,000","100,000","1,400,000","1,600,000","3,300,000","1,500,000","2,300,000","2,500,000","4,100,000","1,800,000","2,500,000","-47,000,000","4,400,000","2,700,000","2,600,000","3,000,000","4,500,000","4,100,000","3,300,000","7,400,000","10,500,000","7,900,000","9,000,000","8,700,000","9,500,000","8,700,000","6,100,000","7,600,000","8,000,000","6,300,000","4,800,000","6,600,000","7,100,000","7,800,000","6,000,000","6,600,000","14,400,000","7,900,000","4,000,000","2,400,000",,,,,,,,,,,,,,,
NormalizedEBITDA,"1,839,000,000","489,000,000","626,000,000","467,000,000","257,000,000","205,050,000","225,588,000","217,059,000","271,915,000","228,570,000","275,066,000","278,590,000","268,909,000","184,408,000","193,749,000","209,198,000","209,464,000","168,956,000","193,406,000","189,322,000","188,218,000","143,080,000","151,867,000","190,156,000","194,071,000","146,782,000","178,812,000","169,083,000","187,675,000","150,670,000","173,308,000","184,239,000","177,562,000","116,277,000","166,886,000","176,112,000","158,080,000","118,114,000","153,413,000","150,363,000","141,614,000","76,673,000","146,844,000","141,364,000","151,347,000","103,462,000","142,795,000","129,823,000","129,599,000","115,994,000","117,024,000","104,417,000","99,680,000","75,003,000","121,100,000","120,077,000","129,762,000","81,409,000","124,106,000","120,874,000","116,232,000","90,238,000","106,551,000","112,384,000","105,075,000","97,741,000","94,228,000","106,482,000","103,723,000","97,070,000","129,230,000","129,345,000","114,565,000","108,188,000","109,592,000","123,134,000","121,860,000","87,781,000","108,665,000","116,982,000","90,775,000","88,281,000","116,314,000","123,510,000","108,509,000","105,105,000","82,582,000","91,895,000","100,199,000","70,800,000","95,800,000","122,000,000","81,900,000","66,600,000","84,500,000","95,500,000","102,600,000","64,500,000","96,600,000","106,900,000","103,800,000","75,100,000","91,100,000","152,500,000","107,800,000","67,700,000","106,100,000","125,800,000","112,300,000","71,000,000","97,600,000","103,300,000","87,900,000","55,000,000","76,600,000","92,000,000","82,300,000","29,300,000","78,200,000","84,500,000","75,100,000","46,100,000","67,900,000","74,400,000","70,500,000","41,700,000","64,000,000","71,300,000","55,600,000","34,100,000","54,600,000","69,000,000","227,200,000","-447,400,000","200,100,000","234,200,000","224,000,000","-387,700,000","187,700,000","199,900,000","179,000,000","-335,100,000","164,900,000","162,100,000","148,000,000","-263,900,000","127,600,000"
TaxRateForCalcs,"0.212","0.193","0.212","0.318","0.259","0.161","0.183","0.152","0.171","0.167","0.172","0.181","0.174","0.27","0.05","0.187","0.185","0.4","0.22","0.227","0.164","0.227","0.208","0.232","0.234","0.23","0.255","0.231","0.18","0.233","0.245","0.246","0.253","0.259","0.261","0.273","0.289","0.232","0.35","0.277","0.265","0.398","0.269","0.274","0.273","0.214","0.274","0.283","0.284","0.374","0.279","0.261","0.244","0.35","0.275","0.232","0.254","0.262","0.27","0.192","0.28","0.231","0.298","0.28","0.286","0.294","0.4","0.308","0.312","0.273","0.299","0.312","0.315","0.31","0.316","0.318","0.312","0.338","0.337","0.341","0.343","0.38","0.389","0.382","0.375","0.4","0.323","0.332","0.332","0.336","0.335","0.333","0.335","0.345","0.328","0.351","0.353","0.357","0.355","0.359","0.362","0.369","0.365","0.36","0.365","0.367","0.364","0.369","0.37","0.372","0.373","0.373","0.373","0.374","0.384","0.371","0.371","0.38","0.371","0.371","0.372","0.374","0.375","0.373","0.375","0.37","0.385","0.378","0.378","0.373","0.38","0.38",,,,,,,,,,,,,,,
TaxEffectOfUnusualItems,"-8,480,000","-1,350,877.193","-1,060,000","-7,632,000","-1,036,000","-1,800,469.217","-349,896","-347,016","-969,912","-1,435,752.271","-703,136","-629,337","-2,781,564","-406,890","-1,905,350","-458,150","-119,880","-2,185,600","-707,960","-164,121","-1,660,008","0","0","0","0","-1,785,761.533","0","82,698","-33,660","-90,121.049","-148,960","-44,772","-30,866","-11,910.051","0","-574,665","0","309,183.134","-848,400","234,065","-376,830","-2,544,415.889","-1,398,028.282","-1,380,222.453","-1,661,640.636","-424,083.074","-1,221,980.355","-1,117,126.974","-2,200,390.656","-1,958,990.979","-2,923,049.185","-1,480,656.052","283,529.489","-2,889,600","-826,425.986","1,012,754.874","-2,165,829.86","2,460,697.054","-1,939,125.744","540,612.614","46,822.036","277,737.023","1,929,077.11","164,939.887","-315,068.912","-7,050,131.624","341,600","788,744.744","173,468.797","-1,746,002.984","-6,058,510.317","-2,811,981.447","-448,869.631","-3,841,465.597","-1,098,038.36","-2,891,514.949","-7,141,908.995","87,075.329","-652,563.848","-2,876,352.875","673,139.693","574,172.292","-2,723,996.558","-3,736,082.792","-4,567,687.754","-12,436,800","-3,330,293.467","-67,383.879","-2,994,373.55","436,479.129","-1,038,918.919","-11,133,333.333","871,389.646","34,456.929","459,170.013","561,207.898","1,165,909.091","535,911.602","816,382.253","898,279.352","1,485,267.407","663,888.889","912,081.34","-16,915,948.276","1,607,286.673","991,573.927","947,590.361","1,107,500","1,664,716.472","1,525,581.395","1,230,031.949","2,759,806.763","3,920,744.681","2,952,105.263","3,454,658.385","3,226,549.587","3,527,964.206","3,304,451.039","2,262,405.063","2,820,885.358","2,977,667.494","2,359,259.259","1,798,230.088","2,460,154.242","2,662,500","2,888,888.889","2,308,396.947","2,495,121.951","5,445,739.91","2,944,730.077","1,521,739.13","911,210.762",,,,,,,,,,,,,,,