name,ttm,12/31/2021,09/30/2021,06/30/2021,03/31/2021,12/31/2020,09/30/2020,06/30/2020,03/31/2020,12/31/2019,09/30/2019,06/30/2019,03/31/2019,12/31/2018,09/30/2018,06/30/2018,03/31/2018,12/31/2017,09/30/2017,06/30/2017,03/31/2017,12/31/2016,09/30/2016,06/30/2016,03/31/2016,12/31/2015,09/30/2015,06/30/2015,03/31/2015,12/31/2014,09/30/2014,06/30/2014,03/31/2014,12/31/2013,09/30/2013,06/30/2013,03/31/2013,12/31/2012,09/30/2012,06/30/2012,03/31/2012,12/31/2011,09/30/2011,06/30/2011,03/31/2011,12/31/2010,09/30/2010,06/30/2010,03/31/2010,12/31/2009,09/30/2009,06/30/2009,03/31/2009,12/31/2008,09/30/2008,06/30/2008,03/31/2008,12/31/2007,09/30/2007,06/30/2007,03/31/2007,12/31/2006,09/30/2006,06/30/2006,03/31/2006,12/31/2005,09/30/2005,06/30/2005,03/31/2005,12/31/2004,09/30/2004,06/30/2004,03/31/2004,12/31/2003,09/30/2003,06/30/2003,03/31/2003,12/31/2002,09/30/2002,06/30/2002,03/31/2002,12/31/2001,09/30/2001,06/30/2001,03/31/2001,12/31/2000,09/30/2000,06/30/2000,03/31/2000,12/31/1999,09/30/1999,06/30/1999,03/31/1999,12/31/1998,09/30/1998,06/30/1998,03/31/1998,12/31/1997,09/30/1997,06/30/1997,03/31/1997,12/31/1996,09/30/1996,06/30/1996,03/31/1996,12/31/1995,09/30/1995,06/30/1995,03/31/1995,12/31/1994,09/30/1994,06/30/1994,03/31/1994,12/31/1993,09/30/1993,06/30/1993,03/31/1993,12/31/1992,09/30/1992,06/30/1992,03/31/1992,12/31/1991,09/30/1991,06/30/1991,03/31/1991,12/31/1990,09/30/1990,06/30/1990,03/31/1990,12/31/1989,09/30/1989,06/30/1989,03/31/1989,12/31/1988,09/30/1988,06/30/1988,03/31/1988,12/31/1987,09/30/1987,06/30/1987,03/31/1987,12/31/1986,09/30/1986,06/30/1986,03/31/1986,12/31/1985,09/30/1985
TotalRevenue,"19,363,000,000","2,670,000,000","5,714,000,000","5,616,000,000","5,363,000,000","5,239,000,000","5,123,000,000","4,866,000,000","5,352,000,000","5,498,000,000","5,568,000,000","5,667,000,000","5,643,000,000","5,951,000,000","5,901,000,000","5,833,000,000","5,621,000,000","4,547,000,000","5,913,000,000","5,772,000,000","5,511,000,000","5,381,000,000","5,266,000,000","5,322,000,000","5,110,000,000","5,443,000,000","5,691,000,000","5,714,000,000","5,517,000,000","5,943,000,000","6,051,000,000","7,213,000,000","7,014,000,000","7,249,000,000","7,406,000,000","7,335,000,000","7,090,000,000","7,075,000,000","7,026,000,000","7,077,000,000","6,655,000,000","6,367,000,000","6,632,000,000","6,648,000,000","6,387,000,000","6,531,000,000","6,720,000,000","6,121,000,000","5,807,000,000","5,977,000,000","5,919,000,000","5,802,000,000","5,668,000,000","6,546,000,000","6,808,000,000","5,807,000,000","5,668,000,000","5,841,000,000","5,541,000,000","5,291,000,000","5,217,000,000","3,888,000,000","5,867,000,000","6,270,000,000","5,668,000,000","6,134,000,000","6,036,000,000","6,514,000,000","6,550,000,000","6,603,000,000","6,578,000,000","6,486,000,000","6,364,000,000","6,467,000,000","6,373,000,000","6,264,000,000","6,075,000,000","6,290,000,000","6,343,000,000","6,305,000,000","6,038,000,000","6,254,000,000","6,529,000,000","6,686,000,000","6,894,000,000","7,228,000,000","7,801,000,000","6,780,000,000","6,371,000,000","6,294,000,000","6,251,000,000","5,996,000,000","4,962,000,000","5,027,000,000","4,939,000,000","4,707,000,000","4,868,000,000","5,081,000,000","5,119,000,000","5,034,000,000","4,862,000,000","5,144,000,000","5,108,000,000","5,093,000,000","4,798,000,000","5,076,000,000","5,145,000,000","5,084,000,000","4,492,000,000","4,127,000,000","3,792,000,000","3,633,000,000","3,414,000,000","3,412,000,000","3,405,000,000","3,506,000,000","3,362,000,000","3,378,000,000","3,478,000,000","3,386,000,000","3,356,000,000","3,215,000,000","3,277,000,000","3,114,000,000","3,097,000,000","3,287,000,000","3,267,000,000","3,241,000,000","3,165,000,000","2,978,000,000","2,900,000,000","3,000,000,000","2,600,000,000","2,533,000,000","2,400,000,000","2,400,000,000","2,300,000,000","1,963,000,000","2,000,000,000","1,910,000,000","1,800,000,000","1,880,000,000","1,250,000,000","1,231,000,000","1,140,000,000","1,101,900,000","1,100,000,000"
	OperatingRevenue,"19,363,000,000","2,670,000,000","5,714,000,000","5,616,000,000","5,363,000,000","5,239,000,000","5,123,000,000","4,866,000,000","5,352,000,000","5,498,000,000","5,568,000,000","5,667,000,000","5,643,000,000","5,951,000,000","5,901,000,000","5,833,000,000","5,621,000,000","4,547,000,000","5,913,000,000","5,772,000,000","5,511,000,000","5,381,000,000","5,266,000,000","5,322,000,000","5,110,000,000","5,443,000,000","5,691,000,000","5,714,000,000","5,517,000,000","5,943,000,000","6,051,000,000","7,213,000,000","7,014,000,000","7,249,000,000","7,406,000,000","7,335,000,000","7,090,000,000","7,075,000,000","7,026,000,000","7,077,000,000","6,655,000,000","6,367,000,000","6,632,000,000","6,648,000,000","6,387,000,000","6,531,000,000","6,720,000,000","6,121,000,000","5,807,000,000","5,977,000,000","5,919,000,000","5,802,000,000","5,668,000,000","6,546,000,000","6,808,000,000","5,807,000,000","5,668,000,000","5,841,000,000","5,541,000,000","5,291,000,000","5,217,000,000","3,888,000,000","5,867,000,000","6,270,000,000","5,668,000,000","6,134,000,000","6,036,000,000","6,514,000,000","6,550,000,000","6,603,000,000","6,578,000,000","6,486,000,000","6,364,000,000","6,467,000,000","6,373,000,000","6,264,000,000","6,075,000,000","6,290,000,000","6,343,000,000","6,305,000,000","6,038,000,000","6,254,000,000","6,529,000,000","6,686,000,000","6,894,000,000","7,228,000,000","7,801,000,000","6,780,000,000","6,371,000,000","6,294,000,000","6,251,000,000","5,996,000,000","4,962,000,000","5,027,000,000","4,939,000,000","4,707,000,000","4,868,000,000","5,081,000,000","5,119,000,000","5,034,000,000","4,862,000,000","5,144,000,000","5,108,000,000","5,093,000,000","4,798,000,000","5,076,000,000","5,145,000,000","5,084,000,000","4,492,000,000","4,127,000,000","3,792,000,000","3,633,000,000","3,414,000,000","3,412,000,000","3,405,000,000","3,506,000,000","3,362,000,000","3,378,000,000","3,478,000,000","3,386,000,000","3,356,000,000","3,215,000,000","3,277,000,000","3,114,000,000","3,097,000,000","3,287,000,000","3,267,000,000","3,241,000,000","3,165,000,000","2,978,000,000","2,900,000,000","3,000,000,000","2,600,000,000","2,533,000,000","2,400,000,000","2,400,000,000","2,300,000,000","1,963,000,000","2,000,000,000","1,910,000,000","1,800,000,000","1,880,000,000","1,250,000,000","1,231,000,000","1,140,000,000","1,101,900,000","1,100,000,000"
CostOfRevenue,"13,832,000,000","2,148,000,000","3,924,000,000","3,913,000,000","3,847,000,000","3,659,000,000","3,541,000,000","3,427,000,000","3,746,000,000","3,666,000,000","3,772,000,000","3,901,000,000","3,929,000,000","3,798,000,000","3,887,000,000","3,922,000,000","3,948,000,000","3,231,000,000","4,024,000,000","4,105,000,000","3,940,000,000","3,807,000,000","3,622,000,000","4,112,000,000","3,611,000,000","3,765,000,000","3,891,000,000","3,968,000,000","3,844,000,000","4,105,000,000","4,055,000,000","5,228,000,000","5,175,000,000","5,276,000,000","5,313,000,000","5,414,000,000","5,220,000,000","5,193,000,000","5,140,000,000","5,270,000,000","4,984,000,000","4,662,000,000","4,793,000,000","4,880,000,000","4,625,000,000","4,770,000,000","4,758,000,000","4,490,000,000","4,464,000,000","3,950,000,000","3,758,000,000","3,781,000,000","3,731,000,000","5,022,000,000","5,154,000,000","4,305,000,000","4,261,000,000","4,242,000,000","4,086,000,000","3,881,000,000","3,851,000,000","2,735,000,000","4,335,000,000","4,666,000,000","4,229,000,000","4,726,000,000","4,532,000,000","4,893,000,000","4,904,000,000","4,888,000,000","4,858,000,000","4,778,000,000","4,759,000,000","4,879,000,000","4,754,000,000","4,664,000,000","4,506,000,000","4,592,000,000","4,611,000,000","4,588,000,000","4,465,000,000","4,568,000,000","4,789,000,000","4,914,000,000","5,138,000,000","5,137,000,000","5,611,000,000","4,770,000,000","4,564,000,000","4,516,000,000","4,593,000,000","4,420,000,000","3,789,000,000","3,803,000,000","3,780,000,000","3,524,000,000","3,654,000,000","3,760,000,000","3,791,000,000","3,786,000,000","3,636,000,000","3,814,000,000","3,760,000,000","3,771,000,000","3,556,000,000","3,574,000,000","3,566,000,000","3,532,000,000","3,239,000,000","3,051,000,000","2,815,000,000","2,712,000,000","2,565,000,000","2,486,000,000","2,543,000,000","2,619,000,000","2,543,000,000","2,516,000,000","2,612,000,000","2,513,000,000","2,496,000,000","2,365,000,000","2,441,000,000","2,292,000,000","2,243,000,000","2,316,000,000","2,340,000,000","2,327,000,000","2,280,000,000",,,,,,,,,,,,,,,,,,
GrossProfit,"5,531,000,000","522,000,000","1,790,000,000","1,703,000,000","1,516,000,000","1,580,000,000","1,582,000,000","1,439,000,000","1,606,000,000","1,832,000,000","1,796,000,000","1,766,000,000","1,714,000,000","2,153,000,000","2,014,000,000","1,911,000,000","1,673,000,000","1,316,000,000","1,889,000,000","1,667,000,000","1,571,000,000","1,574,000,000","1,644,000,000","1,210,000,000","1,499,000,000","1,678,000,000","1,800,000,000","1,746,000,000","1,673,000,000","1,838,000,000","1,996,000,000","1,985,000,000","1,839,000,000","1,973,000,000","2,093,000,000","1,921,000,000","1,870,000,000","1,882,000,000","1,886,000,000","1,807,000,000","1,671,000,000","1,705,000,000","1,839,000,000","1,768,000,000","1,762,000,000","1,761,000,000","1,962,000,000","1,631,000,000","1,343,000,000","2,027,000,000","2,161,000,000","2,021,000,000","1,937,000,000","1,524,000,000","1,654,000,000","1,502,000,000","1,407,000,000","1,599,000,000","1,455,000,000","1,410,000,000","1,366,000,000","1,153,000,000","1,532,000,000","1,604,000,000","1,439,000,000","1,408,000,000","1,504,000,000","1,621,000,000","1,646,000,000","1,715,000,000","1,720,000,000","1,708,000,000","1,605,000,000","1,588,000,000","1,619,000,000","1,600,000,000","1,569,000,000","1,698,000,000","1,732,000,000","1,717,000,000","1,573,000,000","1,686,000,000","1,740,000,000","1,772,000,000","1,756,000,000","2,091,000,000","2,190,000,000","2,010,000,000","1,807,000,000","1,778,000,000","1,658,000,000","1,576,000,000","1,173,000,000","1,224,000,000","1,159,000,000","1,183,000,000","1,214,000,000","1,321,000,000","1,328,000,000","1,248,000,000","1,226,000,000","1,330,000,000","1,348,000,000","1,322,000,000","1,242,000,000","1,502,000,000","1,579,000,000","1,552,000,000","1,253,000,000","1,076,000,000","977,000,000","921,000,000","849,000,000","926,000,000","862,000,000","887,000,000","819,000,000","862,000,000","866,000,000","873,000,000","860,000,000","850,000,000","836,000,000","822,000,000","854,000,000","971,000,000","927,000,000","914,000,000","885,000,000",,,,,,,,,,,,,,,,,,
OperatingExpense,"4,065,000,000","474,000,000","1,240,000,000","1,231,000,000","1,120,000,000","1,186,000,000","1,101,000,000","1,050,000,000","1,192,000,000","1,222,000,000","1,151,000,000","1,150,000,000","1,160,000,000","1,226,000,000","1,181,000,000","1,226,000,000","1,156,000,000","962,000,000","1,234,000,000","1,212,000,000","1,191,000,000","1,151,000,000","1,088,000,000","1,067,000,000","1,021,000,000","1,122,000,000","1,119,000,000","1,142,000,000","1,130,000,000","1,235,000,000","1,262,000,000","1,348,000,000","1,327,000,000","1,387,000,000","1,458,000,000","1,407,000,000","1,417,000,000","1,408,000,000","1,352,000,000","1,332,000,000","1,263,000,000","915,000,000","1,279,000,000","1,219,000,000","1,205,000,000","1,267,000,000","1,263,000,000","1,212,000,000","1,154,000,000","1,193,000,000","1,252,000,000","1,201,000,000","1,172,000,000","1,261,000,000","1,305,000,000","1,109,000,000","1,087,000,000","1,085,000,000","1,029,000,000","1,011,000,000","995,000,000","845,000,000","1,125,000,000","1,145,000,000","1,154,000,000","1,179,000,000","1,128,000,000","1,209,000,000","1,244,000,000","1,271,000,000","1,216,000,000","1,225,000,000","1,270,000,000","1,263,000,000","1,247,000,000","1,235,000,000","1,229,000,000","1,248,000,000","1,262,000,000","1,231,000,000","1,239,000,000","1,363,000,000","1,358,000,000","1,387,000,000","1,411,000,000","1,591,000,000","1,467,000,000","1,299,000,000","1,233,000,000","1,286,000,000","1,204,000,000","1,257,000,000","951,000,000","985,000,000","924,000,000","909,000,000","946,000,000","1,679,000,000","1,000,000,000","995,000,000","988,000,000","1,011,000,000","985,000,000","968,000,000","858,000,000","903,000,000","859,000,000","860,000,000","758,000,000","730,000,000","718,000,000","701,000,000","661,000,000","689,000,000","664,000,000","686,000,000","645,000,000","1,102,000,000","645,000,000","639,000,000","622,000,000","689,000,000","584,000,000","576,000,000","560,000,000","860,000,000","557,000,000","538,000,000","519,000,000",,,,,,,,,,,,,,,,,,
	SellingGeneralAndAdministration,"2,829,000,000","302,000,000","880,000,000","880,000,000","767,000,000","812,000,000","737,000,000","697,000,000","825,000,000","837,000,000","782,000,000","786,000,000","802,000,000","847,000,000","802,000,000","854,000,000","787,000,000","657,000,000","817,000,000","812,000,000","801,000,000","782,000,000","733,000,000","725,000,000","696,000,000","767,000,000","751,000,000","770,000,000","763,000,000","846,000,000","861,000,000","939,000,000","928,000,000","974,000,000","1,010,000,000","964,000,000","989,000,000","991,000,000","930,000,000","922,000,000","860,000,000","778,000,000","829,000,000","845,000,000","825,000,000","865,000,000","843,000,000","802,000,000","738,000,000","814,000,000","826,000,000","787,000,000","779,000,000","833,000,000","883,000,000","760,000,000","757,000,000","769,000,000","710,000,000","695,000,000","691,000,000","587,000,000","762,000,000","781,000,000","784,000,000","761,000,000","727,000,000","762,000,000","789,000,000","801,000,000","754,000,000","766,000,000","805,000,000","790,000,000","769,000,000","757,000,000","767,000,000","807,000,000","790,000,000","761,000,000","786,000,000","848,000,000","817,000,000","859,000,000","860,000,000","878,000,000","888,000,000","834,000,000","787,000,000","812,000,000","763,000,000","826,000,000","599,000,000","652,000,000","578,000,000","569,000,000","598,000,000","1,172,000,000","637,000,000","624,000,000","616,000,000","643,000,000","627,000,000","616,000,000","548,000,000","594,000,000","547,000,000","551,000,000","483,000,000","495,000,000","448,000,000","433,000,000","398,000,000","426,000,000","404,000,000","417,000,000","386,000,000","815,000,000","407,000,000","398,000,000","388,000,000","475,000,000","375,000,000","369,000,000","355,000,000","635,000,000","358,000,000","348,000,000","333,000,000",,,,,,,,,,,,,,,,,,
		GeneralAndAdministrativeExpense,,,,,"361,000,000","410,000,000","360,000,000","332,000,000","418,000,000","445,000,000","387,000,000","402,000,000","413,000,000","446,000,000","405,000,000","451,000,000","421,000,000","378,000,000","431,000,000","422,000,000","422,000,000","433,000,000","380,000,000","386,000,000","376,000,000","419,000,000","417,000,000","403,000,000","406,000,000","462,000,000","467,000,000","527,000,000","528,000,000","551,000,000","572,000,000","515,000,000","567,000,000","578,000,000",,"474,000,000","513,000,000",,,,"485,000,000",,,"472,000,000",,,,"508,000,000",,,"507,000,000","459,000,000","472,000,000","500,000,000","455,000,000","441,000,000","435,000,000","417,000,000","471,000,000","476,000,000","490,000,000","456,000,000","463,000,000","498,000,000","522,000,000","533,000,000","486,000,000","478,000,000","522,000,000","508,000,000","497,000,000","478,000,000","497,000,000","530,000,000","509,000,000","492,000,000","515,000,000","583,000,000","530,000,000","582,000,000","584,000,000","646,000,000","553,000,000","563,000,000","521,000,000",,,,,,,,,,,,,,,,,,,,,,,,,,,,,,,,,,,,,,,,,,,,,,,,,,,,,,,,,,
			SalariesAndWages,,,,,,,,,"-6,000,000","9,000,000","9,000,000","8,000,000","10,000,000","429,000,000","25,000,000","36,000,000","4,000,000",,,,,,,,,,,,,,,,,,,,,,,,,,,,,,,,,,,,,,,,,,,,,,,,,,,,,,,,,,,,,,,,,,,,,,,,,,,,,,,,,,,,,,,,,,,,,,,,,,,,,,,,,,,,,,,,,,,,,,,,,,,,,,,,,,
			OtherGandA,,,,,"361,000,000","410,000,000","360,000,000","332,000,000","418,000,000","445,000,000","387,000,000","402,000,000","413,000,000","446,000,000","405,000,000","451,000,000","421,000,000","378,000,000","431,000,000","422,000,000","422,000,000","433,000,000","380,000,000","386,000,000","376,000,000","419,000,000","417,000,000","403,000,000","406,000,000","462,000,000","467,000,000","527,000,000","528,000,000","551,000,000","572,000,000","515,000,000","567,000,000","578,000,000",,"474,000,000","513,000,000",,,,"485,000,000",,,"472,000,000",,,,"508,000,000",,,"507,000,000","459,000,000","472,000,000","500,000,000","455,000,000","441,000,000","435,000,000","417,000,000","471,000,000","476,000,000","490,000,000","456,000,000","463,000,000","498,000,000","522,000,000","533,000,000","486,000,000","478,000,000","522,000,000","508,000,000","497,000,000","478,000,000","497,000,000","530,000,000","509,000,000","492,000,000","515,000,000","583,000,000","530,000,000","582,000,000","584,000,000","646,000,000","553,000,000","563,000,000","521,000,000",,,,,,,,,,,,,,,,,,,,,,,,,,,,,,,,,,,,,,,,,,,,,,,,,,,,,,,,,,
		SellingAndMarketingExpense,"2,829,000,000","302,000,000","880,000,000","880,000,000","767,000,000","812,000,000","737,000,000","697,000,000","825,000,000","837,000,000","782,000,000","786,000,000","802,000,000","847,000,000","802,000,000","854,000,000","787,000,000","657,000,000","817,000,000","812,000,000","801,000,000","782,000,000","733,000,000","725,000,000","696,000,000","767,000,000","751,000,000","770,000,000","763,000,000","846,000,000","861,000,000","939,000,000","928,000,000","974,000,000","1,010,000,000","964,000,000","989,000,000","991,000,000",,"448,000,000","347,000,000",,,,"340,000,000",,,"330,000,000",,,,"279,000,000",,,"883,000,000","760,000,000","757,000,000","769,000,000","710,000,000","695,000,000","691,000,000","587,000,000","762,000,000","781,000,000","784,000,000","761,000,000","727,000,000","762,000,000","789,000,000","801,000,000","754,000,000","766,000,000","805,000,000","790,000,000","769,000,000","757,000,000","767,000,000","807,000,000","790,000,000","761,000,000","786,000,000","848,000,000","817,000,000","859,000,000","860,000,000","878,000,000","888,000,000","834,000,000","787,000,000",,,,,,,,,,,,,,,,,,,,,,,,,,,,,,,,,,,,,,,,,,,,,,,,,,,,,,,,,,
	DepreciationAmortizationDepletionIncomeStatement,"1,097,000,000","164,000,000","318,000,000","306,000,000","309,000,000","332,000,000","320,000,000","312,000,000","323,000,000","343,000,000","327,000,000","321,000,000","315,000,000","338,000,000","335,000,000","330,000,000","325,000,000","268,000,000","373,000,000","357,000,000","345,000,000","328,000,000","314,000,000","301,000,000","284,000,000","314,000,000","329,000,000","328,000,000","323,000,000","346,000,000","358,000,000","359,000,000","352,000,000","371,000,000","401,000,000","396,000,000","379,000,000","375,000,000","383,000,000","366,000,000","362,000,000","321,000,000","335,000,000","336,000,000","340,000,000","360,000,000","362,000,000","363,000,000","371,000,000","384,000,000","378,000,000","367,000,000","343,000,000","382,000,000","374,000,000","305,000,000","286,000,000","278,000,000","277,000,000","269,000,000","262,000,000","214,000,000","308,000,000","305,000,000","316,000,000","361,000,000","342,000,000","390,000,000","392,000,000","411,000,000","401,000,000","397,000,000","401,000,000","418,000,000","416,000,000","412,000,000","398,000,000","393,000,000","407,000,000","405,000,000","382,000,000","463,000,000","474,000,000","457,000,000","476,000,000","613,000,000","516,000,000","404,000,000","383,000,000","380,000,000","383,000,000","374,000,000","307,000,000","296,000,000","301,000,000","291,000,000","298,000,000","309,000,000","311,000,000","318,000,000","320,000,000","322,000,000","307,000,000","302,000,000","263,000,000","267,000,000","266,000,000","264,000,000","234,000,000","201,000,000","231,000,000","228,000,000","225,000,000","227,000,000","223,000,000","228,000,000","220,000,000","250,000,000","202,000,000","201,000,000","197,000,000","178,000,000","177,000,000","173,000,000","172,000,000","175,000,000","172,000,000","162,000,000","158,000,000",,,,,,,,,,,,,,,,,,
		DepreciationAndAmortizationInIncomeStatement,"1,097,000,000","164,000,000","318,000,000","306,000,000","309,000,000","332,000,000","320,000,000","312,000,000","323,000,000","343,000,000","327,000,000","321,000,000","315,000,000","338,000,000","335,000,000","330,000,000","325,000,000","268,000,000","373,000,000","357,000,000","345,000,000","328,000,000","314,000,000","301,000,000","284,000,000","314,000,000","329,000,000","328,000,000","323,000,000","346,000,000","358,000,000","359,000,000","352,000,000","371,000,000","401,000,000","396,000,000","379,000,000","375,000,000","383,000,000","366,000,000","362,000,000","321,000,000","335,000,000","336,000,000","340,000,000","360,000,000","362,000,000","363,000,000","371,000,000",,,"367,000,000","343,000,000","382,000,000","374,000,000","305,000,000","286,000,000","278,000,000","277,000,000","269,000,000","262,000,000","214,000,000","308,000,000","305,000,000","316,000,000","361,000,000","342,000,000","390,000,000","392,000,000","411,000,000","401,000,000","397,000,000","401,000,000","418,000,000","416,000,000","412,000,000","398,000,000","393,000,000","407,000,000","405,000,000","382,000,000","463,000,000","474,000,000","457,000,000","476,000,000","613,000,000","516,000,000","404,000,000","383,000,000","380,000,000","383,000,000","374,000,000","307,000,000","296,000,000","301,000,000","291,000,000","298,000,000","309,000,000","311,000,000","318,000,000","320,000,000","322,000,000","307,000,000","302,000,000","263,000,000","267,000,000","266,000,000","264,000,000","234,000,000","201,000,000","231,000,000","228,000,000","225,000,000","227,000,000","223,000,000","228,000,000","220,000,000","250,000,000","202,000,000","201,000,000","197,000,000","178,000,000","177,000,000","173,000,000","172,000,000","175,000,000","172,000,000","162,000,000","158,000,000",,,,,,,,,,,,,,,,,,
	OtherTaxes,"139,000,000","8,000,000","42,000,000","45,000,000","44,000,000","42,000,000","44,000,000","41,000,000","44,000,000","42,000,000","42,000,000","43,000,000","43,000,000","41,000,000","44,000,000","42,000,000","44,000,000","37,000,000","44,000,000","43,000,000","45,000,000","41,000,000","41,000,000","41,000,000","41,000,000","41,000,000","39,000,000","44,000,000","44,000,000","43,000,000","43,000,000","50,000,000","47,000,000","42,000,000","47,000,000","47,000,000","49,000,000","42,000,000","39,000,000","44,000,000","41,000,000","35,000,000","33,000,000","38,000,000","40,000,000","42,000,000","58,000,000","47,000,000","45,000,000","43,000,000","48,000,000","47,000,000","50,000,000","46,000,000","48,000,000","44,000,000","44,000,000","38,000,000","42,000,000","47,000,000","42,000,000","44,000,000","55,000,000","59,000,000","54,000,000","57,000,000","59,000,000","57,000,000","63,000,000","59,000,000","61,000,000","62,000,000","64,000,000","55,000,000","62,000,000","66,000,000","64,000,000","48,000,000","65,000,000","65,000,000","71,000,000","52,000,000","67,000,000","71,000,000","75,000,000","100,000,000","63,000,000","61,000,000","63,000,000",,,,,,,,,,,,,,,,,,,,,,,,,,,,,,,,,,,,,,,,,,,,,,,,,,,,,,,,,,
	OtherOperatingExpenses,,,,,,,,,,,,,,,,,,,,,,,,,,,,,,,,,,,,,,,,,,,"82,000,000",,,,,,,,,,,,"48,000,000","44,000,000","44,000,000",,"42,000,000","47,000,000","42,000,000",,"55,000,000","59,000,000","54,000,000","57,000,000","59,000,000","57,000,000","63,000,000","59,000,000","61,000,000","62,000,000","64,000,000","61,000,000","55,000,000","67,000,000","64,000,000","79,000,000","62,000,000","65,000,000","71,000,000","52,000,000","67,000,000","71,000,000","75,000,000","100,000,000","63,000,000","61,000,000","63,000,000","-132,000,000","58,000,000","57,000,000","45,000,000","37,000,000","45,000,000","49,000,000","50,000,000","-7,000,000","52,000,000","53,000,000","52,000,000","46,000,000","51,000,000","50,000,000","47,000,000","42,000,000","46,000,000","45,000,000","41,000,000","34,000,000","39,000,000","40,000,000","38,000,000","36,000,000","37,000,000","41,000,000","39,000,000","37,000,000","36,000,000","40,000,000","37,000,000","36,000,000","32,000,000","34,000,000","33,000,000","50,000,000","27,000,000","28,000,000","28,000,000",,,,,,,,,,,,,,,,,,
OperatingIncome,"1,466,000,000","48,000,000","550,000,000","472,000,000","396,000,000","394,000,000","481,000,000","389,000,000","414,000,000","610,000,000","645,000,000","616,000,000","554,000,000","927,000,000","833,000,000","685,000,000","517,000,000","354,000,000","655,000,000","455,000,000","380,000,000","423,000,000","556,000,000","143,000,000","478,000,000","556,000,000","681,000,000","604,000,000","543,000,000","603,000,000","734,000,000","637,000,000","512,000,000","586,000,000","635,000,000","514,000,000","453,000,000","474,000,000","534,000,000","475,000,000","408,000,000","790,000,000","560,000,000","549,000,000","557,000,000","494,000,000","699,000,000","419,000,000","189,000,000","834,000,000","909,000,000","820,000,000","765,000,000","263,000,000","349,000,000","393,000,000","320,000,000","514,000,000","426,000,000","399,000,000","371,000,000","308,000,000","407,000,000","459,000,000","285,000,000","229,000,000","376,000,000","412,000,000","402,000,000","444,000,000","504,000,000","483,000,000","335,000,000","325,000,000","372,000,000","365,000,000","340,000,000","450,000,000","470,000,000","486,000,000","334,000,000","323,000,000","382,000,000","385,000,000","345,000,000","500,000,000","723,000,000","711,000,000","574,000,000","492,000,000","454,000,000","319,000,000","222,000,000","239,000,000","235,000,000","274,000,000","268,000,000","-358,000,000","328,000,000","253,000,000","238,000,000","319,000,000","363,000,000","354,000,000","384,000,000","599,000,000","720,000,000","692,000,000","495,000,000","346,000,000","259,000,000","220,000,000","188,000,000","237,000,000","198,000,000","201,000,000","174,000,000","-240,000,000","221,000,000","234,000,000","238,000,000","161,000,000","252,000,000","246,000,000","294,000,000","111,000,000","370,000,000","376,000,000","366,000,000","-6,790,000,000","2,900,000,000","3,000,000,000","2,600,000,000","-5,661,000,000","2,400,000,000","2,400,000,000","2,300,000,000","-5,010,000,000","2,000,000,000","1,910,000,000","1,800,000,000","-3,163,000,000","1,250,000,000","1,231,000,000","1,140,000,000","-3,264,100,000","1,100,000,000"
NetNonOperatingInterestIncomeExpense,"-337,000,000","-95,000,000","-93,000,000","-57,000,000","-92,000,000","-99,000,000","-112,000,000","-116,000,000","-117,000,000","-113,000,000","-123,000,000","-122,000,000","-133,000,000","-135,000,000","-133,000,000","-133,000,000","-135,000,000","-141,000,000","-152,000,000","-137,000,000","-142,000,000","-136,000,000","-132,000,000","-129,000,000","-123,000,000","-133,000,000","-141,000,000","-144,000,000","-137,000,000","-142,000,000","-158,000,000","-165,000,000","-142,000,000","-133,000,000","-147,000,000","-168,000,000","-164,000,000","-169,000,000","-163,000,000","-172,000,000","-168,000,000","-138,000,000","-130,000,000","-137,000,000","-136,000,000","-150,000,000","-152,000,000","-157,000,000","-149,000,000","-163,000,000","-169,000,000","-173,000,000","-164,000,000","-186,000,000","-144,000,000","-81,000,000","-81,000,000","-79,000,000","-77,000,000","-80,000,000","-61,000,000","-80,000,000","-144,000,000","-148,000,000","-148,000,000","-151,000,000","-120,000,000","-166,000,000","-179,000,000","-175,000,000","-188,000,000","-183,000,000","-196,000,000","-185,000,000","-203,000,000","-194,000,000","-184,000,000","-193,000,000","-186,000,000","-199,000,000","-205,000,000","-211,000,000","-235,000,000","-235,000,000","-248,000,000","-251,000,000","-278,000,000","-156,000,000","-131,000,000",,,,,,,,,,,,,,,,,,,,,,,,,,,,,,,,,,,,,,,,,,,,,,,,,,,,,,,,,,
	InterestIncomeNonOperating,"93,000,000","-23,000,000","24,000,000","60,000,000","32,000,000","34,000,000","36,000,000","40,000,000","46,000,000","55,000,000","54,000,000","55,000,000","51,000,000",,,"50,000,000","45,000,000","46,000,000","46,000,000","49,000,000","45,000,000","46,000,000","49,000,000","43,000,000","37,000,000","30,000,000","17,000,000","20,000,000","22,000,000","23,000,000","14,000,000","12,000,000","21,000,000","16,000,000","15,000,000","13,000,000","13,000,000",,,,,,,,,,,,,"9,000,000",,,"9,000,000",,,,,,,,,,,,,,,,,,,,,,,,,,,,,,,,,,,,,,,,,,,,,,,,,,,,,,,,,,,,,,,,,,,,,,,,,,,,,,,,,,,,,,,,,,,,,,
	InterestExpenseNonOperating,"430,000,000","72,000,000","117,000,000","117,000,000","124,000,000","133,000,000","148,000,000","156,000,000","163,000,000","168,000,000","177,000,000","177,000,000","184,000,000","333,000,000","133,000,000","183,000,000","180,000,000","187,000,000","198,000,000","186,000,000","187,000,000","182,000,000","181,000,000","172,000,000","160,000,000","163,000,000","158,000,000","164,000,000","159,000,000","165,000,000","172,000,000","177,000,000","163,000,000","149,000,000","162,000,000","181,000,000","177,000,000","240,000,000","163,000,000","172,000,000","168,000,000",,"130,000,000","137,000,000","136,000,000","150,000,000","152,000,000","157,000,000","149,000,000","172,000,000",,"173,000,000","173,000,000","266,000,000","144,000,000","81,000,000","81,000,000","79,000,000","77,000,000","80,000,000","61,000,000","80,000,000","144,000,000","148,000,000","148,000,000","151,000,000","120,000,000","166,000,000","179,000,000","175,000,000","188,000,000","183,000,000","196,000,000","185,000,000","203,000,000","194,000,000","184,000,000","193,000,000","186,000,000","199,000,000","205,000,000","211,000,000","235,000,000","235,000,000","248,000,000","251,000,000","278,000,000","156,000,000","131,000,000",,,,,,,,,,,,,,,,,,,,,,,,,,,,,,,,,,,,,,,,,,,,,,,,,,,,,,,,,,
	TotalOtherFinanceCost,,,,,,,,,"117,000,000","113,000,000","123,000,000","122,000,000","133,000,000","135,000,000","133,000,000","133,000,000","135,000,000","141,000,000","152,000,000","137,000,000","142,000,000","136,000,000","132,000,000","129,000,000","123,000,000","133,000,000","141,000,000","144,000,000","137,000,000","142,000,000","158,000,000","165,000,000","142,000,000","133,000,000","147,000,000","168,000,000","164,000,000","169,000,000",,"172,000,000","168,000,000",,,,"136,000,000",,,"157,000,000",,,"169,000,000","173,000,000",,,,,,,,,,,,,,,,,,,,,,,,,,,,,,,,,,,,,,,,,,,,,,,,,,,,,,,,,,,,,,,,,,,,,,,,,,,,,,,,,,,,,,,,,,,,,,,
OtherIncomeExpense,"-130,000,000","-701,000,000","459,000,000","17,000,000","95,000,000","-172,000,000","-87,000,000","-12,000,000","-313,000,000","-97,000,000","-70,000,000","-160,000,000","-3,000,000","-410,000,000","-147,000,000","-62,000,000","-26,000,000","-83,000,000",,"-347,000,000","6,000,000","-7,000,000","-51,000,000","-28,000,000","-38,000,000","-158,000,000","-211,000,000","-194,000,000",,"-154,000,000","-24,000,000","-324,000,000","-517,000,000","-608,000,000","-77,000,000","17,000,000","-59,000,000","-18,000,000","-51,000,000","-99,000,000","-27,000,000","-236,000,000","-49,000,000","-119,000,000","-53,000,000","-12,000,000",,"-144,000,000","-215,000,000","-1,040,000,000","-151,000,000","-127,000,000","-110,000,000","-1,995,000,000","60,000,000","-10,000,000","-41,000,000","4,000,000","-34,000,000","-25,000,000","296,000,000","3,679,000,000","18,000,000","-129,000,000","-30,000,000","-243,000,000","116,000,000","23,000,000","-145,000,000","-61,000,000","16,000,000","-138,000,000","-14,000,000","-99,000,000","-86,000,000","-82,000,000","-23,000,000","-529,000,000","-16,000,000","-51,000,000","10,000,000","-745,000,000","-434,000,000","-582,000,000","-10,000,000","-752,000,000","-134,000,000","-75,000,000","-8,000,000","-203,000,000","-78,000,000","-232,000,000","1,000,000","-17,000,000","-105,000,000","-6,000,000",,"730,000,000",,"-685,000,000",,"-165,000,000",,,"77,000,000",,,,,,,,,,,,,,,,,,,,,,,,,,,,,,,,,,,,,,,,,,
	GainOnSaleOfSecurity,"-32,000,000","-32,000,000",,,,,,,,,,,,,,,,,,,,,,,,,,,,,,,,,,,,,,,,,,,,,,,,,,,,,,,,,,,,,,,,,,,,,,,,,,,,,,,,,,,,,,,,,,,,,,,,,,,,,,,,,,,,,,,,,,,,,,,,,,,,,,,,,,,,,,,,,,,,,,,,,
	EarningsFromEquityInterest,,,,,,,,,,,,,,,,,,,,,,,,,,,,,,,,,,,,,,,,,,,,,,,,,,,"0",,,,"5,000,000","30,000,000","16,000,000",,,,,,,,,,,,,,,,,,,,,,,,,,,,,"0","0","0","0",,,,,,,,,,,,,,,,,,,,,,,,,,,,,,,,,,,,,,,,,,,,,,,,,,,,,,,,,,
	SpecialIncomeCharges,"-298,000,000","-713,000,000","408,000,000","-35,000,000","42,000,000","-182,000,000","-98,000,000","-26,000,000","-319,000,000","-88,000,000","-61,000,000","-152,000,000","7,000,000","19,000,000","-122,000,000","-26,000,000","-22,000,000","-83,000,000","0","-347,000,000","6,000,000","-7,000,000","-51,000,000","-28,000,000","-38,000,000","-158,000,000","-211,000,000","-194,000,000","0","-154,000,000","-24,000,000","-324,000,000","-517,000,000","-608,000,000","-77,000,000","17,000,000","-59,000,000","-18,000,000","-51,000,000","-99,000,000","-27,000,000","-236,000,000","-49,000,000","-119,000,000","-53,000,000","-12,000,000","0","-144,000,000","-215,000,000","-1,099,000,000","-151,000,000","-127,000,000","-110,000,000","-1,995,000,000","60,000,000","-10,000,000","-41,000,000","4,000,000","-34,000,000","-25,000,000","296,000,000","3,679,000,000","18,000,000","-129,000,000","-30,000,000","-243,000,000","116,000,000","23,000,000","-145,000,000","-61,000,000","16,000,000","-138,000,000","-14,000,000","-99,000,000","-86,000,000","-82,000,000","-23,000,000","-529,000,000","-16,000,000","-51,000,000","10,000,000","-745,000,000","-434,000,000","-582,000,000","-10,000,000","-752,000,000","-134,000,000","-75,000,000","-8,000,000","-208,000,000","-78,000,000","-232,000,000","1,000,000","-2,000,000","-105,000,000","-6,000,000",,"730,000,000",,"-685,000,000",,"-165,000,000",,,"77,000,000",,,,,,,,,,,,,,,,,,,,,,,,,,,,,,,,,,,,,,,,,,
		RestructuringAndMergernAcquisition,"48,000,000","-195,000,000","39,000,000","174,000,000","12,000,000","-132,000,000",,"18,000,000","8,000,000","15,000,000","21,000,000","0","0","-19,000,000","0","26,000,000","22,000,000","14,000,000","0","-16,000,000","-6,000,000","7,000,000","46,000,000","0","1,000,000","-189,000,000","25,000,000","194,000,000","0","16,000,000","24,000,000","324,000,000","517,000,000","79,000,000","76,000,000","-17,000,000","59,000,000","21,000,000","33,000,000","21,000,000","34,000,000","18,000,000","49,000,000","-10,000,000","45,000,000","35,000,000","0","144,000,000","215,000,000","1,040,000,000","151,000,000","79,000,000","83,000,000","218,000,000","97,000,000","13,000,000","42,000,000","9,000,000","42,000,000","26,000,000","18,000,000","108,000,000","92,000,000","54,000,000","46,000,000","233,000,000","70,000,000","31,000,000","66,000,000","19,000,000","55,000,000","107,000,000","30,000,000","101,000,000","93,000,000","81,000,000","23,000,000","597,000,000","19,000,000","79,000,000","0","171,000,000","481,000,000","497,000,000","10,000,000","780,000,000","140,000,000","75,000,000","8,000,000",,,,,,,,,,,,,,,,,,,,,,,,,,,,,,,,,,,,,,,,,,,,,,,,,,,,,,,,,,
		ImpairmentOfCapitalAssets,,,,,,,,,,,,,,"0","0",,"0","0","0","0","-6,000,000",,,,,"137,000,000",,,"0","100,000,000","0","0","0","527,000,000","0","-13,000,000",,,,,,,,,,,"0",,,,,,,,,,,,,,,,,,,,,,,,,,,,,,,,,,,,,,,,,,,,,,,,,,,,,,,,,,,,,,,,,,,,,,,,,,,,,,,,,,,,,,,,,,,,,,,,,,,,
		WriteOff,,,,,,,,,,,,,,,,,,,,,,,,,,,"186,000,000",,,,,,,,,,,,,,,,,,,,,,,,,,,,,,,,,,,,,,,,,,,,,,,,,,,,,,,,,,,,,,,,,,,,,,,,,,,,,,,,,,,,,,,,,,,,,,,,,,,,,,,,,,,,,,,,,,,,,,,,
		OtherSpecialCharges,"461,000,000","238,000,000",,"170,000,000","18,000,000",,"105,000,000",,"8,000,000","21,000,000","32,000,000",,,,,,,"83,000,000",,"354,000,000",,,,,,,,,,,,,,,,,,,"18,000,000","78,000,000","-7,000,000",,,"129,000,000","8,000,000",,,,,,,"48,000,000","27,000,000","6,000,000","-157,000,000","-3,000,000","-1,000,000","-4,000,000","-8,000,000","-1,000,000","-314,000,000","-6,000,000",,"75,000,000","-19,000,000","-36,000,000","-191,000,000","-35,000,000","79,000,000","-37,000,000","-109,000,000","-5,000,000","-7,000,000","-23,000,000","-8,000,000","-9,000,000",,"-58,000,000","-3,000,000","-28,000,000","-10,000,000","574,000,000","-47,000,000","85,000,000",,"-28,000,000","-6,000,000",,,,,,,,,,,,,,,,,,,,,,,,,,,,,,,,,,,,,,,,,,,,,,,,,,,,,,,,,,,,
		GainOnSaleOfBusiness,"211,000,000","-361,000,000","361,000,000","139,000,000","72,000,000","-118,000,000","7,000,000","-8,000,000","-311,000,000","-52,000,000","-8,000,000","-152,000,000","7,000,000","0","-122,000,000",,,"14,000,000","0","-9,000,000","0","0","-5,000,000","-28,000,000","-37,000,000","12,000,000",,,"0","-38,000,000","0",,"0","-2,000,000","-1,000,000","0","0","3,000,000","-18,000,000","-78,000,000","7,000,000",,"-82,000,000",,"-8,000,000",,,"0",,,,"-48,000,000",,,"-107,000,000",,,"13,000,000","-1,000,000","1,000,000","314,000,000","-248,000,000","110,000,000","-75,000,000","-3,000,000","-46,000,000","-5,000,000","19,000,000","-79,000,000","-79,000,000","-38,000,000","-36,000,000","9,000,000","-21,000,000","-1,000,000",,,"10,000,000","3,000,000","28,000,000",,"-591,000,000","47,000,000","-85,000,000",,,,,,,,,,,,,,,,,,,,,,,,,,,,,,,,,,,,,,,,,,,,,,,,,,,,,,,,,,,,,,,
		GainOnSaleOfPPE,,,"86,000,000",,,,,,,,,,,,,,,,,,,,,,,,,,,,,,,,,,,,,,,,,,,,,,,,,"0",,"-261,000,000","264,000,000","3,000,000","1,000,000","0","9,000,000","0",,,,,,,,,,,,,,,,"-10,000,000",,,,,,,,,,,,,,,,,,,,,,,,,,,,,,,,,,,,,,,,,,,,,,,,,,,,,,,,,,,,,,,,,,,,,,,
	OtherNonOperatingIncomeExpenses,"200,000,000","44,000,000","51,000,000","52,000,000","53,000,000","10,000,000","11,000,000","14,000,000","6,000,000","-9,000,000","-9,000,000","-8,000,000","-10,000,000","-429,000,000","-25,000,000","-36,000,000","-4,000,000",,,,,,,,,,,,,,,,,,,,,,,,,,,,,,,,,,,,,,,,,,,,,,,,,,,,,,,,,,,,,,,,,,,,,,,,,,,,,,,,,,,,,,,,,,,,,,,,,,,,,,,,,,,,,,,,,,,,,,,,,,,,,,,,,,
PretaxIncome,"999,000,000","-748,000,000","916,000,000","432,000,000","399,000,000","123,000,000","282,000,000","261,000,000","-16,000,000","400,000,000","452,000,000","334,000,000","418,000,000","382,000,000","553,000,000","490,000,000","356,000,000","130,000,000","503,000,000","-29,000,000","244,000,000","280,000,000","373,000,000","-14,000,000","317,000,000","265,000,000","329,000,000","266,000,000","406,000,000","307,000,000","552,000,000","148,000,000","-147,000,000","-155,000,000","411,000,000","363,000,000","230,000,000","287,000,000","320,000,000","204,000,000","213,000,000","416,000,000","381,000,000","293,000,000","368,000,000","332,000,000","547,000,000","118,000,000","-175,000,000","-428,000,000","589,000,000","488,000,000","518,000,000","-1,918,000,000","265,000,000","302,000,000","198,000,000","439,000,000","315,000,000","294,000,000","606,000,000","3,907,000,000","281,000,000","182,000,000","107,000,000","-165,000,000","372,000,000","269,000,000","78,000,000","208,000,000","332,000,000","162,000,000","125,000,000","41,000,000","83,000,000","89,000,000","133,000,000","-272,000,000","268,000,000","236,000,000","139,000,000","-633,000,000","-287,000,000","-432,000,000","87,000,000","-503,000,000","311,000,000","480,000,000","435,000,000","265,000,000","199,000,000","-76,000,000","77,000,000","141,000,000","6,000,000","124,000,000","121,000,000","355,000,000","173,000,000","-586,000,000","74,000,000","165,000,000","197,000,000","179,000,000","261,000,000","587,000,000","538,000,000","511,000,000","391,000,000","252,000,000","167,000,000","134,000,000","111,000,000","158,000,000","119,000,000","122,000,000","101,000,000","-307,000,000","162,000,000","184,000,000","167,000,000","85,000,000","173,000,000","165,000,000","215,000,000","39,000,000","300,000,000","307,000,000","300,000,000",,,,,,,,,,,,,,,,,,
TaxProvision,"188,000,000","-159,000,000","146,000,000","102,000,000","99,000,000","34,000,000","50,000,000","67,000,000","94,000,000","263,000,000","137,000,000","128,000,000","106,000,000","143,000,000","83,000,000","130,000,000","89,000,000","-1,232,000,000","153,000,000","-89,000,000","83,000,000","108,000,000","107,000,000","-9,000,000","41,000,000","120,000,000","106,000,000","110,000,000","130,000,000","34,000,000","147,000,000","28,000,000","-83,000,000","-589,000,000","41,000,000","94,000,000","-69,000,000","74,000,000","130,000,000","57,000,000","70,000,000","154,000,000","-84,000,000","118,000,000","123,000,000","50,000,000","170,000,000","25,000,000","-24,000,000","-321,000,000","212,000,000","348,000,000","230,000,000","-112,000,000","118,000,000","97,000,000","59,000,000","94,000,000","89,000,000","89,000,000","143,000,000","1,662,000,000","163,000,000","61,000,000","35,000,000","-87,000,000","-373,000,000","180,000,000","18,000,000","38,000,000","122,000,000","28,000,000","41,000,000","-34,000,000","-59,000,000","-38,000,000","39,000,000","-172,000,000","85,000,000","-10,000,000","43,000,000","-96,000,000","-45,000,000","-156,000,000","27,000,000","-232,000,000","71,000,000","142,000,000","136,000,000","22,000,000","54,000,000","-18,000,000","33,000,000","11,000,000","-15,000,000","38,000,000","46,000,000","94,000,000","71,000,000","-167,000,000","40,000,000","1,000,000","86,000,000","80,000,000","163,000,000","168,000,000","210,000,000","195,000,000","145,000,000","88,000,000","58,000,000","47,000,000","39,000,000","58,000,000","71,000,000","45,000,000","37,000,000","-131,000,000","62,000,000","70,000,000","63,000,000","31,000,000","64,000,000","61,000,000","83,000,000","16,000,000","119,000,000","122,000,000","120,000,000",,,,,,,,,,,,,,,,,,
EarningsFromEquityInterestNetOfTax,"313,000,000","66,000,000","94,000,000","104,000,000","49,000,000","64,000,000","-28,000,000","72,000,000","-31,000,000","29,000,000","27,000,000","80,000,000","114,000,000","79,000,000","92,000,000","70,000,000","95,000,000","64,000,000","45,000,000","20,000,000","48,000,000","47,000,000","43,000,000","45,000,000","63,000,000","33,000,000","-13,000,000","62,000,000","35,000,000","-136,000,000","-72,000,000","41,000,000","-33,000,000","-9,000,000","16,000,000","-36,000,000","-10,000,000","9,000,000","34,000,000","-26,000,000","44,000,000","-1,000,000","50,000,000","57,000,000","53,000,000","37,000,000","22,000,000","7,000,000","-2,000,000",,,"-32,000,000",,"-2,000,000","5,000,000","30,000,000","16,000,000",,,,,,,,,,,,,,,,,,,,,,,,,,,,,,,,,,,,,,,,,,,,,,,,,,,,,,,,,,,,,,,,,,,,,,,,,,,,,,,,,,,,,,,,,,
NetIncomeCommonStockholders,"1,752,000,000","107,000,000","864,000,000","432,000,000","349,000,000","153,000,000","204,000,000","266,000,000","-141,000,000","165,000,000","344,000,000","292,000,000","424,000,000","316,000,000","562,000,000","405,000,000","729,000,000","1,460,000,000","395,000,000","80,000,000","209,000,000","218,000,000","312,000,000","40,000,000","334,000,000","178,000,000","220,000,000","227,000,000","313,000,000","134,000,000","355,000,000","161,000,000","-95,000,000","436,000,000","382,000,000","259,000,000","318,000,000","235,000,000","237,000,000","134,000,000","188,000,000","257,000,000","518,000,000","224,000,000","342,000,000","316,000,000","397,000,000","93,000,000","-162,000,000","-101,000,000","371,000,000","136,000,000","257,000,000","-1,791,000,000","149,000,000","227,000,000","133,000,000","327,000,000","217,000,000","190,000,000","434,000,000","1,971,000,000","201,000,000","115,000,000","-1,237,000,000","-77,000,000","1,023,000,000","77,000,000","77,000,000","248,000,000","-549,000,000","193,000,000","73,000,000","48,000,000","122,000,000","88,000,000","44,000,000","-1,305,000,000","145,000,000","215,000,000","65,000,000","-572,000,000","-275,000,000","-313,000,000","-44,000,000","-371,000,000","-135,000,000","270,000,000","378,000,000","80,000,000","142,000,000","-71,000,000","44,000,000","54,000,000","21,000,000","86,000,000","75,000,000","132,000,000","102,000,000","-419,000,000","34,000,000","-5,000,000","111,000,000","99,000,000","98,000,000","263,000,000","328,000,000","316,000,000","246,000,000","89,000,000","109,000,000","87,000,000","72,000,000","100,000,000","48,000,000","77,000,000","64,000,000","-226,000,000","98,000,000","112,000,000","102,000,000","54,000,000","109,000,000","104,000,000","132,000,000","23,000,000","181,000,000","185,000,000","180,000,000",,,,,,,,,,,,,,,,,,
	NetIncome,"1,752,000,000","107,000,000","864,000,000","432,000,000","349,000,000","153,000,000","204,000,000","266,000,000","-141,000,000","165,000,000","344,000,000","292,000,000","424,000,000","316,000,000","562,000,000","405,000,000","729,000,000","1,460,000,000","395,000,000","80,000,000","209,000,000","218,000,000","312,000,000","40,000,000","334,000,000","178,000,000","220,000,000","227,000,000","313,000,000","134,000,000","355,000,000","161,000,000","-95,000,000","436,000,000","382,000,000","259,000,000","318,000,000","235,000,000","237,000,000","134,000,000","188,000,000","257,000,000","518,000,000","224,000,000","342,000,000","316,000,000","397,000,000","93,000,000","-162,000,000","-101,000,000","371,000,000","136,000,000","257,000,000","-1,791,000,000","149,000,000","227,000,000","133,000,000","327,000,000","217,000,000","190,000,000","434,000,000","1,971,000,000","201,000,000","115,000,000","-1,237,000,000","-77,000,000","1,023,000,000","77,000,000","77,000,000","248,000,000","-549,000,000","193,000,000","73,000,000","51,000,000","122,000,000","88,000,000","54,000,000","-130,000,000","145,000,000","215,000,000","65,000,000","-572,000,000","-275,000,000","-313,000,000","18,000,000","-371,000,000","-135,000,000","270,000,000","378,000,000","80,000,000","142,000,000","-71,000,000","44,000,000","54,000,000","21,000,000","86,000,000","75,000,000","132,000,000","102,000,000","-419,000,000","34,000,000","-5,000,000","111,000,000","99,000,000","98,000,000","263,000,000","328,000,000","316,000,000","246,000,000","164,000,000","109,000,000","87,000,000","72,000,000","100,000,000","48,000,000","77,000,000","64,000,000","-226,000,000","98,000,000","112,000,000","102,000,000","54,000,000","109,000,000","104,000,000","132,000,000","23,000,000","181,000,000","185,000,000","180,000,000",,,,,,,,,,,,,,,,,,
		NetIncomeIncludingNoncontrollingInterests,"1,754,000,000","107,000,000","864,000,000","434,000,000","349,000,000","153,000,000","204,000,000","266,000,000","-141,000,000","166,000,000","342,000,000","286,000,000","426,000,000","318,000,000","562,000,000","407,000,000","730,000,000","1,460,000,000","395,000,000","80,000,000","209,000,000","219,000,000","309,000,000","40,000,000","334,000,000","178,000,000","210,000,000","218,000,000","311,000,000","128,000,000","349,000,000","158,000,000","-99,000,000","430,000,000","376,000,000","257,000,000","315,000,000","232,000,000","238,000,000","137,000,000","192,000,000","261,000,000","515,000,000","232,000,000","347,000,000","319,000,000","399,000,000","100,000,000","-153,000,000","-97,000,000","377,000,000","140,000,000","261,000,000","-1,806,000,000","152,000,000","234,000,000","138,000,000","334,000,000","223,000,000","195,000,000","440,000,000","1,974,000,000","206,000,000","120,000,000","-1,232,000,000","-73,000,000","1,026,000,000","89,000,000","60,000,000","261,000,000","-547,000,000","226,000,000","87,000,000","75,000,000","142,000,000","127,000,000","94,000,000","-100,000,000","183,000,000","246,000,000","96,000,000","-537,000,000","-242,000,000","-276,000,000","60,000,000","-321,000,000","-70,000,000","338,000,000","433,000,000","126,000,000","185,000,000","-31,000,000","76,000,000","89,000,000","26,000,000","102,000,000","95,000,000","163,000,000","137,000,000","-390,000,000","68,000,000","21,000,000","141,000,000","137,000,000","173,000,000","309,000,000","381,000,000","359,000,000","246,000,000","164,000,000","109,000,000","87,000,000","72,000,000","100,000,000","48,000,000","77,000,000","64,000,000","-226,000,000","98,000,000","112,000,000","102,000,000","54,000,000","109,000,000","104,000,000","132,000,000","23,000,000","181,000,000","185,000,000","180,000,000","197,000,000","214,000,000","229,000,000","223,000,000","206,000,000","201,000,000","188,000,000","159,000,000","125,000,000","102,000,000","90,000,000","90,000,000","132,000,000","85,000,000","71,000,000","17,300,000","41,900,000","15,200,000"
			NetIncomeContinuousOperations,"1,124,000,000","-523,000,000","864,000,000","434,000,000","349,000,000","153,000,000","204,000,000","266,000,000","-141,000,000","166,000,000","342,000,000","286,000,000","426,000,000","318,000,000","562,000,000","430,000,000","362,000,000","1,426,000,000","395,000,000","80,000,000","209,000,000","219,000,000","309,000,000","40,000,000","339,000,000","178,000,000","210,000,000","218,000,000","311,000,000","137,000,000","333,000,000","161,000,000","-97,000,000","425,000,000","386,000,000","233,000,000","289,000,000","222,000,000","224,000,000","121,000,000","187,000,000","261,000,000","515,000,000","232,000,000","298,000,000","319,000,000","399,000,000","100,000,000","-153,000,000","-97,000,000","377,000,000","140,000,000","261,000,000","-1,811,000,000","152,000,000","235,000,000","155,000,000","345,000,000","226,000,000","205,000,000","463,000,000","2,245,000,000","118,000,000","121,000,000","72,000,000","-78,000,000","745,000,000","89,000,000","60,000,000","170,000,000","210,000,000","134,000,000","84,000,000","75,000,000","142,000,000","127,000,000","94,000,000","-100,000,000","183,000,000","246,000,000","96,000,000","-537,000,000","-242,000,000","-276,000,000","60,000,000","-271,000,000","240,000,000","338,000,000","299,000,000","243,000,000","145,000,000","-58,000,000","44,000,000","130,000,000","21,000,000","86,000,000","75,000,000","261,000,000","102,000,000","-419,000,000","34,000,000","164,000,000","111,000,000","99,000,000","98,000,000","419,000,000","328,000,000","316,000,000","246,000,000","164,000,000","109,000,000","87,000,000","72,000,000","100,000,000","48,000,000","77,000,000","64,000,000","-176,000,000","100,000,000","114,000,000","104,000,000","54,000,000","109,000,000","104,000,000","132,000,000","23,000,000","181,000,000","185,000,000","180,000,000","197,000,000","214,000,000","229,000,000","223,000,000","206,000,000","201,000,000","188,000,000","159,000,000","125,000,000","102,000,000","90,000,000","90,000,000","132,000,000","85,000,000","71,000,000","17,300,000","41,900,000","15,200,000"
			NetIncomeDiscontinuousOperations,"630,000,000","-8,000,000",,,,,,,,"0","0","0","0","0","0","-23,000,000","368,000,000","34,000,000","0","0","0","0",,"0","-5,000,000",,"0","0","0","-9,000,000","16,000,000","-3,000,000","-2,000,000","5,000,000","-10,000,000","24,000,000","26,000,000","10,000,000","14,000,000","16,000,000","5,000,000","0","0","0","49,000,000",,,,,"0","0","0","0","5,000,000","0","-1,000,000","-17,000,000","-11,000,000","-3,000,000","-10,000,000","-23,000,000","-271,000,000","88,000,000","-1,000,000","-1,304,000,000","5,000,000","281,000,000",,,"91,000,000","-757,000,000","92,000,000","3,000,000",,,,,,,,,,,,,,,,,,,,,,,,,,,,,,,,,,,,,,,,,,,,,,,,,,,,,,,,,,,,,,,,,,,,,,,,,,
			NetIncomeExtraordinary,,,,,,,,,,,,,,,,,,,,,,,,,,,,,,,,,,,,,,,,,,,,,,,,,,,,,,,,,,,,,,,,,,,,,,,"0","0","0","-3,000,000",,,"-10,000,000",,,,,"0",,,"-16,000,000","-50,000,000","-310,000,000","0","134,000,000",,,,,,,,,,,,,,,,,,,,,,,,,,,,,,,,,,,,,,,,,,,,,,,,,,,,,,,,,,
			NetIncomeFromTaxLossCarryforward,,,,,,,,,,,,,,,,,,,,,,,,,,,,,,,,,,,,,,,,,,,,,,,,,,,,,,,,,,,,,,,,,,,,,,,,,,,,,,,,,,"0",,,"-46,000,000","-50,000,000","-310,000,000",,"134,000,000","0","-3,000,000","-13,000,000",,,,,,,,,,,,,,,,,,,,,,,,,,"0","-2,000,000","-2,000,000","-2,000,000",,,,,,,,,,,,,,,,,,,,,,,,,,
		MinorityInterests,"-2,000,000","0","0","-2,000,000",,"0","0","0","0","-1,000,000","2,000,000","6,000,000","-2,000,000","-2,000,000","0","-2,000,000","-1,000,000","0","0","0","0","-1,000,000","3,000,000","0","0","0","10,000,000","9,000,000","2,000,000","6,000,000","6,000,000","3,000,000","4,000,000","6,000,000","6,000,000","2,000,000","3,000,000","3,000,000","-1,000,000","-3,000,000","-4,000,000","-4,000,000","3,000,000","-8,000,000","-5,000,000","-3,000,000","-2,000,000","-7,000,000","-9,000,000","-4,000,000","-6,000,000","-4,000,000","-4,000,000",,"-3,000,000","-7,000,000","-5,000,000","-7,000,000","-6,000,000","-5,000,000","-6,000,000","-3,000,000","-5,000,000","-5,000,000","-5,000,000","-4,000,000","-3,000,000","-12,000,000","17,000,000","-13,000,000","-2,000,000","-33,000,000","-14,000,000","-24,000,000","-20,000,000","-39,000,000","-40,000,000","-30,000,000","-38,000,000","-31,000,000","-31,000,000","-35,000,000","-33,000,000","-37,000,000","-42,000,000","-50,000,000","-65,000,000","-68,000,000","-55,000,000","-46,000,000","-43,000,000","-40,000,000","-32,000,000","-35,000,000","-5,000,000","-16,000,000","-20,000,000","-31,000,000","-35,000,000","-29,000,000","-34,000,000","-26,000,000","-30,000,000","-38,000,000","-75,000,000","-46,000,000","-53,000,000","-43,000,000",,,,,,,,,,,,,,,,,,,,,,,,,,,,,,,,,,,,,,,
	OtherunderPreferredStockDividend,,,,,,,,,,,,,,,,,,,,,,,,,,,,,,,,,,,,,,,,,,,,,,,,,,,,,,,,,,,,,,,,,,,,,,,,,,"3,000,000",,"0","10,000,000","1,175,000,000","0","0","0","0","0","0","62,000,000",,,,,,,,,,,,,,,,,,,,,,,,,,,,,,,,,,,,,,,,,,,,,,,,,,,,,,,,,,,,,,
DilutedNIAvailtoComStockholders,"1,752,000,000","107,000,000","864,000,000","432,000,000","349,000,000","153,000,000","204,000,000","266,000,000","-141,000,000","165,000,000","344,000,000","292,000,000","424,000,000","316,000,000","562,000,000","405,000,000","729,000,000","1,460,000,000","395,000,000","80,000,000","209,000,000","218,000,000","312,000,000","40,000,000","334,000,000","178,000,000","220,000,000","227,000,000","313,000,000","134,000,000","355,000,000","161,000,000","-95,000,000","436,000,000","382,000,000","259,000,000","318,000,000","235,000,000","237,000,000","134,000,000","188,000,000","257,000,000","518,000,000","224,000,000","342,000,000","316,000,000","397,000,000","93,000,000","-162,000,000","-101,000,000","371,000,000","136,000,000","257,000,000","-1,791,000,000","149,000,000","227,000,000","133,000,000","327,000,000","217,000,000","190,000,000","434,000,000","1,971,000,000","201,000,000","115,000,000","-1,237,000,000","-77,000,000","1,023,000,000","77,000,000","77,000,000","248,000,000","-549,000,000","193,000,000","73,000,000","48,000,000","122,000,000","88,000,000","44,000,000","-1,305,000,000","145,000,000","215,000,000","65,000,000","-572,000,000","-275,000,000","-313,000,000","-44,000,000","-371,000,000","-135,000,000","270,000,000","378,000,000","80,000,000","142,000,000","-71,000,000","44,000,000","54,000,000","21,000,000","86,000,000","75,000,000","132,000,000","102,000,000","-419,000,000","34,000,000","-5,000,000","111,000,000","99,000,000","98,000,000","263,000,000","328,000,000","316,000,000","246,000,000","89,000,000","109,000,000","87,000,000","72,000,000","100,000,000","48,000,000","77,000,000","64,000,000","-226,000,000","98,000,000","112,000,000","102,000,000","54,000,000","109,000,000","104,000,000","132,000,000","23,000,000","181,000,000","185,000,000","180,000,000",,,,,,,,,,,,,,,,,,
BasicEPS,,"0.28","2.231","1.1","0.89","0.39","0.52","0.67","-0.36","0.42","0.88","0.73","1.06","0.79","1.38","0.98","1.76","3.54","0.96","0.19","0.51","0.53","0.76","0.1","0.81","0.43","0.53","0.54","0.74","0.32","0.84","0.37","-0.21","0.99","0.86","0.58","0.72","0.54","0.54","0.31","0.43",,"1.2","0.52","0.79",,"0.92","0.22","-0.38",,"0.87","0.32","0.61",,"0.35","1.08","0.32",,"0.51","0.44","0.98",,"0.42","0.24","-2.54",,"2.11","0.16","0.16",,"-1.13","0.4","0.15",,"0.25","0.19","0.09",,"0.3","0.45","0.13",,"-0.57","-0.65","-0.09",,"-0.28","0.64","0.91",,"0.34","-0.17","0.14",,"0.07","0.28","0.25",,"0.34","-1.39","0.11",,"0.37","0.33","0.36",,"1.27","1.25","0.98",,"0.44","0.35","0.29",,"0.2","0.31","0.26",,"0.4","0.46","0.43",,"0.49","0.48","0.6",,"0.83","0.85","0.83",,"0.96","1.02","0.98",,"0.87","0.82","0.69",,"0.46","0.4","0.41",,"0.42","0.34","0.07",,"0.05"
DilutedEPS,,"0.28","2.22","1.09","0.88","0.39","0.52","0.67","-0.36","0.42","0.87","0.73","1.05","0.78","1.37","0.97","1.74","3.5","0.95","0.19","0.5","0.53","0.75","0.1","0.81","0.43","0.53","0.54","0.74","0.32","0.83","0.37","-0.21","0.98","0.85","0.57","0.71","0.53","0.54","0.31","0.43",,"1.19","0.52","0.78",,"0.91","0.21","-0.38",,"0.87","0.32","0.61",,"0.35","0.54","0.31",,"0.51","0.44","0.97",,"0.42","0.24","-2.54",,"2.03","0.16","0.16",,"-1.13","0.4","0.15",,"0.25","0.183","0.09",,"0.3","0.444","0.13",,"-0.57","-0.65","-0.091",,"-0.28","0.64","0.91",,"0.34","-0.17","0.14",,"0.07","0.28","0.25",,"0.34","-1.39","0.11",,"0.37","0.33","0.36",,"1.27","1.25","0.98",,"0.44","0.35","0.29",,"0.2","0.31","0.26",,"0.4","0.46","0.43",,"0.49","0.48","0.6",,"0.83","0.85","0.83",,"0.96","1.02","0.98",,"0.87","0.82","0.69",,"0.46","0.4","0.41",,"0.42","0.34","0.07",,"0.05"
BasicAverageShares,,"382,142,857","387,200,000","392,727,273","392,134,831","392,307,692","392,307,692","397,014,925","391,666,667","392,857,143","390,909,091","400,000,000","400,000,000","400,000,000","407,246,377","413,265,306","414,204,545","412,429,379","411,458,333","421,052,632","409,803,922","411,320,755","410,526,316","400,000,000","412,345,679","413,953,488","415,094,340","420,370,370","422,972,973","418,750,000","422,619,048","435,135,135","452,380,952","440,404,040","444,186,047","446,551,724","441,666,667","435,185,185","438,888,889","432,258,065","437,209,302",,"435,200,000","430,769,231","432,911,392",,"433,800,000","422,727,273","426,315,789",,"426,436,782","425,000,000","423,100,000",,"425,714,286","421,100,000","420,600,000",,"422,300,000","428,000,000","445,300,000",,"482,500,000","486,900,000","486,300,000",,"486,000,000","485,900,000","486,100,000",,"486,400,000","485,600,000","484,400,000",,"479,800,000","479,000,000","479,000,000",,"481,100,000","482,700,000","482,300,000",,"482,900,000","483,100,000","482,700,000",,"481,600,000","421,000,000","413,500,000",,"413,500,000","413,000,000","412,100,000",,"307,200,000","306,700,000","302,300,000",,"302,300,000","301,100,000","300,600,000",,"300,000,000","299,100,000","268,900,000",,"258,700,000","253,600,000","252,800,000",,"249,600,000","249,200,000","248,400,000",,"240,000,000","248,387,097","246,153,846",,"245,000,000","243,478,261","237,209,302",,"222,448,980","216,666,667","220,000,000",,"218,072,289","217,647,059","216,867,470",,"219,200,000","221,400,000","222,108,000",,"223,600,000","222,932,000","210,772,000",,"210,772,000","209,084,000","209,600,000",,"191,656,000","191,656,000","191,656,000",,"202,008,000"
DilutedAverageShares,,"387,100,000","392,600,000","396,800,000","394,800,000","395,900,000","394,600,000","397,014,925","392,600,000","395,600,000","395,400,000","400,000,000","403,200,000","406,600,000","411,400,000","417,700,000","418,200,000","417,800,000","417,400,000","421,052,632","416,000,000","415,600,000","415,300,000","414,700,000","414,000,000","416,300,000","417,500,000","421,900,000","423,700,000","424,900,000","428,600,000","435,135,135","452,380,952","445,300,000","449,700,000","448,500,000","446,100,000","441,500,000","439,800,000","438,200,000","438,600,000",,"435,200,000","430,769,231","433,800,000",,"433,800,000","433,400,000","428,800,000",,"428,700,000","425,400,000","423,100,000",,"425,714,286","422,600,000","423,300,000",,"425,600,000","431,200,000","448,400,000",,"484,900,000","487,200,000","491,700,000",,"507,100,000","487,400,000","488,900,000",,"489,000,000","485,600,000","487,400,000",,"479,800,000","480,200,000","480,100,000",,"482,300,000","484,700,000","484,300,000",,"482,900,000","483,100,000","483,700,000",,"481,700,000","429,600,000","423,000,000",,"416,800,000","413,000,000","414,400,000",,"307,200,000","307,900,000","303,200,000",,"304,600,000","301,100,000","300,900,000",,"300,000,000","299,100,000","268,900,000",,"258,700,000","253,600,000","252,800,000",,"249,600,000","249,200,000","248,400,000",,"240,000,000","248,387,097","246,153,846",,"245,000,000","243,478,261","237,209,302",,"222,448,980","216,666,667","220,000,000",,"218,072,289","217,647,059","216,867,470",,"219,200,000","221,400,000","222,108,000",,"223,600,000","222,932,000","210,772,000",,"210,772,000","209,084,000","209,600,000",,"191,656,000","191,656,000","191,656,000",,"202,008,000"
TotalExpenses,"17,897,000,000","2,622,000,000","5,164,000,000","5,144,000,000","4,967,000,000","4,845,000,000","4,642,000,000","4,477,000,000","4,938,000,000","4,888,000,000","4,923,000,000","5,051,000,000","5,089,000,000","5,024,000,000","5,068,000,000","5,148,000,000","5,104,000,000","4,193,000,000","5,258,000,000","5,317,000,000","5,131,000,000","4,958,000,000","4,710,000,000","5,179,000,000","4,632,000,000","4,887,000,000","5,010,000,000","5,110,000,000","4,974,000,000","5,340,000,000","5,317,000,000","6,576,000,000","6,502,000,000","6,663,000,000","6,771,000,000","6,821,000,000","6,637,000,000","6,601,000,000","6,492,000,000","6,602,000,000","6,247,000,000","5,577,000,000","6,072,000,000","6,099,000,000","5,830,000,000","6,037,000,000","6,021,000,000","5,702,000,000","5,618,000,000","5,143,000,000","5,010,000,000","4,982,000,000","4,903,000,000","6,283,000,000","6,459,000,000","5,414,000,000","5,348,000,000","5,327,000,000","5,115,000,000","4,892,000,000","4,846,000,000","3,580,000,000","5,460,000,000","5,811,000,000","5,383,000,000","5,905,000,000","5,660,000,000","6,102,000,000","6,148,000,000","6,159,000,000","6,074,000,000","6,003,000,000","6,029,000,000","6,142,000,000","6,001,000,000","5,899,000,000","5,735,000,000","5,840,000,000","5,873,000,000","5,819,000,000","5,704,000,000","5,931,000,000","6,147,000,000","6,301,000,000","6,549,000,000","6,728,000,000","7,078,000,000","6,069,000,000","5,797,000,000","5,802,000,000","5,797,000,000","5,677,000,000","4,740,000,000","4,788,000,000","4,704,000,000","4,433,000,000","4,600,000,000","5,439,000,000","4,791,000,000","4,781,000,000","4,624,000,000","4,825,000,000","4,745,000,000","4,739,000,000","4,414,000,000","4,477,000,000","4,425,000,000","4,392,000,000","3,997,000,000","3,781,000,000","3,533,000,000","3,413,000,000","3,226,000,000","3,175,000,000","3,207,000,000","3,305,000,000","3,188,000,000","3,618,000,000","3,257,000,000","3,152,000,000","3,118,000,000","3,054,000,000","3,025,000,000","2,868,000,000","2,803,000,000","3,176,000,000","2,897,000,000","2,865,000,000","2,799,000,000",,,,,,,,,,,,,,,,,,
NetIncomeFromContinuingAndDiscontinuedOperation,"1,752,000,000","107,000,000","864,000,000","432,000,000","349,000,000","153,000,000","204,000,000","266,000,000","-141,000,000","165,000,000","344,000,000","292,000,000","424,000,000","316,000,000","562,000,000","405,000,000","729,000,000","1,460,000,000","395,000,000","80,000,000","209,000,000","218,000,000","312,000,000","40,000,000","334,000,000","178,000,000","220,000,000","227,000,000","313,000,000","134,000,000","355,000,000","161,000,000","-95,000,000","436,000,000","382,000,000","259,000,000","318,000,000","235,000,000","237,000,000","134,000,000","188,000,000","257,000,000","518,000,000","224,000,000","342,000,000","316,000,000","397,000,000","93,000,000","-162,000,000","-101,000,000","371,000,000","136,000,000","257,000,000","-1,791,000,000","149,000,000","227,000,000","133,000,000","327,000,000","217,000,000","190,000,000","434,000,000","1,971,000,000","201,000,000","115,000,000","-1,237,000,000","-77,000,000","1,023,000,000","77,000,000","77,000,000","248,000,000","-549,000,000","193,000,000","73,000,000","51,000,000","122,000,000","88,000,000","54,000,000","-130,000,000","145,000,000","215,000,000","65,000,000","-572,000,000","-275,000,000","-313,000,000","18,000,000","-321,000,000","175,000,000","270,000,000","244,000,000","80,000,000","145,000,000","-58,000,000","44,000,000","54,000,000","21,000,000","86,000,000","75,000,000","132,000,000","102,000,000","-419,000,000","34,000,000","-5,000,000","111,000,000","99,000,000","98,000,000","263,000,000","328,000,000","316,000,000","246,000,000","164,000,000","109,000,000","87,000,000","72,000,000","100,000,000","48,000,000","77,000,000","64,000,000","-176,000,000","100,000,000","114,000,000","104,000,000","54,000,000","109,000,000","104,000,000","132,000,000","23,000,000","181,000,000","185,000,000","180,000,000",,,,,,,,,,,,,,,,,,
NormalizedIncome,"1,389,300,000","63,637,700.535","521,280,000","458,600,000","317,500,000","284,691,056.911","284,360,000","285,240,000","91,870,000","229,240,000","386,700,000","386,240,000","418,750,000","304,112,565.445","665,700,000","446,980,000","377,500,000","1,475,800,000","395,000,000","288,200,000","205,040,000","222,300,000","347,445,000","58,480,000","364,460,000","272,800,000","361,370,000","356,980,000","313,000,000","279,944,625.407","355,680,000","384,320,000","263,730,000","826,200,000","450,520,000","223,100,000","330,350,000","238,358,885.017","256,150,000","189,338,235.294","201,126,760.563","405,634,615.385","549,850,000","295,400,000","328,285,326.087","326,192,771.084","397,000,000","206,491,525.424","23,514,285.714","613,350,000","467,650,254.669","218,550,000","328,500,000","82,503,649.635","110,000,000","234,788,079.47","178,782,828.283","334,856,492.027","244,393,650.794","217,431,972.789","230,848,184.818","34,600,000","102,200,000","201,763,736.264","87,186,915.888","63,800,000","672,400,000","63,200,000","188,538,461.538","206,855,769.231","197,879,518.072","215,148,148.148","79,408,000","110,400,000","173,600,000","137,200,000","70,255,639.098","187,400,000","155,925,373.134","245,600,000","58,093,525.18","60,014,218.009","90,951,219.512","58,833,333.333","24,896,551.724","130,200,000","278,408,360.129","322,812,500","249,498,850.575","270,732,075.472","201,834,170.854","119,052,631.579","43,400,000","55,843,971.631","84,000,000","90,161,290.323","75,000,000","-404,704,225.352","102,000,000","70,786,689.42","34,000,000","159,000,000","111,000,000","99,000,000","51,800,000","263,000,000","328,000,000","316,000,000","246,000,000","164,000,000","109,000,000","87,000,000","72,000,000","100,000,000","48,000,000","77,000,000","64,000,000","-176,000,000","100,000,000","114,000,000","104,000,000","54,000,000","109,000,000","104,000,000","132,000,000","23,000,000","181,000,000","185,000,000","180,000,000",,,,,,,,,,,,,,,,,,
InterestIncome,"93,000,000","-23,000,000","24,000,000","60,000,000","32,000,000","34,000,000","36,000,000","40,000,000","46,000,000","55,000,000","54,000,000","55,000,000","51,000,000",,,"50,000,000","45,000,000","46,000,000","46,000,000","49,000,000","45,000,000","46,000,000","49,000,000","43,000,000","37,000,000","30,000,000","17,000,000","20,000,000","22,000,000","23,000,000","14,000,000","12,000,000","21,000,000","16,000,000","15,000,000","13,000,000","13,000,000",,,,,,,,,,,,,"9,000,000",,,"9,000,000",,,,,,,,,,,,,,,,,,,,,,,,,,,,,,,,,,,,,,,,,,,,,,,,,,,,,,,,,,,,,,,,,,,,,,,,,,,,,,,,,,,,,,,,,,,,,,
InterestExpense,"430,000,000","72,000,000","117,000,000","117,000,000","124,000,000","133,000,000","148,000,000","156,000,000","163,000,000","168,000,000","177,000,000","177,000,000","184,000,000","333,000,000","133,000,000","183,000,000","180,000,000","187,000,000","198,000,000","186,000,000","187,000,000","182,000,000","181,000,000","172,000,000","160,000,000","163,000,000","158,000,000","164,000,000","159,000,000","165,000,000","172,000,000","177,000,000","163,000,000","149,000,000","162,000,000","181,000,000","177,000,000","240,000,000","163,000,000","172,000,000","168,000,000",,"130,000,000","137,000,000","136,000,000","150,000,000","152,000,000","157,000,000","149,000,000","172,000,000",,"173,000,000","173,000,000","266,000,000","144,000,000","81,000,000","81,000,000","79,000,000","77,000,000","80,000,000","61,000,000","80,000,000","144,000,000","148,000,000","148,000,000","151,000,000","120,000,000","166,000,000","179,000,000","175,000,000","188,000,000","183,000,000","196,000,000","185,000,000","203,000,000","194,000,000","184,000,000","193,000,000","186,000,000","199,000,000","205,000,000","211,000,000","235,000,000","235,000,000","248,000,000","251,000,000","278,000,000","156,000,000","131,000,000",,,,,,,,,,,,,,,,,,,,,,,,,,,,,,,,,,,,,,,,,,,,,,,,,,,,,,,,,,
NetInterestIncome,"-337,000,000","-95,000,000","-93,000,000","-57,000,000","-92,000,000","-99,000,000","-112,000,000","-116,000,000","-117,000,000","-113,000,000","-123,000,000","-122,000,000","-133,000,000","-135,000,000","-133,000,000","-133,000,000","-135,000,000","-141,000,000","-152,000,000","-137,000,000","-142,000,000","-136,000,000","-132,000,000","-129,000,000","-123,000,000","-133,000,000","-141,000,000","-144,000,000","-137,000,000","-142,000,000","-158,000,000","-165,000,000","-142,000,000","-133,000,000","-147,000,000","-168,000,000","-164,000,000","-169,000,000","-163,000,000","-172,000,000","-168,000,000","-138,000,000","-130,000,000","-137,000,000","-136,000,000","-150,000,000","-152,000,000","-157,000,000","-149,000,000","-163,000,000","-169,000,000","-173,000,000","-164,000,000","-186,000,000","-144,000,000","-81,000,000","-81,000,000","-79,000,000","-77,000,000","-80,000,000","-61,000,000","-80,000,000","-144,000,000","-148,000,000","-148,000,000","-151,000,000","-120,000,000","-166,000,000","-179,000,000","-175,000,000","-188,000,000","-183,000,000","-196,000,000","-185,000,000","-203,000,000","-194,000,000","-184,000,000","-193,000,000","-186,000,000","-199,000,000","-205,000,000","-211,000,000","-235,000,000","-235,000,000","-248,000,000","-251,000,000","-278,000,000","-156,000,000","-131,000,000",,,,,,,,,,,,,,,,,,,,,,,,,,,,,,,,,,,,,,,,,,,,,,,,,,,,,,,,,,
EBIT,"1,429,000,000","-676,000,000","1,033,000,000","549,000,000","523,000,000","256,000,000","430,000,000","417,000,000","147,000,000","568,000,000","629,000,000","511,000,000","602,000,000","715,000,000","686,000,000","673,000,000","536,000,000","317,000,000","701,000,000","157,000,000","431,000,000","462,000,000","554,000,000","158,000,000","477,000,000","428,000,000","487,000,000","430,000,000","565,000,000","472,000,000","724,000,000","325,000,000","16,000,000","-6,000,000","573,000,000","544,000,000","407,000,000","527,000,000","483,000,000","376,000,000","381,000,000","874,000,000","511,000,000","430,000,000","504,000,000","482,000,000","699,000,000","275,000,000","-26,000,000","-256,000,000","909,000,000","661,000,000","691,000,000","-1,652,000,000","409,000,000","383,000,000","279,000,000","518,000,000","392,000,000","374,000,000","667,000,000","3,987,000,000","425,000,000","330,000,000","255,000,000","-14,000,000","492,000,000","435,000,000","257,000,000","383,000,000","520,000,000","345,000,000","321,000,000","226,000,000","286,000,000","283,000,000","317,000,000","-79,000,000","454,000,000","435,000,000","344,000,000","-422,000,000","-52,000,000","-197,000,000","335,000,000","-252,000,000","589,000,000","636,000,000","566,000,000","-20,000,000","454,000,000","319,000,000","222,000,000","111,000,000","235,000,000","274,000,000","268,000,000","-313,000,000","328,000,000","253,000,000","238,000,000","231,000,000","363,000,000","354,000,000","384,000,000","599,000,000","720,000,000","692,000,000","495,000,000","346,000,000","259,000,000","220,000,000","188,000,000","237,000,000","198,000,000","201,000,000","174,000,000","-240,000,000","221,000,000","234,000,000","238,000,000","161,000,000","252,000,000","246,000,000","294,000,000","111,000,000","370,000,000","376,000,000","366,000,000","-6,790,000,000","2,900,000,000","3,000,000,000","2,600,000,000","-5,661,000,000","2,400,000,000","2,400,000,000","2,300,000,000","-5,010,000,000","2,000,000,000","1,910,000,000","1,800,000,000","-3,163,000,000","1,250,000,000","1,231,000,000","1,140,000,000","-3,264,100,000","1,100,000,000"
EBITDA,"2,639,000,000"
ReconciledCostOfRevenue,"13,719,000,000","2,035,000,000","3,924,000,000","3,913,000,000","3,847,000,000","3,659,000,000","3,541,000,000","3,427,000,000","3,746,000,000","3,666,000,000","3,772,000,000","3,901,000,000","3,929,000,000","3,798,000,000","3,887,000,000","3,922,000,000","3,948,000,000","3,151,000,000","4,024,000,000","4,105,000,000","3,940,000,000","3,807,000,000","3,622,000,000","4,112,000,000","3,611,000,000","3,765,000,000","3,891,000,000","3,968,000,000","3,844,000,000","4,105,000,000","4,056,000,000","5,228,000,000","5,175,000,000","5,276,000,000","5,313,000,000","5,414,000,000","5,220,000,000","5,193,000,000","5,140,000,000","5,270,000,000","4,984,000,000","4,662,000,000","4,793,000,000","4,880,000,000","4,625,000,000","4,770,000,000","4,758,000,000","4,490,000,000","4,464,000,000","3,950,000,000","3,758,000,000","3,781,000,000","3,731,000,000","5,022,000,000","5,154,000,000","4,305,000,000","4,261,000,000","4,242,000,000","4,086,000,000","3,881,000,000","3,851,000,000","2,735,000,000","4,343,000,000","4,643,000,000","4,229,000,000","4,726,000,000","4,641,000,000","4,893,000,000","4,904,000,000","4,888,000,000","4,903,000,000","4,778,000,000","4,759,000,000","4,879,000,000","4,754,000,000","4,664,000,000","4,506,000,000","4,592,000,000","4,611,000,000","4,588,000,000","4,465,000,000","4,568,000,000","4,789,000,000","4,914,000,000","5,138,000,000","5,137,000,000","5,611,000,000","4,770,000,000","4,564,000,000","4,516,000,000","4,593,000,000","4,344,000,000","3,789,000,000","3,803,000,000","3,780,000,000","3,524,000,000","3,654,000,000","3,760,000,000","3,791,000,000","3,786,000,000","3,636,000,000","3,814,000,000","3,760,000,000","3,771,000,000","3,556,000,000","3,574,000,000","3,566,000,000","3,532,000,000","3,239,000,000","3,051,000,000","2,815,000,000","2,712,000,000","2,565,000,000","2,486,000,000","2,543,000,000","2,619,000,000","2,543,000,000","2,516,000,000","2,612,000,000","2,513,000,000","2,496,000,000","2,365,000,000","2,441,000,000","2,292,000,000","2,243,000,000","2,316,000,000","2,340,000,000","2,327,000,000","2,280,000,000",,,,,,,,,,,,,,,,,,
ReconciledDepreciation,"1,210,000,000","277,000,000","318,000,000","306,000,000","309,000,000","332,000,000","320,000,000","312,000,000","323,000,000","343,000,000","327,000,000","321,000,000","315,000,000","338,000,000","335,000,000","330,000,000","325,000,000","348,000,000","373,000,000","357,000,000","345,000,000","328,000,000","314,000,000","301,000,000","284,000,000","314,000,000","329,000,000","328,000,000","323,000,000","346,000,000","357,000,000","359,000,000","352,000,000","371,000,000","401,000,000","396,000,000","379,000,000","375,000,000","383,000,000","366,000,000","362,000,000","321,000,000","335,000,000","336,000,000","340,000,000","360,000,000","362,000,000","363,000,000","371,000,000","384,000,000","378,000,000","367,000,000","343,000,000","382,000,000","374,000,000","305,000,000","286,000,000","278,000,000","277,000,000","269,000,000","262,000,000","214,000,000","300,000,000","328,000,000","316,000,000","361,000,000","233,000,000","390,000,000","392,000,000","411,000,000","356,000,000","397,000,000","401,000,000","418,000,000","416,000,000","412,000,000","398,000,000","393,000,000","407,000,000","405,000,000","382,000,000","463,000,000","474,000,000","457,000,000","476,000,000","613,000,000","516,000,000","404,000,000","383,000,000","380,000,000","383,000,000","450,000,000","307,000,000","296,000,000","301,000,000","291,000,000","298,000,000","309,000,000","311,000,000","318,000,000","320,000,000","322,000,000","307,000,000","302,000,000","263,000,000","267,000,000","266,000,000","264,000,000","234,000,000","201,000,000","231,000,000","228,000,000","225,000,000","227,000,000","223,000,000","228,000,000","220,000,000","250,000,000","202,000,000","201,000,000","197,000,000","178,000,000","177,000,000","173,000,000","172,000,000","175,000,000","172,000,000","162,000,000","158,000,000",,,,,,,,,,,,,,,,,,
NetIncomeFromContinuingOperationNetMinorityInterest,"1,122,000,000","-523,000,000","864,000,000","432,000,000","349,000,000","153,000,000","204,000,000","266,000,000","-141,000,000","165,000,000","344,000,000","292,000,000","424,000,000","316,000,000","562,000,000","428,000,000","361,000,000","1,426,000,000","395,000,000","80,000,000","209,000,000","218,000,000","312,000,000","40,000,000","339,000,000","178,000,000","220,000,000","227,000,000","313,000,000","143,000,000","339,000,000","164,000,000","-93,000,000","431,000,000","392,000,000","235,000,000","292,000,000","225,000,000","223,000,000","118,000,000","183,000,000","257,000,000","518,000,000","224,000,000","293,000,000","316,000,000","397,000,000","93,000,000","-162,000,000","-101,000,000","371,000,000","136,000,000","257,000,000","-1,796,000,000","149,000,000","228,000,000","150,000,000","338,000,000","220,000,000","200,000,000","457,000,000","2,242,000,000","113,000,000","116,000,000","67,000,000","-82,000,000","742,000,000","77,000,000","77,000,000","157,000,000","208,000,000","101,000,000","70,000,000","51,000,000","122,000,000","88,000,000","54,000,000","-130,000,000","145,000,000","215,000,000","65,000,000","-572,000,000","-275,000,000","-313,000,000","18,000,000","-321,000,000","175,000,000","270,000,000","244,000,000","80,000,000","145,000,000","-58,000,000","44,000,000","54,000,000","21,000,000","86,000,000","75,000,000","132,000,000","102,000,000","-419,000,000","34,000,000","-5,000,000","111,000,000","99,000,000","98,000,000","263,000,000","328,000,000","316,000,000","246,000,000","164,000,000","109,000,000","87,000,000","72,000,000","100,000,000","48,000,000","77,000,000","64,000,000","-176,000,000","100,000,000","114,000,000","104,000,000","54,000,000","109,000,000","104,000,000","132,000,000","23,000,000","181,000,000","185,000,000","180,000,000",,,,,,,,,,,,,,,,,,
TotalUnusualItemsExcludingGoodwill,"-330,000,000","-745,000,000","408,000,000","-35,000,000","42,000,000","-182,000,000","-98,000,000","-26,000,000","-319,000,000","-88,000,000","-61,000,000","-152,000,000","7,000,000","19,000,000","-122,000,000","-26,000,000","-22,000,000","-83,000,000","0","-347,000,000","6,000,000","-7,000,000","-51,000,000","-28,000,000","-38,000,000","-158,000,000","-211,000,000","-194,000,000","0","-154,000,000","-24,000,000","-324,000,000","-517,000,000","-608,000,000","-77,000,000","17,000,000","-59,000,000","-18,000,000","-51,000,000","-99,000,000","-27,000,000","-236,000,000","-49,000,000","-119,000,000","-53,000,000","-12,000,000","0","-144,000,000","-215,000,000","-1,099,000,000","-151,000,000","-127,000,000","-110,000,000","-1,995,000,000","60,000,000","-10,000,000","-41,000,000","4,000,000","-34,000,000","-25,000,000","296,000,000","3,679,000,000","18,000,000","-129,000,000","-30,000,000","-243,000,000","116,000,000","23,000,000","-145,000,000","-61,000,000","16,000,000","-138,000,000","-14,000,000","-99,000,000","-86,000,000","-82,000,000","-23,000,000","-529,000,000","-16,000,000","-51,000,000","10,000,000","-745,000,000","-434,000,000","-582,000,000","-10,000,000","-752,000,000","-134,000,000","-75,000,000","-8,000,000","-208,000,000","-78,000,000","-232,000,000","1,000,000","-2,000,000","-105,000,000","-6,000,000",,"730,000,000",,"-685,000,000",,"-165,000,000",,,"77,000,000",,,,,,,,,,,,,,,,,,,,,,,,,,,,,,,,,,,,,,,,,,
TotalUnusualItems,"-330,000,000","-745,000,000","408,000,000","-35,000,000","42,000,000","-182,000,000","-98,000,000","-26,000,000","-319,000,000","-88,000,000","-61,000,000","-152,000,000","7,000,000","19,000,000","-122,000,000","-26,000,000","-22,000,000","-83,000,000","0","-347,000,000","6,000,000","-7,000,000","-51,000,000","-28,000,000","-38,000,000","-158,000,000","-211,000,000","-194,000,000","0","-154,000,000","-24,000,000","-324,000,000","-517,000,000","-608,000,000","-77,000,000","17,000,000","-59,000,000","-18,000,000","-51,000,000","-99,000,000","-27,000,000","-236,000,000","-49,000,000","-119,000,000","-53,000,000","-12,000,000","0","-144,000,000","-215,000,000","-1,099,000,000","-151,000,000","-127,000,000","-110,000,000","-1,995,000,000","60,000,000","-10,000,000","-41,000,000","4,000,000","-34,000,000","-25,000,000","296,000,000","3,679,000,000","18,000,000","-129,000,000","-30,000,000","-243,000,000","116,000,000","23,000,000","-145,000,000","-61,000,000","16,000,000","-138,000,000","-14,000,000","-99,000,000","-86,000,000","-82,000,000","-23,000,000","-529,000,000","-16,000,000","-51,000,000","10,000,000","-745,000,000","-434,000,000","-582,000,000","-10,000,000","-752,000,000","-134,000,000","-75,000,000","-8,000,000","-208,000,000","-78,000,000","-232,000,000","1,000,000","-2,000,000","-105,000,000","-6,000,000",,"730,000,000",,"-685,000,000",,"-165,000,000",,,"77,000,000",,,,,,,,,,,,,,,,,,,,,,,,,,,,,,,,,,,,,,,,,,
NormalizedEBITDA,"2,969,000,000","346,000,000","943,000,000","890,000,000","790,000,000","770,000,000","848,000,000","755,000,000","789,000,000","999,000,000","1,017,000,000","984,000,000","910,000,000","1,034,000,000","1,143,000,000","1,029,000,000","883,000,000","748,000,000","1,074,000,000","861,000,000","770,000,000","797,000,000","919,000,000","487,000,000","799,000,000","900,000,000","1,027,000,000","952,000,000","888,000,000","972,000,000","1,106,000,000","1,008,000,000","885,000,000","973,000,000","1,051,000,000","923,000,000","845,000,000","920,000,000","917,000,000","841,000,000","770,000,000","1,431,000,000","895,000,000","885,000,000","897,000,000","854,000,000","1,061,000,000","782,000,000","560,000,000","1,227,000,000","1,438,000,000","1,155,000,000","1,144,000,000","725,000,000","723,000,000","698,000,000","606,000,000","792,000,000","703,000,000","668,000,000","633,000,000","522,000,000","715,000,000","787,000,000","601,000,000","590,000,000","718,000,000","802,000,000","794,000,000","855,000,000","905,000,000","880,000,000","736,000,000","743,000,000","788,000,000","777,000,000","738,000,000","843,000,000","877,000,000","891,000,000","716,000,000","786,000,000","856,000,000","842,000,000","821,000,000","1,113,000,000","1,239,000,000","1,115,000,000","957,000,000","568,000,000","915,000,000","1,001,000,000","528,000,000","409,000,000","641,000,000","571,000,000","566,000,000","-734,000,000","639,000,000","1,256,000,000","558,000,000","718,000,000","670,000,000","656,000,000","570,000,000","866,000,000","986,000,000","956,000,000","729,000,000","547,000,000","490,000,000","448,000,000","413,000,000","464,000,000","421,000,000","429,000,000","394,000,000","10,000,000","423,000,000","435,000,000","435,000,000","339,000,000","429,000,000","419,000,000","466,000,000","286,000,000","542,000,000","538,000,000","524,000,000","-6,790,000,000","2,900,000,000","3,000,000,000","2,600,000,000","-5,661,000,000","2,400,000,000","2,400,000,000","2,300,000,000","-5,010,000,000","2,000,000,000","1,910,000,000","1,800,000,000","-3,163,000,000","1,250,000,000","1,231,000,000","1,140,000,000","-3,264,100,000","1,100,000,000"
TaxRateForCalcs,"0.19","0.213","0.16","0.24","0.25","0.276","0.18","0.26","0.27","0.27","0.3","0.38","0.25","0.374","0.15","0.27","0.25","0.4","0.305","0.4","0.34","0.386","0.305","0.34","0.33","0.4","0.33","0.33","0.33","0.111","0.305","0.32","0.31","0.35","0.24","0.3","0.35","0.258","0.35","0.279","0.329","0.37","0.35","0.4","0.334","0.151","0.311","0.212","0.137","0.35","0.36","0.35","0.35","0.058","0.35","0.321","0.298","0.214","0.283","0.303","0.236","0.4","0.4","0.335","0.327","0.4","0.4","0.4","0.231","0.183","0.367","0.173","0.328","0.4","0.4","0.4","0.293","0.4","0.317","0.4","0.309","0.152","0.157","0.361","0.31","0.4","0.228","0.296","0.313","0.083","0.271","0.237","0.4","0.078","0.4","0.306","0.38","0.265","0.4","0.285","0.4","0.006","0.4","0.4","0.4","0.286","0.39","0.382","0.371","0.349","0.347","0.351","0.351","0.367","0.4","0.369","0.366","0.4","0.383","0.38","0.377","0.365","0.37","0.37","0.386","0.4","0.397","0.397","0.4",,,,,,,,,,,,,,,,,,
TaxEffectOfUnusualItems,"-62,700,000","-158,362,299.465","65,280,000","-8,400,000","10,500,000","-50,308,943.089","-17,640,000","-6,760,000","-86,130,000","-23,760,000","-18,300,000","-57,760,000","1,750,000","7,112,565.445","-18,300,000","-7,020,000","-5,500,000","-33,200,000","0","-138,800,000","2,040,000","-2,700,000","-15,555,000","-9,520,000","-12,540,000","-63,200,000","-69,630,000","-64,020,000","0","-17,055,374.593","-7,320,000","-103,680,000","-160,270,000","-212,800,000","-18,480,000","5,100,000","-20,650,000","-4,641,114.983","-17,850,000","-27,661,764.706","-8,873,239.437","-87,365,384.615","-17,150,000","-47,600,000","-17,714,673.913","-1,807,228.916","0","-30,508,474.576","-29,485,714.286","-384,650,000","-54,349,745.331","-44,450,000","-38,500,000","-116,496,350.365","21,000,000","-3,211,920.53","-12,217,171.717","856,492.027","-9,606,349.206","-7,568,027.211","69,848,184.818","1,471,600,000","7,200,000","-43,236,263.736","-9,813,084.112","-97,200,000","46,400,000","9,200,000","-33,461,538.462","-11,144,230.769","5,879,518.072","-23,851,851.852","-4,592,000","-39,600,000","-34,400,000","-32,800,000","-6,744,360.902","-211,600,000","-5,074,626.866","-20,400,000","3,093,525.18","-112,985,781.991","-68,048,780.488","-210,166,666.667","-3,103,448.276","-300,800,000","-30,591,639.871","-22,187,500","-2,501,149.425","-17,267,924.528","-21,165,829.146","-54,947,368.421","400,000","-156,028.369","-42,000,000","-1,838,709.677","0","193,295,774.648","0","-195,213,310.58","0","-1,000,000","0","0","30,800,000","0","0","0","0","0","0","0","0","0","0","0","0","0","0","0","0","0","0","0","0","0","0","0","0",,,,,,,,,,,,,,,,,,