name,ttm,12/31/2021,09/30/2021,06/30/2021,03/31/2021,12/31/2020,09/30/2020,06/30/2020,03/31/2020,12/31/2019,09/30/2019,06/30/2019,03/31/2019,12/31/2018,09/30/2018,06/30/2018,03/31/2018,12/31/2017,09/30/2017,06/30/2017,03/31/2017,12/31/2016,09/30/2016,06/30/2016,03/31/2016,12/31/2015,09/30/2015,06/30/2015,03/31/2015,12/31/2014,09/30/2014,06/30/2014,03/31/2014,12/31/2013,09/30/2013,06/30/2013,03/31/2013,12/31/2012,09/30/2012,06/30/2012,03/31/2012,12/31/2011,09/30/2011,06/30/2011,03/31/2011,12/31/2010,09/30/2010,06/30/2010,03/31/2010,12/31/2009,09/30/2009,06/30/2009,03/31/2009,12/31/2008,09/30/2008,06/30/2008,03/31/2008,12/31/2007,09/30/2007,06/30/2007,03/31/2007,12/31/2006,09/30/2006,06/30/2006,03/31/2006,12/31/2005,09/30/2005,06/30/2005,03/31/2005,12/31/2004,09/30/2004,06/30/2004,03/31/2004,12/31/2003,09/30/2003,06/30/2003,03/31/2003,12/31/2002,09/30/2002,06/30/2002,03/31/2002,12/31/2001,09/30/2001,06/30/2001,03/31/2001,12/31/2000,09/30/2000,06/30/2000,03/31/2000,12/31/1999,09/30/1999,06/30/1999,03/31/1999,12/31/1998,09/30/1998,06/30/1998,03/31/1998,12/31/1997,09/30/1997,06/30/1997,03/31/1997,12/31/1996,09/30/1996,06/30/1996,03/31/1996,12/31/1995,09/30/1995,06/30/1995,03/31/1995,12/31/1994,09/30/1994,06/30/1994,03/31/1994,12/31/1993,09/30/1993,06/30/1993,03/31/1993,12/31/1992,09/30/1992,06/30/1992,03/31/1992,12/31/1991,09/30/1991,06/30/1991,03/31/1991,12/31/1990,09/30/1990,06/30/1990,03/31/1990,12/31/1989,09/30/1989,06/30/1989,03/31/1989,12/31/1988,09/30/1988,06/30/1988,03/31/1988,12/31/1987,09/30/1987,06/30/1987,03/31/1987,12/31/1986,09/30/1986,06/30/1986,03/31/1986,12/31/1985,09/30/1985
TotalRevenue,"10,240,700,000","2,932,100,000","2,542,000,000","2,509,600,000","2,257,000,000","2,550,000,000","2,125,500,000","2,025,700,000","2,359,800,000","2,901,800,000","2,438,100,000","2,520,200,000","2,361,200,000","2,856,000,000","2,297,500,000","2,391,800,000","2,169,100,000","2,341,000,000","1,902,600,000","1,884,900,000","1,753,900,000","2,264,500,000","1,922,200,000","1,917,900,000","1,742,000,000","2,196,200,000","1,865,500,000","1,876,100,000","1,676,000,000","2,207,100,000","1,841,100,000","1,851,400,000","1,637,500,000","2,122,700,000","1,700,400,000","1,756,200,000","1,543,000,000","2,063,300,000","1,670,400,000","1,715,700,000","1,506,800,000","2,072,600,000","1,726,500,000","1,740,700,000","1,474,800,000","2,012,000,000","1,560,800,000","1,617,800,000","1,341,300,000","1,801,200,000","1,426,700,000","1,474,400,000","1,325,300,000","1,901,800,000","1,740,000,000","1,835,700,000","1,485,200,000","1,982,500,000","1,559,900,000","1,652,700,000","1,359,100,000","1,877,100,000","1,453,800,000","1,532,900,000","1,327,000,000","1,885,600,000","1,442,200,000","1,616,200,000","1,330,300,000","1,939,000,000","1,508,800,000","1,544,100,000","1,395,100,000","1,629,400,000","1,418,900,000","1,499,400,000","1,433,000,000","1,668,700,000","1,502,200,000","1,612,700,000","1,420,000,000","1,715,900,000","1,605,700,000","1,743,415,000","1,302,199,000","1,689,003,000","1,320,439,000","1,418,192,000","1,089,638,000","1,401,200,000","1,021,400,000","1,096,600,000","908,100,000","1,302,600,000","837,400,000","943,200,000","719,400,000","992,800,000","723,500,000","788,600,000","583,400,000","788,300,000","567,700,000","675,300,000","506,200,000","669,600,000","492,500,000","557,200,000","460,400,000","625,300,000","440,500,000","497,500,000","421,000,000","509,300,000","411,000,000","483,800,000","389,800,000","482,600,000","435,800,000","485,300,000","400,700,000","523,200,000","401,000,000","399,500,000","353,800,000","425,300,000","316,000,000","342,400,000","284,500,000","380,100,000","283,300,000","317,100,000","276,500,000","397,900,000","268,600,000","282,600,000","242,800,000","273,500,000","217,600,000","249,600,000","202,500,000","240,400,000","190,700,000","215,300,000","167,900,000","181,600,000","156,200,000"
	OperatingRevenue,"10,240,700,000","2,932,100,000","2,542,000,000","2,509,600,000","2,257,000,000","2,550,000,000","2,125,500,000","2,025,700,000","2,359,800,000","2,901,800,000","2,438,100,000","2,520,200,000","2,361,200,000","2,856,000,000","2,297,500,000","2,391,800,000","2,169,100,000","2,341,000,000","1,902,600,000","1,884,900,000","1,753,900,000","2,264,500,000","1,922,200,000","1,917,900,000","1,742,000,000","2,196,200,000","1,865,500,000","1,876,100,000","1,676,000,000","2,207,100,000","1,841,100,000","1,851,400,000","1,637,500,000","2,122,700,000","1,700,400,000","1,756,200,000","1,543,000,000","2,063,300,000","1,670,400,000","1,715,700,000","1,506,800,000","2,072,600,000","1,726,500,000","1,740,700,000","1,474,800,000","2,012,000,000","1,560,800,000","1,617,800,000","1,341,300,000","1,801,200,000","1,426,700,000","1,474,400,000","1,325,300,000","1,901,800,000","1,740,000,000","1,835,700,000","1,485,200,000","1,982,500,000","1,559,900,000","1,652,700,000","1,359,100,000","1,877,100,000","1,453,800,000","1,532,900,000","1,327,000,000","1,885,600,000","1,442,200,000","1,616,200,000","1,330,300,000","1,939,000,000","1,508,800,000","1,544,100,000","1,395,100,000","1,629,400,000","1,418,900,000","1,499,400,000","1,433,000,000","1,668,700,000","1,502,200,000","1,612,700,000","1,420,000,000","1,715,900,000","1,605,700,000","1,743,415,000","1,302,199,000","1,689,003,000","1,320,439,000","1,418,192,000","1,089,638,000","1,401,200,000","1,021,400,000","1,096,600,000","908,100,000","1,302,600,000","837,400,000","943,200,000","719,400,000","992,800,000","723,500,000","788,600,000","583,400,000","788,300,000","567,700,000","675,300,000","506,200,000","669,600,000","492,500,000","557,200,000","460,400,000","625,300,000","440,500,000","497,500,000","421,000,000","509,300,000","411,000,000","483,800,000","389,800,000","482,600,000","435,800,000","485,300,000","400,700,000","523,200,000","401,000,000","399,500,000","353,800,000","425,300,000","316,000,000","342,400,000","284,500,000","380,100,000","283,300,000","317,100,000","276,500,000","397,900,000","268,600,000","282,600,000","242,800,000","273,500,000","217,600,000","249,600,000","202,500,000","240,400,000","190,700,000","215,300,000","167,900,000","181,600,000","156,200,000"
CostOfRevenue,"8,387,800,000","2,354,200,000","2,092,400,000","2,025,900,000","1,915,300,000","1,976,600,000","1,748,700,000","1,795,400,000","2,188,700,000","2,320,600,000","2,079,000,000","2,162,800,000","2,166,700,000","2,247,000,000","1,970,200,000","2,069,800,000","2,049,200,000","1,325,800,000","1,227,600,000","1,239,300,000","1,275,400,000","1,309,400,000","1,228,800,000","1,229,000,000","1,270,900,000","1,235,100,000","1,202,200,000","1,205,200,000","1,215,200,000","1,266,400,000","1,195,200,000","1,170,200,000","1,188,600,000","1,199,600,000","1,093,600,000","1,120,200,000","1,132,100,000","4,391,900,000","0","0","0","0","0","0","0","0","0","0","0","0","0","0","0",,,,,,,,,,,,,,,,,,,,,,,,,,,,,,,,,"27,122,000","-82,224,000","-71,220,000","-60,741,000","-2,690,600,000","867,300,000","822,300,000","785,100,000","-2,270,700,000","718,900,000","710,000,000","632,900,000","-183,100,000","615,000,000","603,100,000","519,000,000","-179,500,000","481,400,000","496,200,000","442,600,000","-177,300,000","421,500,000","414,200,000","400,400,000","-165,300,000","380,900,000","377,100,000","372,300,000","-218,200,000","360,000,000","358,700,000","346,500,000","-189,400,000","398,100,000","382,200,000","362,600,000","-159,500,000","355,200,000","310,700,000","310,100,000","-93,200,000","281,100,000","271,200,000","255,000,000","-98,500,000","253,200,000",,,,,,,,,,,,,,,,
GrossProfit,"1,852,900,000","577,900,000","449,600,000","483,700,000","341,700,000","573,400,000","376,800,000","230,300,000","171,100,000","581,200,000","359,100,000","357,400,000","194,500,000","609,000,000","327,300,000","322,000,000","119,900,000","1,015,200,000","675,000,000","645,600,000","478,500,000","955,100,000","693,400,000","688,900,000","471,100,000","961,100,000","663,300,000","670,900,000","460,800,000","940,700,000","645,900,000","681,200,000","448,900,000","923,100,000","606,800,000","636,000,000","410,900,000","-2,328,600,000","1,670,400,000","1,715,700,000","1,506,800,000","2,072,600,000","1,726,500,000","1,740,700,000","1,474,800,000","2,012,000,000","1,560,800,000","1,617,800,000","1,341,300,000","1,801,200,000","1,426,700,000","1,474,400,000","1,325,300,000",,,,,,,,,,,,,,,,,,,,,,,,,,,,,,,,,"1,661,881,000","1,402,663,000","1,489,412,000","1,150,379,000","4,091,800,000","154,100,000","274,300,000","123,000,000","3,573,300,000","118,500,000","233,200,000","86,500,000","1,175,900,000","108,500,000","185,500,000","64,400,000","967,800,000","86,300,000","179,100,000","63,600,000","846,900,000","71,000,000","143,000,000","60,000,000","790,600,000","59,600,000","120,400,000","48,700,000","727,500,000","51,000,000","125,100,000","43,300,000","672,000,000","37,700,000","103,100,000","38,100,000","682,700,000","45,800,000","88,800,000","43,700,000","518,500,000","34,900,000","71,200,000","29,500,000","478,600,000","30,100,000",,,,,,,,,,,,,,,,
OperatingExpense,"406,100,000","107,600,000","101,600,000","99,500,000","97,400,000","96,100,000","80,900,000","77,200,000","95,200,000","89,900,000","78,800,000","91,100,000","112,500,000","149,900,000","65,600,000","72,800,000","81,100,000","496,900,000","455,900,000","439,100,000","448,800,000","470,000,000","486,200,000","464,100,000","450,200,000","505,500,000","471,400,000","455,100,000","453,000,000","507,500,000","474,600,000","485,400,000","460,600,000","538,100,000","465,300,000","461,200,000","453,300,000","-2,738,500,000","1,539,000,000","1,539,300,000","1,546,200,000","1,687,100,000","1,553,500,000","1,566,500,000","1,519,300,000","1,679,700,000","1,459,200,000","1,440,000,000","1,400,400,000","1,527,900,000","1,368,900,000","1,377,500,000","1,407,400,000","1,565,300,000","1,619,800,000","1,631,000,000","1,539,800,000","1,667,500,000","1,503,600,000","1,512,300,000","1,483,900,000","1,695,800,000","1,426,500,000","1,456,000,000","1,486,400,000","1,851,000,000","1,539,900,000","1,493,300,000","1,501,600,000","1,664,600,000","1,928,000,000","1,483,600,000","1,405,500,000","1,445,600,000","1,542,000,000","1,353,100,000","1,407,900,000","1,549,400,000","1,557,600,000","1,383,800,000","1,291,400,000","1,515,900,000","1,583,500,000","1,719,819,000","1,171,789,000","1,399,493,000","1,236,501,000","1,195,905,000","1,043,233,000","3,898,400,000","47,500,000","50,900,000","45,000,000","3,405,900,000","41,000,000","41,500,000","37,800,000","990,300,000","30,800,000","31,000,000","29,000,000","822,400,000","27,600,000","25,400,000","23,500,000","758,800,000","23,400,000","21,400,000","25,200,000","729,300,000","19,700,000","19,200,000","17,400,000","638,500,000","16,700,000","19,300,000","14,200,000","637,600,000","5,200,000","10,100,000","9,200,000","596,800,000","16,000,000","14,600,000","14,800,000","451,100,000","11,500,000","11,700,000","11,300,000","425,400,000","9,000,000",,,,,,,,,,,,,,,,
	SellingGeneralAndAdministration,"122,300,000","32,500,000","32,200,000","29,400,000","28,200,000","22,400,000","9,900,000","4,100,000","22,400,000","24,500,000","9,800,000","18,100,000","41,400,000","81,000,000","21,600,000","28,800,000","35,100,000","496,900,000","455,900,000","439,100,000","448,800,000","470,000,000","486,200,000","464,100,000","450,200,000","505,500,000","471,400,000","455,100,000","453,000,000","507,500,000","474,600,000","485,400,000","460,600,000","538,100,000","465,300,000","461,200,000","453,300,000","-2,738,500,000","1,539,000,000","1,539,300,000","1,546,200,000","1,687,100,000","1,553,500,000","1,566,500,000","1,519,300,000","1,679,700,000","1,459,200,000","1,440,000,000","1,400,400,000","1,527,900,000","1,368,900,000","1,377,500,000","1,407,400,000","1,565,300,000","1,619,800,000","1,631,000,000","1,539,800,000","1,684,200,000","1,503,600,000","1,512,300,000","1,483,900,000","1,660,500,000","1,426,500,000","1,456,000,000","1,486,400,000","1,753,100,000","1,539,200,000","1,493,300,000","1,501,600,000","1,801,100,000","1,444,300,000","1,400,600,000","1,405,500,000","1,401,300,000","1,317,500,000","1,338,000,000","1,392,600,000","1,537,500,000","1,435,800,000","1,381,500,000","1,288,600,000","1,469,700,000","1,459,000,000","1,456,240,000","1,137,470,000","1,314,137,000","1,154,277,000","1,124,685,000","982,492,000",,,,,,,,,,,,,,,,,,,,,,,,,,,,,,,,,,,,,,,,,,,,,,,,,,,,,,,,,,
		GeneralAndAdministrativeExpense,,,,,,,,,,,,,,,,,,"496,900,000","455,900,000","439,100,000","448,800,000","470,000,000","486,200,000","464,100,000","450,200,000","505,500,000","471,400,000","455,100,000","453,000,000","507,500,000","474,600,000","485,400,000","460,600,000","538,100,000","465,300,000","461,200,000","453,300,000","-2,738,500,000","1,539,000,000","1,539,300,000","1,546,200,000","1,687,100,000","1,553,500,000","1,566,500,000","1,519,300,000","1,679,700,000","1,459,200,000","1,440,000,000","1,400,400,000","1,527,900,000","1,368,900,000","1,377,500,000","1,407,400,000",,,,,,,,,,,,,,,,,,,,,,,,,,,,,,,,,,,,,,,,,,,,,,,,,,,,,,,,,,,,,,,,,,,,,,,,,,,,,,,,,,,,,,,,,,,,,,
			SalariesAndWages,,,,,,,,,,,,,,,,,,,,,,,,,,,,,,,,,,,,,,,"1,064,300,000","1,088,900,000","1,104,900,000","1,138,300,000","1,088,000,000","1,095,700,000","1,080,100,000","1,139,600,000","1,007,100,000","991,000,000","979,300,000","1,052,800,000","943,500,000","968,400,000","996,500,000",,,,,,,,,,,,,,,,,,,,,,,,,,,,,,,,,,,,,,,,,,,,,,,,,,,,,,,,,,,,,,,,,,,,,,,,,,,,,,,,,,,,,,,,,,,,,,
			OtherGandA,,,,,,,,,,,,,,,,,,"496,900,000","455,900,000","439,100,000","448,800,000","470,000,000","486,200,000","464,100,000","450,200,000","505,500,000","471,400,000","455,100,000","453,000,000","507,500,000","474,600,000","485,400,000","460,600,000","538,100,000","465,300,000","461,200,000","453,300,000","519,600,000","474,700,000","450,400,000","441,300,000","548,800,000","465,500,000","470,800,000","439,200,000","540,100,000","452,100,000","449,000,000","421,100,000","475,100,000","425,400,000","409,100,000","410,900,000",,,,,,,,,,,,,,,,,,,,,,,,,,,,,,,,,,,,,,,,,,,,,,,,,,,,,,,,,,,,,,,,,,,,,,,,,,,,,,,,,,,,,,,,,,,,,,
	DepreciationAmortizationDepletionIncomeStatement,"283,800,000","75,100,000","69,400,000","70,100,000","69,200,000","73,700,000","71,000,000","73,100,000","72,800,000","65,400,000","69,000,000","73,000,000","71,100,000","68,900,000","44,000,000","44,000,000","46,000,000",,,,,,,,,,,,,,,,,,,,,,,,,,,,,,,,,,,,,,,,,,,,,,,,,,,,,,,,,"2,200,000","1,800,000","4,100,000","4,200,000","3,500,000","3,100,000","2,300,000","2,800,000","46,200,000","42,800,000","42,171,000","34,319,000","85,356,000","82,224,000","71,220,000","60,741,000","72,500,000","47,500,000","50,900,000","45,000,000","58,800,000","41,000,000","41,500,000","37,800,000","40,000,000","30,800,000","31,000,000","29,000,000","27,000,000","27,600,000","25,400,000","23,500,000","21,200,000","23,400,000","21,400,000","25,200,000","19,300,000","19,700,000","19,200,000","17,400,000","20,000,000","16,700,000","19,300,000","14,200,000","15,100,000","5,200,000","10,100,000","9,200,000","18,300,000","16,000,000","14,600,000","14,800,000","14,300,000","11,500,000","11,700,000","11,300,000","12,500,000","9,000,000",,,,,,,,,,,,,,,,
		DepreciationAndAmortizationInIncomeStatement,"283,800,000","75,100,000","69,400,000","70,100,000","69,200,000","73,700,000","71,000,000","73,100,000","72,800,000","65,400,000","69,000,000","73,000,000","71,100,000","68,900,000","44,000,000","44,000,000","46,000,000",,,,,,,,,,,,,,,,,,,,,,,,,,,,,,,,,,,,,,,,,,,,,,,,,,,,,,,,,"2,200,000","1,800,000","4,100,000","4,200,000","3,500,000","3,100,000","2,300,000","2,800,000","46,200,000","42,800,000","42,171,000","34,319,000","85,356,000","82,224,000","71,220,000","60,741,000","72,500,000","47,500,000","50,900,000","45,000,000","58,800,000","41,000,000","41,500,000","37,800,000","40,000,000","30,800,000","31,000,000","29,000,000","27,000,000","27,600,000","25,400,000","23,500,000","21,200,000","23,400,000","21,400,000","25,200,000","19,300,000","19,700,000","19,200,000","17,400,000","20,000,000","16,700,000","19,300,000","14,200,000","15,100,000","5,200,000","10,100,000","9,200,000","18,300,000","16,000,000","14,600,000","14,800,000","14,300,000","11,500,000","11,700,000","11,300,000","12,500,000","9,000,000",,,,,,,,,,,,,,,,
			Amortization,,,,,,,,,,,,,,,,,,,,,,,,,,,,,,,,,,,,,,,,,,,,,,,,,,,,,,,,,,,,,,,,,,,,,,,,,,"2,200,000","1,800,000","4,100,000","4,200,000","3,500,000","3,100,000","2,300,000","2,800,000","46,200,000","42,800,000","42,171,000","34,319,000",,,,,,,,,,,,,,,,,,,,,,,,,,,,,,,,,,,,,,,,,,,,,,,,,,,,,,,,,,,,,,
				AmortizationOfIntangiblesIncomeStatement,,,,,,,,,,,,,,,,,,,,,,,,,,,,,,,,,,,,,,,,,,,,,,,,,,,,,,,,,,,,,,,,,,,,,,,,,,"2,200,000","1,800,000","4,100,000","4,200,000","3,500,000","3,100,000","2,300,000","2,800,000","46,200,000","42,800,000","42,171,000","34,319,000",,,,,,,,,,,,,,,,,,,,,,,,,,,,,,,,,,,,,,,,,,,,,,,,,,,,,,,,,,,,,,
	OtherOperatingExpenses,,,,,,,,,,,,,,,,,,,,,,,,,,,,,,,,,,,,,,,,,,,,,,,,,,,,,,,,,,,,,,,,,,"97,900,000","700,000",,,"-136,500,000","483,700,000","83,000,000",,"42,100,000","222,700,000","11,000,000","11,100,000","8,400,000","118,700,000",,,"0","81,700,000","221,408,000",,,,,,,,,,,,,,,,,,,,,,,,,,,,,,,,,,,,,,,,,,,,,,,,,,,,,,,,,,,,,,,
OperatingIncome,"1,446,800,000","470,300,000","348,000,000","384,200,000","244,300,000","477,300,000","295,900,000","153,100,000","75,900,000","491,300,000","280,300,000","266,300,000","82,000,000","459,100,000","261,700,000","249,200,000","38,800,000","518,300,000","219,100,000","206,500,000","29,700,000","485,100,000","207,200,000","224,800,000","20,900,000","455,600,000","191,900,000","215,800,000","7,800,000","433,200,000","171,300,000","195,800,000","-11,700,000","385,000,000","141,500,000","174,800,000","-42,400,000","409,900,000","131,400,000","176,400,000","-39,400,000","385,500,000","173,000,000","174,200,000","-44,500,000","332,300,000","101,600,000","177,800,000","-59,100,000","273,300,000","57,800,000","96,900,000","-82,100,000","336,500,000","120,200,000","204,700,000","-54,600,000","315,000,000","56,300,000","140,400,000","-124,800,000","181,300,000","27,300,000","76,900,000","-159,400,000","34,600,000","-97,700,000","122,900,000","-171,300,000","274,400,000","-419,200,000","60,500,000","-10,400,000","183,800,000","-123,100,000","146,300,000","25,100,000","119,300,000","-55,400,000","228,900,000","128,600,000","200,000,000","22,200,000","23,596,000","130,410,000","262,388,000","166,162,000","293,507,000","107,146,000","193,400,000","106,600,000","223,400,000","78,000,000","167,400,000","77,500,000","191,700,000","48,700,000","185,600,000","77,700,000","154,500,000","35,400,000","145,400,000","58,700,000","153,700,000","40,100,000","88,100,000","47,600,000","121,600,000","34,800,000","61,300,000","39,900,000","101,200,000","31,300,000","89,000,000","34,300,000","105,800,000","29,100,000","34,400,000","32,500,000","93,000,000","28,900,000","85,900,000","29,800,000","74,200,000","28,900,000","67,400,000","23,400,000","59,500,000","18,200,000","53,200,000","21,100,000","317,100,000","276,500,000","-655,500,000","268,600,000","282,600,000","242,800,000","-587,500,000","217,600,000","249,600,000","202,500,000","-480,400,000","190,700,000","215,300,000","167,900,000","-424,000,000","156,200,000"
NetNonOperatingInterestIncomeExpense,"-143,400,000","-30,200,000","-35,500,000","-35,000,000","-42,700,000","-40,000,000","-44,700,000","-43,900,000","-34,100,000","-38,700,000","-40,200,000","-43,900,000","-42,000,000","-41,600,000","-22,300,000","-21,400,000","-15,900,000","-17,800,000","-16,900,000","-21,000,000","-15,700,000","-17,800,000","-17,000,000","-18,900,000","-16,800,000","-18,300,000","-15,700,000","-15,300,000","-13,700,000","-14,300,000","-13,200,000","-16,000,000","-14,000,000","-18,000,000","-17,900,000","-31,700,000","-30,400,000","-28,500,000","-24,900,000","-26,000,000","-24,600,000","-28,800,000","-23,200,000","-23,400,000","-23,600,000","-28,100,000","-27,900,000","-28,900,000","-26,100,000","-30,900,000","-30,200,000","-37,000,000","-22,500,000",,,,,,,,,,,,,,,,,,,,,,,,,,,,,,,,,,,,,,,,,,,,,,,,,,,,,,,,,,,,,,,,,,,,,,,,,,,,,,,,,,,,,,,,,,,,,,
	InterestIncomeNonOperating,"29,700,000","7,800,000","7,400,000","7,600,000","6,900,000","6,800,000","6,100,000","5,900,000","10,700,000","9,500,000","9,500,000","7,700,000","7,800,000","7,800,000","5,300,000","4,700,000","4,000,000","5,400,000","4,100,000","4,700,000","5,200,000","4,000,000","4,700,000","5,600,000","5,800,000","5,000,000","5,600,000","5,000,000","7,200,000","7,100,000","7,500,000","6,600,000","6,200,000","6,700,000","5,800,000","5,800,000","6,400,000","8,100,000","6,700,000","6,700,000","8,000,000","10,100,000","9,700,000","9,700,000","8,300,000","9,300,000","6,800,000","6,100,000","6,500,000","7,000,000","7,600,000","8,100,000","12,300,000",,,,,,,,,,,,,,,,,,,,,,,,,,,,,,,,,,,,,,,,,,,,,,,,,,,,,,,,,,,,,,,,,,,,,,,,,,,,,,,,,,,,,,,,,,,,,,
	InterestExpenseNonOperating,"173,100,000","38,000,000","42,900,000","42,600,000","49,600,000","46,800,000","50,800,000","49,800,000","44,800,000","48,200,000","49,700,000","51,600,000","49,800,000","49,400,000","27,600,000","26,100,000","19,900,000","23,200,000","21,000,000","25,700,000","20,900,000","21,800,000","21,700,000","24,500,000","22,600,000","23,300,000","21,300,000","20,300,000","20,900,000","21,400,000","20,700,000","22,600,000","20,200,000","24,700,000","23,700,000","37,500,000","36,800,000","36,600,000","31,600,000","32,700,000","32,600,000","38,900,000","32,900,000","33,100,000","31,900,000","37,400,000","34,700,000","35,000,000","32,600,000","37,900,000","37,800,000","45,100,000","34,800,000",,,,,,,,,,,,,,,,,,,,,,,,,,,,,,,,,,,,,,,,,,,,,,,,,,,,,,,,,,,,,,,,,,,,,,,,,,,,,,,,,,,,,,,,,,,,,,
OtherIncomeExpense,"-81,300,000","-6,800,000","5,800,000","4,900,000","-85,200,000","-263,700,000","-58,600,000","-134,100,000","-21,800,000","-24,800,000","-7,400,000","-5,900,000","-38,700,000","-13,600,000","-15,300,000","-16,300,000","-24,400,000","-1,700,000","-9,900,000","-15,400,000","800,000","-26,200,000","6,100,000","-100,000","-17,100,000","-9,500,000","-37,200,000","500,000","300,000","-300,000","-600,000","-11,200,000","1,700,000","-52,900,000","-46,600,000","4,800,000","1,800,000","95,400,000","1,700,000","4,700,000","-1,300,000","13,700,000","137,300,000","5,100,000","-6,900,000","16,000,000","-4,500,000","-2,700,000","200,000","23,800,000","1,500,000","-23,300,000","5,100,000","-5,700,000","-4,400,000","2,700,000","-3,500,000","-16,800,000","-8,800,000","16,400,000","-700,000","-97,600,000","17,600,000","25,600,000","400,000","-86,200,000","600,000","5,200,000","21,900,000","125,000,000","-517,000,000","-81,900,000","-1,500,000","-66,100,000","-451,900,000","-113,600,000","-16,900,000","-24,800,000","-132,200,000","-2,300,000","1,200,000","-600,000","-723,100,000","-254,926,000","-139,304,000","-6,733,000","-9,410,000","-19,277,000","-18,190,000","-25,300,000","23,700,000","40,200,000","18,000,000","60,600,000","25,600,000","30,600,000","14,700,000","1,100,000","2,500,000","23,500,000","17,000,000","4,900,000","2,100,000","3,100,000","2,300,000","2,200,000","1,800,000","1,500,000","600,000","2,500,000","600,000","700,000","200,000","700,000","100,000",,"300,000",,,,,"1,600,000","-200,000","600,000","200,000","1,500,000","800,000","1,900,000","2,000,000","3,400,000","900,000",,,,,,,,,,,,,,,,
	EarningsFromEquityInterest,,,,,,,,,,,,,,,,,,,,,,,,,,,,,,,,,,,,,,,,,,,,,,,,,,,,,,"1,000,000","500,000","500,000","1,100,000","2,900,000","1,200,000","3,200,000","200,000","4,300,000","1,400,000","1,300,000",,"8,100,000","2,400,000","2,300,000","500,000","2,200,000","2,200,000","800,000","600,000","3,200,000","-300,000","1,300,000","-2,900,000","1,700,000","-500,000","3,600,000","900,000","-500,000","300,000","2,406,000","2,432,000",,,,,,,,,,,,,,,,,,,,,,,,,,,,,,,,,,,,,,,,,,,,,,,,,,,,,,,,,,,,,,
	SpecialIncomeCharges,"-104,000,000","-13,800,000","-900,000","-1,500,000","-87,800,000","-269,100,000","-55,900,000","-132,500,000","-23,300,000","-23,900,000","-7,700,000","-5,300,000","-40,400,000","-11,900,000","-5,800,000","-19,800,000","-24,400,000","-5,800,000","-6,200,000","-13,100,000","1,000,000","-25,100,000","3,900,000","-2,200,000","-16,300,000","-11,000,000","-37,600,000","-100,000","-100,000","-600,000","100,000","-10,100,000","800,000","-61,000,000","-46,000,000",,,"83,100,000","1,700,000","4,700,000","-1,300,000","13,700,000","137,300,000","5,100,000","-6,900,000","16,000,000","-4,500,000","-2,700,000","200,000","23,800,000","1,500,000","-23,300,000","5,100,000","-6,700,000","-4,900,000","2,200,000","-4,600,000","-19,700,000","-10,000,000","13,200,000","-900,000","-101,900,000","16,200,000","24,300,000","400,000","-94,300,000","-1,800,000","2,900,000","21,400,000","122,800,000","-519,200,000","-82,700,000","-2,100,000","-69,300,000","-451,600,000","-114,900,000","-14,000,000","-26,500,000","-131,700,000","-5,900,000","300,000","-100,000","-723,400,000","-257,332,000","-141,736,000","-6,733,000","-9,410,000","-19,277,000","-18,190,000","-25,300,000","23,700,000","40,200,000","18,000,000","60,600,000","25,600,000","30,600,000","14,700,000","1,100,000","2,500,000","23,500,000","17,000,000","4,900,000","2,100,000","3,100,000","2,300,000","2,200,000","1,800,000","1,500,000","600,000","2,500,000","600,000","700,000","200,000","700,000","100,000",,"300,000",,,,,"1,600,000","-200,000","600,000","200,000","1,500,000","800,000","1,900,000","2,000,000","3,400,000","900,000",,,,,,,,,,,,,,,,
		RestructuringAndMergernAcquisition,"10,600,000","13,000,000","-3,500,000","-200,000","1,300,000","253,900,000","47,300,000","112,600,000","0","0","0","2,100,000","31,800,000",,,,,,,,,,,,,,,,,"100,000",,,,"60,600,000",,,,,,,"0","200,000","-200,000","200,000","800,000","1,600,000","1,400,000","600,000","300,000","5,300,000","-500,000","0","-200,000","5,900,000","3,900,000","4,100,000","3,200,000","43,200,000","5,200,000","-5,200,000","-600,000","13,500,000","6,200,000",,"400,000","2,400,000","-900,000","-1,900,000","-6,900,000","-3,400,000","1,000,000","2,000,000",,"33,200,000","48,000,000","94,400,000",,"0","12,100,000",,,"0","592,800,000","51,294,000",,,,,,,,,,,,,,,,,,,,,,,,,,,,,,,,,,,,,,,,,,,,,,,,,,,,,,,,,,,,,,,
		OtherSpecialCharges,"74,000,000","0",,,"74,000,000",,,,,,,,,,,,,,,,,,,,,,,,,"0",,"10,400,000",,"0","45,200,000",,,,,,"1,300,000","-13,900,000","-137,100,000","-5,000,000","6,100,000","-17,600,000","3,100,000","2,100,000","-500,000","-29,100,000","-1,000,000","23,300,000","-4,900,000","800,000","1,000,000","-6,300,000","1,400,000","-23,500,000","4,800,000","-8,000,000","1,500,000","88,400,000","-22,400,000",,"-800,000","91,900,000","2,700,000","-1,000,000","-14,500,000","-119,400,000","518,200,000","80,700,000",,"36,100,000","403,600,000","20,500,000",,"26,500,000","119,600,000",,,"100,000","130,600,000","206,038,000",,,,,,,,,,,,,,,,,,,,,,,,,,,,,,,,,,,,,,,,,,,,,,,,,,,,,,,,,,,,,,,
		GainOnSaleOfBusiness,"-19,400,000","-800,000","-4,400,000","-1,700,000","-12,500,000","-15,200,000","-8,600,000","-19,900,000","-23,300,000","-23,900,000","-7,700,000","-3,200,000","-8,600,000","-11,900,000","-5,800,000","-19,800,000","-24,400,000","-5,800,000","-6,200,000","-13,100,000","1,000,000","-25,100,000","3,900,000","-2,200,000","-16,300,000","37,800,000","-37,600,000","-100,000","-100,000","-400,000","100,000","300,000","800,000","-400,000","-800,000",,,,,,,,,"300,000",,,,,,,,,,,,,,,,,,,,,,,,,,,,,,,,,,,,,,,,,,,,,,,,,,,,,,,,,,,,,,,,,,,,,,,,,,,,,,,,,,,,,,,,,,,,,,,,,,,,,,,
	OtherNonOperatingIncomeExpenses,"22,700,000","7,000,000","6,700,000","6,400,000","2,600,000","5,400,000","-2,700,000","-1,600,000","1,500,000","-900,000","300,000","-600,000","1,700,000","-1,700,000","-9,500,000","3,500,000","-24,400,000","4,100,000","-3,700,000","-2,300,000","-200,000","-1,100,000","2,200,000","2,100,000","-800,000","1,500,000","400,000","600,000","400,000","300,000","-700,000","-1,100,000","900,000","8,100,000","-600,000","4,800,000","1,800,000",,,,,,,,,,,,,,,,,,,,,,,,,,,,,,,,,,,,,,,,,,,,,,,,,,,,,,,,,,,,,,,,,,,,,,,,,,,,,,,,,,,,,,,,,,,,,,,,,,,,,,,,,,,,,,
PretaxIncome,"1,222,100,000","433,300,000","318,300,000","354,100,000","116,400,000","173,600,000","192,600,000","-24,900,000","20,000,000","427,800,000","232,700,000","216,500,000","1,300,000","403,900,000","224,100,000","211,500,000","-1,500,000","498,800,000","192,300,000","170,100,000","14,800,000","441,100,000","196,300,000","205,800,000","-13,000,000","427,800,000","139,000,000","201,000,000","-5,600,000","418,600,000","157,500,000","168,600,000","-24,000,000","314,100,000","77,000,000","147,900,000","-71,000,000","476,800,000","108,200,000","155,100,000","-65,300,000","370,400,000","287,100,000","155,900,000","-75,000,000","320,200,000","69,200,000","146,200,000","-85,000,000","266,200,000","29,100,000","36,600,000","-99,500,000","297,400,000","85,400,000","176,900,000","-88,200,000","246,700,000","16,400,000","124,800,000","-152,200,000","87,000,000","11,600,000","75,600,000","-179,200,000","20,200,000","-124,200,000","99,600,000","-182,200,000","225,500,000","-483,400,000","32,800,000","-41,900,000","123,500,000","-396,700,000","6,500,000","-8,700,000","-63,500,000","31,300,000","190,700,000","100,500,000","172,800,000","-659,600,000","-53,696,000","-45,225,000","207,182,000","114,430,000","241,904,000","66,443,000","134,800,000","106,700,000","238,300,000","78,400,000","193,700,000","83,400,000","203,300,000","49,800,000","163,000,000","62,600,000","159,600,000","38,800,000","132,100,000","48,000,000","144,100,000","30,900,000","76,500,000","38,200,000","111,200,000","26,800,000","53,000,000","31,700,000","93,400,000","23,400,000","82,500,000","27,700,000","93,900,000","21,000,000","76,300,000","23,300,000","83,200,000","20,400,000","75,500,000","19,800,000","66,000,000","21,000,000","59,300,000","19,200,000","57,300,000","16,900,000","49,200,000","18,200,000",,,,,,,,,,,,,,,,
TaxProvision,"251,800,000","67,400,000","73,900,000","86,700,000","23,800,000","58,100,000","-86,300,000","19,000,000","17,200,000","86,100,000","64,600,000","43,600,000","10,500,000","62,200,000","60,700,000","63,600,000","12,700,000","166,100,000","42,500,000","75,400,000","-2,100,000","106,100,000","63,800,000","43,700,000","-15,600,000","145,400,000","61,100,000","77,700,000","-1,400,000","87,900,000","65,000,000","65,300,000","-1,700,000","103,200,000","28,400,000","62,000,000","-12,400,000","140,500,000","41,900,000","50,100,000","-19,200,000","93,700,000","70,400,000","47,600,000","-21,500,000","-243,700,000","24,400,000","63,300,000","-15,300,000","108,100,000","3,700,000","3,700,000","-25,400,000","65,700,000","35,500,000","79,100,000","-23,700,000","60,200,000","35,800,000","-11,400,000","-25,700,000","17,300,000","8,400,000","1,800,000","-8,800,000","67,100,000","-29,900,000","83,800,000","-39,100,000","157,000,000","98,600,000","33,400,000","-26,800,000","217,700,000","19,500,000","22,400,000","-3,800,000","46,100,000","-18,000,000","75,400,000","38,000,000","80,600,000","-184,700,000","48,325,000","-9,342,000","84,518,000","52,570,000","105,065,000","30,098,000","56,100,000","47,700,000","98,900,000","33,600,000","81,200,000","38,200,000","86,900,000","22,200,000","71,000,000","27,300,000","69,800,000","16,800,000","55,100,000","20,500,000","61,200,000","13,100,000","47,800,000","16,000,000","47,400,000","11,600,000","22,300,000","14,300,000","39,300,000","10,400,000","31,900,000","13,000,000","44,900,000","10,000,000","29,700,000","10,900,000","40,000,000","10,800,000","34,900,000","9,900,000","29,800,000","13,100,000","26,800,000","11,100,000","26,400,000","8,300,000","21,800,000","11,300,000",,,,,,,,,,,,,,,,
EarningsFromEquityInterestNetOfTax,"2,500,000","2,100,000","200,000","400,000","-200,000","1,500,000","-400,000","0","-200,000","500,000","300,000","-100,000","-300,000","800,000","100,000","-100,000","-1,900,000","800,000","-1,000,000","-100,000","1,200,000","1,900,000","200,000","-1,900,000","100,000","500,000","100,000","500,000","0","600,000","300,000","400,000","-100,000","1,200,000","600,000","200,000","100,000","800,000","1,400,000","500,000","400,000","1,600,000","800,000","600,000","300,000","1,500,000","800,000","200,000","-600,000","1,600,000","500,000","-1,500,000","500,000",,,,,,,,,,,,,,,,,,,,,,,,,,,,,,,,,,,,,,,,,,,,,,,,,,,,,,,,,,,,,,,,,,,,,,,,,,,,,,,,,,,,,,,,,,,,,,
NetIncomeCommonStockholders,"952,800,000","357,900,000","239,900,000","263,300,000","91,700,000","112,300,000","279,700,000","-45,600,000","4,700,000","328,900,000","165,600,000","169,500,000","-8,000,000","326,200,000","161,000,000","145,800,000","-14,100,000","316,600,000","146,200,000","94,700,000","21,500,000","317,600,000","128,600,000","156,900,000","5,400,000","260,300,000","74,900,000","121,200,000","-1,800,000","308,900,000","89,700,000","99,400,000","-20,900,000","193,100,000","45,400,000","79,900,000","-59,200,000","313,300,000","68,700,000","99,000,000","-45,900,000","259,000,000","208,100,000","101,700,000","-48,100,000","195,000,000","42,400,000","105,300,000","-71,500,000","129,400,000","17,200,000","20,900,000","-73,900,000","210,100,000","38,800,000","88,200,000","-69,700,000","171,500,000","-28,800,000","130,100,000","-132,800,000","51,900,000","-6,100,000","57,000,000","-182,100,000","-48,300,000","-101,500,000","9,400,000","-148,800,000","57,300,000","-583,400,000","-10,400,000","-21,700,000","-102,500,000","-327,100,000","-13,500,000","-8,600,000","20,300,000","-89,600,000","111,300,000","59,800,000","81,800,000","-477,500,000","-110,158,000","-38,357,000","122,664,000","61,860,000","136,839,000","36,345,000","78,700,000","59,000,000","139,400,000","44,800,000","112,500,000","45,200,000","116,400,000","27,600,000","92,000,000","35,300,000","89,800,000","22,000,000","77,000,000","27,500,000","82,900,000","17,800,000","28,700,000","22,200,000","63,800,000","15,200,000","30,700,000","17,400,000","54,100,000","-8,800,000","50,600,000","14,700,000","49,000,000","10,500,000","22,000,000","12,400,000","43,200,000","9,600,000","40,600,000","9,900,000","36,200,000","7,900,000","32,500,000","8,100,000","30,900,000","8,600,000","27,400,000","6,900,000",,,,,,,,,,,,,,,,
	NetIncome,"952,800,000","357,900,000","239,900,000","263,300,000","91,700,000","112,300,000","279,700,000","-45,600,000","4,700,000","328,900,000","165,600,000","169,500,000","-8,000,000","326,200,000","161,000,000","145,800,000","-14,100,000","316,600,000","146,200,000","94,700,000","21,500,000","317,600,000","128,600,000","156,900,000","5,400,000","260,300,000","74,900,000","121,200,000","-1,800,000","308,900,000","89,700,000","99,400,000","-20,900,000","193,100,000","48,300,000","82,800,000","-56,300,000","316,200,000","71,600,000","101,900,000","-43,000,000","261,900,000","211,000,000","104,600,000","-45,200,000","197,900,000","45,300,000","82,500,000","-64,600,000","136,400,000","24,100,000","27,800,000","-67,000,000","217,000,000","45,700,000","95,100,000","-62,800,000","178,400,000","-21,900,000","137,000,000","-125,900,000","63,800,000","5,800,000","68,900,000","-170,200,000","-37,000,000","-96,500,000","14,400,000","-143,800,000","62,300,000","-578,400,000","-5,400,000","-16,900,000","-102,500,000","-327,100,000","-13,500,000","-8,600,000","20,300,000","-89,600,000","111,300,000","59,800,000","81,800,000","-477,500,000","-110,158,000","-38,357,000","122,664,000","61,860,000","136,839,000","36,345,000","78,700,000","59,000,000","139,400,000","44,800,000","112,500,000","45,200,000","116,400,000","27,600,000","92,000,000","35,300,000","89,800,000","22,000,000","77,000,000","27,500,000","82,900,000","17,800,000","28,700,000","22,200,000","63,800,000","15,200,000","30,700,000","17,400,000","54,100,000","-8,800,000","50,600,000","14,700,000","49,000,000","10,500,000","22,000,000","12,400,000","43,200,000","9,600,000","40,600,000","9,900,000","36,200,000","7,900,000","32,500,000","8,100,000","30,900,000","8,600,000","27,400,000","6,900,000",,,,,,,,,,,,,,,,
		NetIncomeIncludingNoncontrollingInterests,"972,800,000","368,000,000","244,600,000","267,800,000","92,400,000","117,000,000","278,500,000","-43,900,000","2,600,000","342,200,000","168,400,000","172,800,000","-9,500,000","342,500,000","163,500,000","147,800,000","-16,100,000","333,500,000","148,800,000","94,600,000","18,100,000","336,900,000","132,700,000","160,200,000","2,700,000","282,900,000","78,000,000","123,800,000","-4,200,000","331,300,000","92,800,000","103,700,000","-22,400,000","212,100,000","49,200,000","86,100,000","-58,500,000","337,100,000","67,700,000","105,500,000","-45,700,000","278,300,000","217,500,000","108,900,000","-53,200,000","222,800,000","45,600,000","83,100,000","-70,300,000","159,700,000","25,900,000","31,400,000","-73,600,000","232,700,000","50,400,000","98,300,000","-63,400,000","189,400,000","-18,200,000","139,400,000","-126,300,000","74,000,000","9,600,000","75,100,000","-170,400,000","-29,800,000","-91,900,000","18,100,000","-142,600,000","70,700,000","-573,300,000","200,000","-14,500,000","-91,000,000","-316,700,000","-5,100,000","-7,800,000","29,000,000","-81,700,000","122,400,000","63,400,000","91,700,000","-474,600,000","-99,615,000","-33,451,000","136,752,000","71,872,000","147,126,000","41,778,000","93,600,000","65,000,000","148,300,000","48,400,000","125,900,000","50,700,000","122,800,000","30,400,000","101,600,000","38,900,000","97,000,000","25,400,000","84,100,000","30,000,000","86,000,000","19,600,000","32,800,000","23,000,000","65,900,000","16,000,000","32,300,000","18,500,000","53,700,000","-7,800,000","52,900,000","16,600,000","51,800,000","11,100,000","25,700,000","13,200,000","44,200,000","10,800,000","43,400,000","11,000,000","37,100,000","8,300,000","34,300,000","9,000,000","31,200,000","8,700,000","28,700,000","8,300,000","28,300,000","8,000,000","23,300,000","6,000,000","24,200,000","6,700,000","18,700,000","4,900,000","20,300,000","5,500,000","14,700,000","4,000,000","18,100,000","4,300,000","14,200,000","3,300,000"
			NetIncomeContinuousOperations,"972,800,000","368,000,000","244,600,000","267,800,000","92,400,000","117,000,000","278,500,000","-43,900,000","2,600,000","342,200,000","168,400,000","172,800,000","-9,500,000","342,500,000","163,500,000","147,800,000","-16,100,000","333,500,000","148,800,000","94,600,000","18,100,000","336,900,000","132,700,000","160,200,000","2,700,000","282,900,000","78,000,000","123,800,000","-4,200,000","331,300,000","92,800,000","103,700,000","-22,400,000","212,100,000","49,200,000","86,100,000","-58,500,000","337,100,000","67,700,000","105,500,000","-45,700,000","278,300,000","217,500,000","108,900,000","-53,200,000","222,800,000","45,600,000","83,100,000","-70,300,000","159,700,000","25,900,000","31,400,000","-73,600,000","217,000,000","45,700,000","95,100,000","-62,800,000","178,400,000","-21,900,000","137,000,000","-125,900,000","63,800,000","800,000","68,900,000","-170,200,000","-46,000,000","-96,500,000","14,400,000","-143,800,000","62,300,000","-584,900,000","-5,400,000","-16,900,000","-102,500,000","-416,200,000","-23,000,000","-8,600,000","20,300,000","-89,600,000","111,300,000","59,800,000","81,800,000","-477,500,000","-110,158,000","-38,357,000","122,664,000","61,860,000","136,839,000","36,345,000","78,700,000","59,000,000","139,400,000","44,800,000","112,500,000","45,200,000","116,400,000","27,600,000","92,000,000","35,300,000","89,800,000","22,000,000","77,000,000","27,500,000","82,900,000","17,800,000","28,700,000","22,200,000","63,800,000","15,200,000","30,700,000","17,400,000","54,100,000","13,000,000","50,600,000","14,700,000","49,000,000","11,000,000","46,600,000","12,400,000","43,200,000","9,600,000","40,600,000","9,900,000","36,200,000","7,900,000","32,500,000","8,100,000","30,900,000","8,600,000","27,400,000","6,900,000","28,300,000","8,000,000","23,300,000","6,000,000","24,200,000","6,700,000","18,700,000","4,900,000","20,300,000","5,500,000","14,700,000","4,000,000","18,100,000","4,300,000","14,200,000","3,300,000"
			NetIncomeDiscontinuousOperations,,,,,,,,,,,,,,,,,,,,,,,,,,,,,,,,,,,,,,,,,,,,,,,,,,,,,,,,,,,,,,"0","5,000,000",,,,,,,"0","6,500,000",,,"0","89,100,000","9,500,000",,,,,,,,,,,,,,,,,,,,,,,,,,,,,,,,,,,,,,,,,,,,,,,,,,,,,,,,,,,,,,,,,,,,,,,
			NetIncomeExtraordinary,,,,,,,,,,,,,,,,,,,,,,,,,,,,,,,,,,,,,,,,,,,,,,,,,,,,,,,,,,,,,,,,,,,,,,,,,,,,,,,,,,,,,,,,,,,,,,,,,,,,,,,,,,,,,,"0",,,"-21,800,000","0",,,"-500,000",,,,,,,,,,,,,,,,,,,,,,,,,,,,,,
		MinorityInterests,"-20,000,000","-10,100,000","-4,700,000","-4,500,000","-700,000","-4,700,000","1,200,000","-1,700,000","2,100,000","-13,300,000","-2,800,000","-3,300,000","1,500,000","-16,300,000","-2,500,000","-2,000,000","2,000,000","-16,900,000","-2,600,000","100,000","3,400,000","-19,300,000","-4,100,000","-3,300,000","2,700,000","-22,600,000","-3,100,000","-2,600,000","2,400,000","-22,400,000","-3,100,000","-4,300,000","1,500,000","-19,000,000","-900,000","-3,300,000","2,200,000","-20,900,000","3,900,000","-3,600,000","2,700,000","-16,400,000","-6,500,000","-4,300,000","8,000,000","-24,900,000","-300,000","-600,000","5,700,000","-23,300,000","-1,800,000","-3,600,000","6,600,000","-15,700,000","-4,700,000","-3,200,000","600,000","-11,000,000","-3,700,000","-2,400,000","400,000","-10,200,000","-3,800,000","-6,200,000","200,000","-7,200,000","-4,600,000","-3,700,000","-1,200,000","-8,400,000","-5,100,000","-5,600,000","-2,400,000","-11,500,000","-10,400,000","-8,400,000","-800,000","-8,700,000","-7,900,000","-11,100,000","-3,600,000","-9,900,000","-2,900,000","-10,543,000","-4,906,000","-14,088,000","-10,012,000","-10,287,000","-5,433,000","-14,900,000","-6,000,000","-8,900,000","-3,600,000","-13,400,000","-5,500,000","-6,400,000","-2,800,000","-9,600,000","-3,600,000","-7,200,000","-3,400,000","-7,100,000","-2,500,000","-3,100,000","-1,800,000","-4,100,000","-800,000","-2,100,000","-800,000","-1,600,000","-1,100,000","400,000","-1,000,000","-2,300,000","-1,900,000","-2,800,000","-600,000","-3,700,000","-800,000","-1,000,000","-1,200,000","-2,800,000","-1,100,000","-900,000","-400,000","-1,800,000","-900,000","-300,000","-100,000","-1,300,000","-1,400,000",,,,,,,,,,,,,,,,
	PreferredStockDividends,,,,,,,,,,,,,,,,,,,,,,,,,,,,,,,,,,"0","2,900,000","2,900,000","2,900,000","2,900,000","2,900,000","2,900,000","2,900,000","2,900,000","2,900,000","2,900,000","2,900,000","-22,800,000","2,900,000","2,900,000","6,900,000","7,000,000","6,900,000","6,900,000","6,900,000","6,900,000","6,900,000","6,900,000","6,900,000","6,900,000","6,900,000","6,900,000","6,900,000","11,900,000","11,900,000","11,900,000","11,900,000","11,300,000","5,000,000","5,000,000","5,000,000","5,000,000","5,000,000","5,000,000","4,800,000",,,,,,,,,,,,,,,,,,,,,,,,,,,,,,,,,,,,,,,,,,,,,,,,,,,,,,,,,,,,,,,,,,,,,,,,,,
	OtherunderPreferredStockDividend,,,,,,,,,,,,,,,,,,,,,,,,,,,,,,,,,,,,,,,,,,,,,,,,"-25,700,000",,,,,,,,,,,,,,,,,,,,,,,,,,,,,,,,,,,,,,,,,,,,,,,,,,,,,,,,,,,,,,,,,,,,,,,,,,,,,,,,,,,,,,,,,,,,,,,,,,,
DilutedNIAvailtoComStockholders,"952,800,000","357,900,000","239,900,000","263,300,000","91,700,000","112,300,000","279,700,000","-45,600,000","4,700,000","328,900,000","165,600,000","169,500,000","-8,000,000","326,200,000","161,000,000","145,800,000","-14,100,000","316,600,000","146,200,000","94,700,000","21,500,000","317,600,000","128,600,000","156,900,000","5,400,000","260,300,000","74,900,000","121,200,000","-1,800,000","308,900,000","89,700,000","99,400,000","-20,900,000","193,100,000","45,400,000","79,900,000","-59,200,000","313,300,000","68,700,000","99,000,000","-45,900,000","259,000,000","208,100,000","101,700,000","-48,100,000","195,000,000","42,400,000","105,300,000","-71,500,000","129,400,000","17,200,000","20,900,000","-73,900,000","210,100,000","38,800,000","88,200,000","-69,700,000","171,500,000","-28,800,000","130,100,000","-132,800,000","51,900,000","-6,100,000","57,000,000","-182,100,000","-48,300,000","-101,500,000","9,400,000","-148,800,000","57,300,000","-583,400,000","-10,400,000","-21,700,000","-102,500,000","-327,100,000","-13,500,000","-8,600,000","20,300,000","-89,600,000","111,300,000","59,800,000","81,800,000","-477,500,000","-110,158,000","-38,357,000","122,664,000","61,860,000","136,839,000","36,345,000","78,700,000","59,000,000","139,400,000","44,800,000","112,500,000","45,200,000","116,400,000","27,600,000","92,000,000","35,300,000","89,800,000","22,000,000","77,000,000","27,500,000","82,900,000","17,800,000","28,700,000","22,200,000","63,800,000","15,200,000","30,700,000","17,400,000","54,100,000","-8,800,000","50,600,000","14,700,000","49,000,000","10,500,000","22,000,000","12,400,000","43,200,000","9,600,000","40,600,000","9,900,000","36,200,000","7,900,000","32,500,000","8,100,000","30,900,000","8,600,000","27,400,000","6,900,000",,,,,,,,,,,,,,,,
BasicEPS,,"0.91","0.61","0.67","0.23","0.29","0.72","-0.12","0.01","0.85","0.43","0.44","-0.02","0.85","0.42","0.38","-0.04","0.82","0.38","0.24","0.05","0.81","0.32","0.39","0.01","0.65","0.18","0.3","-0.004","0.75","0.21","0.24","-0.05","0.45","0.11","0.19","-0.14",,"0.16","0.23","-0.1",,"0.45","0.21","-0.1",,"0.09","0.22","-0.15",,"0.04","0.04","-0.16",,"0.08","0.19","-0.15",,"-0.06","0.27","-0.29",,"-0.01","0.11","-0.43",,"-0.24","0.02","-0.35",,"-1.4","-0.03","-0.05",,"-0.85","-0.04","-0.02",,"0.02","0.31","0.18",,"-1.29","-0.3","-0.12",,"0.21","0.46","0.13",,"0.22","0.51","0.17",,"0.17","0.44","0.11",,"0.15","0.38","0.1",,"0.12","0.36","0.08",,"0.1","0.28","0.07",,"0.08","0.24","-0.04",,"0.07","0.22","0.04",,"0.06","0.2","0.05",,"0.05","0.17","0.04",,"0.04","0.16","0.05",,"0.04","0.14","0.04",,"0.03","0.13","0.02",,"0.03","0.11","0.03",,"0.02","0.1","0.03",,"0.02"
DilutedEPS,,"0.9","0.6","0.66","0.23","0.28","0.71","-0.12","0.01","0.84","0.42","0.43","-0.02","0.84","0.41","0.37","-0.04","0.81","0.37","0.24","0.05","0.78","0.32","0.38","0.01","0.63","0.18","0.29","-0.004","0.73","0.21","0.23","-0.05","0.44","0.11","0.18","-0.14",,"0.15","0.22","-0.1",,"0.4","0.19","-0.1",,"0.08","0.15","-0.15",,"0.03","0.04","-0.16",,"0.08","0.17","-0.15",,"-0.06","0.24","-0.29",,"-0.014","0.11","-0.43",,"-0.24","0.02","-0.351",,"-1.4","-0.03","-0.05",,"-0.85","-0.04","-0.02",,"0.02","0.31","0.18",,"-1.29","-0.3","-0.12",,"0.2","0.45","0.13",,"0.21","0.49","0.16",,"0.17","0.42","0.11",,"0.14","0.36","0.09",,"0.12","0.34","0.08",,"0.1","0.28","0.07",,"0.08","0.24","-0.04",,"0.07","0.22","0.04",,"0.06","0.2","0.05",,"0.05","0.17","0.04",,"0.04","0.16","0.05",,"0.04","0.14","0.04",,"0.03","0.13","0.02",,"0.03","0.11","0.03",,"0.02","0.1","0.03",,"0.02"
BasicAverageShares,,"393,700,000","393,500,000","393,300,000","391,500,000","390,500,000","389,600,000","389,400,000","387,700,000","386,900,000","386,700,000","386,200,000","384,500,000","383,400,000","382,600,000","383,600,000","383,400,000","385,100,000","389,500,000","392,300,000","391,700,000","393,500,000","397,700,000","400,100,000","400,600,000","403,400,000","407,600,000","410,500,000","411,100,000","413,700,000","419,200,000","421,100,000","422,800,000","425,100,000","419,700,000","425,100,000","414,200,000",,"431,300,000","437,400,000","437,600,000",,"464,700,000","473,100,000","476,000,000",,"474,700,000","473,000,000","471,300,000",,"470,500,000","467,100,000","464,000,000",,"462,800,000","460,500,000","459,200,000",,"458,600,000","457,300,000","456,000,000",,"427,200,000","426,600,000","426,000,000",,"425,300,000","424,800,000","423,800,000",,"415,400,000","414,600,000","413,300,000",,"385,800,000","384,300,000","381,800,000",,"377,280,000","375,700,000","373,000,000",,"369,600,000","368,911,000","308,916,000",,"300,004,000","294,438,000","281,035,000",,"268,181,818","273,333,333","263,529,412",,"265,882,353","264,545,455","250,909,091",,"235,333,333","236,315,789","220,000,000",,"229,166,667","230,277,778","222,500,000",,"222,000,000","227,857,143","217,142,857",,"217,500,000","225,416,667","220,000,000",,"210,000,000","222,727,273","262,500,000",,"206,666,667","216,000,000","192,000,000",,"198,000,000","212,941,176","197,500,000",,"202,500,000","193,125,000","172,000,000",,"172,500,000","207,106,000","201,548,000",,"201,464,000","199,436,000","201,812,000",,"198,842,000","199,736,000","199,484,000",,"200,102,000","196,324,000","196,324,000",,"195,586,000"
DilutedAverageShares,,"399,900,000","399,800,000","399,000,000","396,000,000","396,100,000","393,900,000","389,400,000","391,700,000","393,300,000","391,800,000","391,200,000","384,500,000","390,300,000","388,400,000","389,500,000","383,400,000","393,200,000","397,200,000","400,300,000","399,300,000","405,200,000","407,900,000","409,800,000","409,300,000","412,300,000","415,500,000","417,600,000","411,100,000","421,200,000","426,400,000","428,100,000","422,800,000","435,200,000","426,100,000","448,300,000","414,200,000",,"456,100,000","477,700,000","437,600,000",,"537,600,000","546,900,000","476,000,000",,"533,600,000","544,900,000","471,300,000",,"513,800,000","507,500,000","464,000,000",,"519,400,000","516,000,000","459,200,000",,"458,600,000","541,300,000","456,000,000",,"427,200,000","494,300,000","426,000,000",,"425,300,000","429,600,000","423,800,000",,"415,400,000","414,600,000","413,300,000",,"385,800,000","384,300,000","381,800,000",,"381,080,000","389,100,000","379,800,000",,"369,600,000","368,911,000","308,916,000",,"309,033,000","317,236,000","291,288,000",,"280,952,381","284,489,796","280,000,000",,"265,882,353","277,142,857","250,909,091",,"252,142,857","249,444,444","244,444,444",,"229,166,667","243,823,529","222,500,000",,"222,000,000","227,857,143","217,142,857",,"217,500,000","225,416,667","220,000,000",,"210,000,000","222,727,273","262,500,000",,"206,666,667","216,000,000","192,000,000",,"198,000,000","212,941,176","197,500,000",,"202,500,000","193,125,000","172,000,000",,"172,500,000","207,106,000","201,548,000",,"201,464,000","199,436,000","201,812,000",,"198,842,000","199,736,000","199,484,000",,"200,102,000","196,324,000","196,324,000",,"195,586,000"
TotalOperatingIncomeAsReported,"1,436,200,000","457,300,000","351,500,000","384,400,000","243,000,000","223,400,000","248,600,000","40,500,000","75,900,000","491,300,000","280,300,000","264,200,000","50,200,000","459,100,000","261,700,000","249,200,000","38,800,000","518,300,000","219,100,000","206,500,000","29,700,000","485,100,000","207,200,000","224,800,000","20,900,000","456,400,000","191,900,000","215,800,000","7,800,000","433,000,000","171,300,000","195,800,000","-11,700,000","324,400,000","141,500,000","174,800,000","-42,400,000","409,900,000","131,400,000","176,400,000","-39,400,000","385,300,000","173,200,000","174,000,000","-45,300,000","330,700,000","100,200,000","177,200,000","-59,400,000","268,000,000","58,300,000","96,900,000","-81,900,000","330,600,000","116,300,000","200,600,000","-57,800,000","271,800,000","51,100,000","145,600,000","-124,200,000","167,800,000","21,100,000","76,900,000","-159,800,000","32,200,000","-96,800,000","124,800,000","-164,400,000","277,800,000","-420,200,000","58,500,000","-10,400,000","150,600,000","-171,100,000","51,900,000","25,100,000","119,300,000","-67,500,000","228,900,000","128,600,000","200,000,000","-570,600,000","-27,698,000","130,410,000","262,388,000","166,162,000","293,507,000","107,146,000","193,400,000","106,600,000","223,400,000","78,000,000","167,400,000","77,500,000","191,700,000","48,700,000","185,600,000","77,700,000","154,500,000","35,400,000","145,400,000","58,700,000","153,700,000","40,100,000","88,100,000","47,600,000","121,600,000","34,800,000","61,300,000","39,900,000","101,200,000","31,300,000","89,000,000","34,300,000","105,800,000","29,100,000","34,400,000","32,500,000","93,000,000","28,900,000","85,900,000","29,800,000","74,200,000","28,900,000","67,400,000","23,400,000","59,500,000","18,200,000","53,200,000","21,100,000",,,,,,,,,,,,,,,,
TotalExpenses,"8,793,900,000","2,461,800,000","2,194,000,000","2,125,400,000","2,012,700,000","2,072,700,000","1,829,600,000","1,872,600,000","2,283,900,000","2,410,500,000","2,157,800,000","2,253,900,000","2,279,200,000","2,396,900,000","2,035,800,000","2,142,600,000","2,130,300,000","1,822,700,000","1,683,500,000","1,678,400,000","1,724,200,000","1,779,400,000","1,715,000,000","1,693,100,000","1,721,100,000","1,740,600,000","1,673,600,000","1,660,300,000","1,668,200,000","1,773,900,000","1,669,800,000","1,655,600,000","1,649,200,000","1,737,700,000","1,558,900,000","1,581,400,000","1,585,400,000","1,653,400,000","1,539,000,000","1,539,300,000","1,546,200,000","1,687,100,000","1,553,500,000","1,566,500,000","1,519,300,000","1,679,700,000","1,459,200,000","1,440,000,000","1,400,400,000","1,527,900,000","1,368,900,000","1,377,500,000","1,407,400,000","1,565,300,000","1,619,800,000","1,631,000,000","1,539,800,000","1,667,500,000","1,503,600,000","1,512,300,000","1,483,900,000","1,695,800,000","1,426,500,000","1,456,000,000","1,486,400,000","1,851,000,000","1,539,900,000","1,493,300,000","1,501,600,000","1,664,600,000","1,928,000,000","1,483,600,000","1,405,500,000","1,445,600,000","1,542,000,000","1,353,100,000","1,407,900,000","1,549,400,000","1,557,600,000","1,383,800,000","1,291,400,000","1,515,900,000","1,583,500,000","1,719,819,000","1,171,789,000","1,426,615,000","1,154,277,000","1,124,685,000","982,492,000","1,207,800,000","914,800,000","873,200,000","830,100,000","1,135,200,000","759,900,000","751,500,000","670,700,000","807,200,000","645,800,000","634,100,000","548,000,000","642,900,000","509,000,000","521,600,000","466,100,000","581,500,000","444,900,000","435,600,000","425,600,000","564,000,000","400,600,000","396,300,000","389,700,000","420,300,000","376,700,000","378,000,000","360,700,000","448,200,000","403,300,000","392,300,000","371,800,000","437,300,000","371,200,000","325,300,000","324,900,000","357,900,000","292,600,000","282,900,000","266,300,000","326,900,000","262,200,000",,,,,,,,,,,,,,,,
NetIncomeFromContinuingAndDiscontinuedOperation,"952,800,000","357,900,000","239,900,000","263,300,000","91,700,000","112,300,000","279,700,000","-45,600,000","4,700,000","328,900,000","165,600,000","169,500,000","-8,000,000","326,200,000","161,000,000","145,800,000","-14,100,000","316,600,000","146,200,000","94,700,000","21,500,000","317,600,000","128,600,000","156,900,000","5,400,000","260,300,000","74,900,000","121,200,000","-1,800,000","308,900,000","89,700,000","99,400,000","-20,900,000","193,100,000","48,300,000","82,800,000","-56,300,000","316,200,000","71,600,000","101,900,000","-43,000,000","261,900,000","211,000,000","104,600,000","-45,200,000","197,900,000","45,300,000","82,500,000","-64,600,000","136,400,000","24,100,000","27,800,000","-67,000,000","217,000,000","45,700,000","95,100,000","-62,800,000","178,400,000","-21,900,000","137,000,000","-125,900,000","63,800,000","5,800,000","68,900,000","-170,200,000","-37,000,000","-96,500,000","14,400,000","-143,800,000","62,300,000","-578,400,000","-5,400,000","-16,900,000","-102,500,000","-327,100,000","-13,500,000","-8,600,000","20,300,000","-89,600,000","111,300,000","59,800,000","81,800,000","-477,500,000","-110,158,000","-38,357,000","122,664,000","61,860,000","136,839,000","36,345,000","78,700,000","59,000,000","139,400,000","44,800,000","112,500,000","45,200,000","116,400,000","27,600,000","92,000,000","35,300,000","89,800,000","22,000,000","77,000,000","27,500,000","82,900,000","17,800,000","28,700,000","22,200,000","63,800,000","15,200,000","30,700,000","17,400,000","54,100,000","13,000,000","50,600,000","14,700,000","49,000,000","11,000,000","46,600,000","12,400,000","43,200,000","9,600,000","40,600,000","9,900,000","36,200,000","7,900,000","32,500,000","8,100,000","30,900,000","8,600,000","27,400,000","6,900,000",,,,,,,,,,,,,,,,
NormalizedIncome,"1,035,376,000","369,553,404.108","240,591,046.183","264,432,730.867","161,547,766.323","291,338,306.452","320,507,000","51,125,000","21,709,000","347,989,831.697","171,162,397.937","173,732,655.889","21,492,000","336,267,417.678","165,229,004.909","159,645,957.447","3,712,000","320,468,604.651","151,029,800","102,560,000","20,900,000","336,662,570.846","125,967,500","158,633,600","15,180,000","267,561,337.073","97,460,000","121,261,300","-1,725,000","309,374,008.6","89,635,000","105,591,300","-21,643,200","234,057,975.167","77,326,000","82,800,000","-56,300,000","257,587,311.242","70,558,317.93","98,718,100","-42,082,235.835","251,665,685.745","107,367,432.95","101,057,152.021","-40,278,000","187,500,000","48,213,294.798","84,255,000","-64,764,000","120,930,000","22,790,721.649","48,744,535.519","-70,798,090.452","222,219,872.226","48,885,000","93,670,000","-59,436,054.422","193,292,784.759","-15,400,000","128,420,000","-125,151,971.091","145,437,126.437","-8,920,000","45,178,571.429","-170,580,357.143","10,580,000","-95,133,333.333","12,660,000","-160,607,574.094","-11,380,000","-273,380,000","44,220,000","-15,640,000","-60,920,000","-145,240,000","45,940,000","-200,000","36,200,000","-10,580,000","114,867,226.009","59,613,432.836","81,860,000","43,334,839.297","44,241,200","74,100,996.418","126,703,800","67,506,000","148,405,200","47,259,000","93,880,000","44,780,000","115,280,000","34,000,000","76,140,000","29,840,000","98,040,000","18,780,000","91,340,000","33,800,000","75,700,000","11,800,000","74,060,000","26,240,000","81,040,000","16,420,000","27,380,000","21,120,000","62,900,000","14,840,000","29,200,000","17,040,000","53,680,000","12,880,000","50,170,666.667","14,640,000","49,000,000","10,820,000","46,600,000","12,400,000","43,200,000","9,600,000","39,640,000","10,020,000","35,840,000","7,780,000","31,600,000","7,620,000","29,760,000","7,400,000","25,360,000","6,360,000",,,,,,,,,,,,,,,,
InterestIncome,"29,700,000","7,800,000","7,400,000","7,600,000","6,900,000","6,800,000","6,100,000","5,900,000","10,700,000","9,500,000","9,500,000","7,700,000","7,800,000","7,800,000","5,300,000","4,700,000","4,000,000","5,400,000","4,100,000","4,700,000","5,200,000","4,000,000","4,700,000","5,600,000","5,800,000","5,000,000","5,600,000","5,000,000","7,200,000","7,100,000","7,500,000","6,600,000","6,200,000","6,700,000","5,800,000","5,800,000","6,400,000","8,100,000","6,700,000","6,700,000","8,000,000","10,100,000","9,700,000","9,700,000","8,300,000","9,300,000","6,800,000","6,100,000","6,500,000","7,000,000","7,600,000","8,100,000","12,300,000",,,,,,,,,,,,,,,,,,,,,,,,,,,,,,,,,,,,,,,,,,,,,,,,,,,,,,,,,,,,,,,,,,,,,,,,,,,,,,,,,,,,,,,,,,,,,,
InterestExpense,"173,100,000","38,000,000","42,900,000","42,600,000","49,600,000","46,800,000","50,800,000","49,800,000","44,800,000","48,200,000","49,700,000","51,600,000","49,800,000","49,400,000","27,600,000","26,100,000","19,900,000","23,200,000","21,000,000","25,700,000","20,900,000","21,800,000","21,700,000","24,500,000","22,600,000","23,300,000","21,300,000","20,300,000","20,900,000","21,400,000","20,700,000","22,600,000","20,200,000","24,700,000","23,700,000","37,500,000","36,800,000","36,600,000","31,600,000","32,700,000","32,600,000","38,900,000","32,900,000","33,100,000","31,900,000","37,400,000","34,700,000","35,000,000","32,600,000","37,900,000","37,800,000","45,100,000","34,800,000",,,,,,,,,,,,,,,,,,,,,,,,,,,,,,,,,,,,,,,,,,,,,,,,,,,,,,,,,,,,,,,,,,,,,,,,,,,,,,,,,,,,,,,,,,,,,,
NetInterestIncome,"-143,400,000","-30,200,000","-35,500,000","-35,000,000","-42,700,000","-40,000,000","-44,700,000","-43,900,000","-34,100,000","-38,700,000","-40,200,000","-43,900,000","-42,000,000","-41,600,000","-22,300,000","-21,400,000","-15,900,000","-17,800,000","-16,900,000","-21,000,000","-15,700,000","-17,800,000","-17,000,000","-18,900,000","-16,800,000","-18,300,000","-15,700,000","-15,300,000","-13,700,000","-14,300,000","-13,200,000","-16,000,000","-14,000,000","-18,000,000","-17,900,000","-31,700,000","-30,400,000","-28,500,000","-24,900,000","-26,000,000","-24,600,000","-28,800,000","-23,200,000","-23,400,000","-23,600,000","-28,100,000","-27,900,000","-28,900,000","-26,100,000","-30,900,000","-30,200,000","-37,000,000","-22,500,000",,,,,,,,,,,,,,,,,,,,,,,,,,,,,,,,,,,,,,,,,,,,,,,,,,,,,,,,,,,,,,,,,,,,,,,,,,,,,,,,,,,,,,,,,,,,,,
EBIT,"1,395,200,000","471,300,000","361,200,000","396,700,000","166,000,000","220,400,000","243,400,000","24,900,000","64,800,000","476,000,000","282,400,000","268,100,000","51,100,000","453,300,000","251,700,000","237,600,000","18,400,000","522,000,000","213,300,000","195,800,000","35,700,000","462,900,000","218,000,000","230,300,000","9,600,000","451,100,000","160,300,000","221,300,000","15,300,000","440,000,000","178,200,000","191,200,000","-3,800,000","338,800,000","100,700,000","185,400,000","-34,200,000","513,400,000","139,800,000","187,800,000","-32,700,000","409,300,000","320,000,000","189,000,000","-43,100,000","357,600,000","103,900,000","181,200,000","-52,400,000","304,100,000","66,900,000","81,700,000","-64,700,000","336,500,000","120,200,000","204,700,000","-54,600,000","315,000,000","56,300,000","140,400,000","-124,800,000","181,300,000","27,300,000","76,900,000","-159,400,000","34,600,000","-97,700,000","122,900,000","-171,300,000","274,400,000","-419,200,000","60,500,000","-10,400,000","183,800,000","-123,100,000","146,300,000","25,100,000","119,300,000","-55,400,000","228,900,000","128,600,000","200,000,000","22,200,000","23,596,000","130,410,000","262,388,000","166,162,000","293,507,000","107,146,000","193,400,000","106,600,000","223,400,000","78,000,000","167,400,000","77,500,000","191,700,000","48,700,000","185,600,000","77,700,000","154,500,000","35,400,000","145,400,000","58,700,000","153,700,000","40,100,000","88,100,000","47,600,000","121,600,000","34,800,000","61,300,000","39,900,000","101,200,000","31,300,000","89,000,000","34,300,000","105,800,000","29,100,000","34,400,000","32,500,000","93,000,000","28,900,000","85,900,000","29,800,000","74,200,000","28,900,000","67,400,000","23,400,000","59,500,000","18,200,000","53,200,000","21,100,000","317,100,000","276,500,000","-655,500,000","268,600,000","282,600,000","242,800,000","-587,500,000","217,600,000","249,600,000","202,500,000","-480,400,000","190,700,000","215,300,000","167,900,000","-424,000,000","156,200,000"
EBITDA,"1,679,000,000"
ReconciledCostOfRevenue,"8,387,800,000","2,354,200,000","2,092,400,000","2,025,900,000","1,915,300,000","1,976,600,000","1,748,700,000","1,795,400,000","2,188,700,000","2,320,600,000","2,079,000,000","2,162,800,000","2,166,700,000","2,247,000,000","1,970,200,000","2,069,800,000","2,049,200,000","1,325,800,000","1,227,600,000","1,239,300,000","1,275,400,000","1,309,400,000","1,228,800,000","1,229,000,000","1,270,900,000","1,235,100,000","1,202,200,000","1,205,200,000","1,215,200,000","1,266,400,000","1,195,200,000","1,170,200,000","1,188,600,000","1,199,600,000","1,093,600,000","1,120,200,000","1,132,100,000","4,391,900,000","0","0","0","0","0","0","0","0","0","0","0","0","0","0","0",,,,,,,,,,,,,,,,,,,,,,,,,,,,,,,,,"27,122,000","-82,224,000","-71,220,000","-60,741,000","-2,690,600,000","867,300,000","822,300,000","785,100,000","-2,270,700,000","718,900,000","710,000,000","632,900,000","-183,100,000","615,000,000","603,100,000","519,000,000","-179,500,000","481,400,000","496,200,000","442,600,000","-177,300,000","421,500,000","414,200,000","400,400,000","-165,300,000","380,900,000","377,100,000","372,300,000","-218,200,000","360,200,000","358,700,000","346,500,000","-189,400,000","398,100,000","382,200,000","362,600,000","-159,500,000","355,200,000","310,700,000","310,100,000","-93,200,000","281,100,000","271,200,000","255,000,000","-98,500,000","253,200,000",,,,,,,,,,,,,,,,
ReconciledDepreciation,"283,800,000","75,100,000","69,400,000","70,100,000","69,200,000","73,700,000","71,000,000","73,100,000","72,800,000","65,400,000","69,000,000","73,000,000","71,100,000","68,900,000","44,000,000","44,000,000","46,000,000","32,600,000","42,200,000","41,300,000","41,000,000","42,700,000","39,700,000","39,800,000","38,000,000","40,700,000","38,100,000","39,500,000","38,700,000","41,300,000","41,000,000","40,200,000","40,500,000","39,500,000","40,500,000","39,200,000","38,200,000","38,900,000","37,400,000","36,800,000","34,600,000","41,400,000","36,200,000","37,700,000","35,600,000","36,900,000","37,300,000","36,800,000","37,400,000","43,400,000","42,000,000","42,700,000","41,800,000","-42,700,000","73,000,000","73,100,000","69,900,000","81,400,000","74,100,000","61,800,000","70,400,000","74,200,000","68,200,000","62,700,000","55,400,000","60,600,000","55,600,000","49,600,000","54,400,000","65,900,000","54,400,000","58,000,000","61,100,000","73,700,000","70,100,000","64,300,000","69,800,000","78,000,000","80,600,000","72,000,000","69,900,000","138,200,000","104,788,000","123,659,000","84,653,000","85,356,000","82,224,000","71,220,000","60,741,000","72,500,000","47,500,000","50,900,000","45,000,000","58,800,000","41,000,000","41,500,000","37,800,000","40,000,000","30,800,000","31,000,000","29,000,000","27,000,000","27,600,000","25,400,000","23,500,000","21,200,000","23,400,000","21,400,000","25,200,000","19,300,000","19,700,000","19,200,000","17,400,000","20,000,000","16,500,000","19,300,000","14,200,000","15,100,000","5,200,000","10,100,000","9,200,000","18,300,000","16,000,000","14,600,000","14,800,000","14,300,000","11,500,000","11,700,000","11,300,000","12,500,000","9,000,000",,,,,,,,,,,,,,,,
NetIncomeFromContinuingOperationNetMinorityInterest,"952,800,000","357,900,000","239,900,000","263,300,000","91,700,000","112,300,000","279,700,000","-45,600,000","4,700,000","328,900,000","165,600,000","169,500,000","-8,000,000","326,200,000","161,000,000","145,800,000","-14,100,000","316,600,000","146,200,000","94,700,000","21,500,000","317,600,000","128,600,000","156,900,000","5,400,000","260,300,000","74,900,000","121,200,000","-1,800,000","308,900,000","89,700,000","99,400,000","-20,900,000","193,100,000","48,300,000","82,800,000","-56,300,000","316,200,000","71,600,000","101,900,000","-43,000,000","261,900,000","211,000,000","104,600,000","-45,200,000","197,900,000","45,300,000","82,500,000","-64,600,000","136,400,000","24,100,000","27,800,000","-67,000,000","217,000,000","45,700,000","95,100,000","-62,800,000","178,400,000","-21,900,000","137,000,000","-125,900,000","63,800,000","800,000","68,900,000","-170,200,000","-46,000,000","-96,500,000","14,400,000","-143,800,000","62,300,000","-584,900,000","-5,400,000","-16,900,000","-102,500,000","-416,200,000","-23,000,000","-8,600,000","20,300,000","-89,600,000","111,300,000","59,800,000","81,800,000","-477,500,000","-110,158,000","-38,357,000","122,664,000","61,860,000","136,839,000","36,345,000","78,700,000","59,000,000","139,400,000","44,800,000","112,500,000","45,200,000","116,400,000","27,600,000","92,000,000","35,300,000","89,800,000","22,000,000","77,000,000","27,500,000","82,900,000","17,800,000","28,700,000","22,200,000","63,800,000","15,200,000","30,700,000","17,400,000","54,100,000","13,000,000","50,600,000","14,700,000","49,000,000","11,000,000","46,600,000","12,400,000","43,200,000","9,600,000","40,600,000","9,900,000","36,200,000","7,900,000","32,500,000","8,100,000","30,900,000","8,600,000","27,400,000","6,900,000",,,,,,,,,,,,,,,,
TotalUnusualItemsExcludingGoodwill,"-104,000,000","-13,800,000","-900,000","-1,500,000","-87,800,000","-269,100,000","-55,900,000","-132,500,000","-23,300,000","-23,900,000","-7,700,000","-5,300,000","-40,400,000","-11,900,000","-5,800,000","-19,800,000","-24,400,000","-5,800,000","-6,200,000","-13,100,000","1,000,000","-25,100,000","3,900,000","-2,200,000","-16,300,000","-11,000,000","-37,600,000","-100,000","-100,000","-600,000","100,000","-10,100,000","800,000","-61,000,000","-46,000,000",,,"83,100,000","1,700,000","4,700,000","-1,300,000","13,700,000","137,300,000","5,100,000","-6,900,000","16,000,000","-4,500,000","-2,700,000","200,000","23,800,000","1,500,000","-23,300,000","5,100,000","-6,700,000","-4,900,000","2,200,000","-4,600,000","-19,700,000","-10,000,000","13,200,000","-900,000","-101,900,000","16,200,000","24,300,000","400,000","-94,300,000","-1,800,000","2,900,000","21,400,000","122,800,000","-519,200,000","-82,700,000","-2,100,000","-69,300,000","-451,600,000","-114,900,000","-14,000,000","-26,500,000","-131,700,000","-5,900,000","300,000","-100,000","-723,400,000","-257,332,000","-141,736,000","-6,733,000","-9,410,000","-19,277,000","-18,190,000","-25,300,000","23,700,000","40,200,000","18,000,000","60,600,000","25,600,000","30,600,000","14,700,000","1,100,000","2,500,000","23,500,000","17,000,000","4,900,000","2,100,000","3,100,000","2,300,000","2,200,000","1,800,000","1,500,000","600,000","2,500,000","600,000","700,000","200,000","700,000","100,000",,"300,000",,,,,"1,600,000","-200,000","600,000","200,000","1,500,000","800,000","1,900,000","2,000,000","3,400,000","900,000",,,,,,,,,,,,,,,,
TotalUnusualItems,"-104,000,000","-13,800,000","-900,000","-1,500,000","-87,800,000","-269,100,000","-55,900,000","-132,500,000","-23,300,000","-23,900,000","-7,700,000","-5,300,000","-40,400,000","-11,900,000","-5,800,000","-19,800,000","-24,400,000","-5,800,000","-6,200,000","-13,100,000","1,000,000","-25,100,000","3,900,000","-2,200,000","-16,300,000","-11,000,000","-37,600,000","-100,000","-100,000","-600,000","100,000","-10,100,000","800,000","-61,000,000","-46,000,000",,,"83,100,000","1,700,000","4,700,000","-1,300,000","13,700,000","137,300,000","5,100,000","-6,900,000","16,000,000","-4,500,000","-2,700,000","200,000","23,800,000","1,500,000","-23,300,000","5,100,000","-6,700,000","-4,900,000","2,200,000","-4,600,000","-19,700,000","-10,000,000","13,200,000","-900,000","-101,900,000","16,200,000","24,300,000","400,000","-94,300,000","-1,800,000","2,900,000","21,400,000","122,800,000","-519,200,000","-82,700,000","-2,100,000","-69,300,000","-451,600,000","-114,900,000","-14,000,000","-26,500,000","-131,700,000","-5,900,000","300,000","-100,000","-723,400,000","-257,332,000","-141,736,000","-6,733,000","-9,410,000","-19,277,000","-18,190,000","-25,300,000","23,700,000","40,200,000","18,000,000","60,600,000","25,600,000","30,600,000","14,700,000","1,100,000","2,500,000","23,500,000","17,000,000","4,900,000","2,100,000","3,100,000","2,300,000","2,200,000","1,800,000","1,500,000","600,000","2,500,000","600,000","700,000","200,000","700,000","100,000",,"300,000",,,,,"1,600,000","-200,000","600,000","200,000","1,500,000","800,000","1,900,000","2,000,000","3,400,000","900,000",,,,,,,,,,,,,,,,
NormalizedEBITDA,"1,783,000,000","560,200,000","431,500,000","468,300,000","323,000,000","563,200,000","370,300,000","230,500,000","160,900,000","565,300,000","359,100,000","346,400,000","162,600,000","534,100,000","301,500,000","301,400,000","88,800,000","560,400,000","261,700,000","250,200,000","75,700,000","530,700,000","253,800,000","272,300,000","63,900,000","502,800,000","236,000,000","260,900,000","54,100,000","481,900,000","219,100,000","241,500,000","35,900,000","439,300,000","187,200,000","224,600,000","4,000,000","469,200,000","175,500,000","219,900,000","3,200,000","437,000,000","218,900,000","221,600,000","-600,000","378,500,000","145,700,000","220,700,000","-15,200,000","323,700,000","107,400,000","147,700,000","-28,000,000","343,200,000","198,100,000","275,600,000","19,900,000","416,100,000","140,400,000","189,000,000","-53,500,000","357,400,000","79,300,000","115,300,000","-104,400,000","189,500,000","-40,300,000","169,600,000","-138,300,000","217,500,000","154,400,000","201,200,000","52,800,000","326,800,000","398,600,000","325,500,000","108,900,000","223,800,000","156,900,000","306,800,000","198,200,000","338,300,000","850,388,000","404,587,000","356,799,000","354,477,000","257,796,000","384,004,000","186,077,000","291,200,000","130,400,000","234,100,000","105,000,000","165,600,000","92,900,000","202,600,000","71,800,000","224,500,000","106,000,000","162,000,000","47,400,000","167,500,000","84,200,000","176,000,000","61,300,000","107,100,000","69,200,000","141,500,000","59,400,000","78,100,000","59,000,000","119,700,000","48,500,000","108,300,000","50,900,000","125,100,000","43,000,000","49,500,000","37,700,000","103,100,000","38,100,000","102,600,000","46,000,000","88,200,000","43,500,000","80,200,000","34,100,000","69,300,000","27,500,000","62,300,000","29,200,000","317,100,000","276,500,000","-655,500,000","268,600,000","282,600,000","242,800,000","-587,500,000","217,600,000","249,600,000","202,500,000","-480,400,000","190,700,000","215,300,000","167,900,000","-424,000,000","156,200,000"
TaxRateForCalcs,"0.206","0.156","0.232","0.245","0.204","0.335","0.27","0.27","0.27","0.201","0.278","0.201","0.27","0.154","0.271","0.301","0.27","0.333","0.221","0.4","0.4","0.241","0.325","0.212","0.4","0.34","0.4","0.387","0.25","0.21","0.35","0.387","0.071","0.329","0.369","0.35","0.175","0.295","0.387","0.323","0.294","0.253","0.245","0.305","0.287","0.35","0.353","0.35","0.18","0.35","0.127","0.101","0.255","0.221","0.35","0.35","0.269","0.244","0.35","0.35","0.169","0.199","0.4","0.024","0.049","0.4","0.241","0.4","0.215","0.4","0.4","0.4","0.4","0.4","0.4","0.4","0.4","0.4","0.4","0.395","0.378","0.4","0.28","0.4","0.207","0.4","0.4","0.4","0.4","0.4","0.4","0.4","0.4","0.4","0.4","0.4","0.4","0.4","0.4","0.4","0.4","0.4","0.4","0.4","0.4","0.4","0.4","0.4","0.4","0.4","0.4","0.4","0.4","0.387","0.4","0.4","0.4","0.389","0.4","0.4","0.4","0.4","0.4","0.4","0.4","0.4","0.4","0.4","0.4","0.4","0.4",,,,,,,,,,,,,,,,
TaxEffectOfUnusualItems,"-21,424,000","-2,146,595.892","-208,953.817","-367,269.133","-17,952,233.677","-90,061,693.548","-15,093,000","-35,775,000","-6,291,000","-4,810,168.303","-2,137,602.063","-1,067,344.111","-10,908,000","-1,832,582.322","-1,570,995.091","-5,954,042.553","-6,588,000","-1,931,395.349","-1,370,200","-5,240,000","400,000","-6,037,429.154","1,267,500","-466,400","-6,520,000","-3,738,662.927","-15,040,000","-38,700","-25,000","-125,991.4","35,000","-3,908,700","56,800","-20,042,024.833","-16,974,000","0","0","24,487,311.242","658,317.93","1,518,100","-382,235.835","3,465,685.745","33,667,432.95","1,557,152.021","-1,978,000","5,600,000","-1,586,705.202","-945,000","36,000","8,330,000","190,721.649","-2,355,464.481","1,301,909.548","-1,480,127.774","-1,715,000","770,000","-1,236,054.422","-4,807,215.241","-3,500,000","4,620,000","-151,971.091","-20,262,873.563","6,480,000","578,571.429","19,642.857","-37,720,000","-433,333.333","1,160,000","4,592,425.906","49,120,000","-207,680,000","-33,080,000","-840,000","-27,720,000","-180,640,000","-45,960,000","-5,600,000","-10,600,000","-52,680,000","-2,332,773.991","113,432.836","-40,000","-202,565,160.703","-102,932,800","-29,278,003.582","-2,693,200","-3,764,000","-7,710,800","-7,276,000","-10,120,000","9,480,000","16,080,000","7,200,000","24,240,000","10,240,000","12,240,000","5,880,000","440,000","1,000,000","9,400,000","6,800,000","1,960,000","840,000","1,240,000","920,000","880,000","720,000","600,000","240,000","1,000,000","240,000","280,000","80,000","270,666.667","40,000","0","120,000","0","0","0","0","640,000","-80,000","240,000","80,000","600,000","320,000","760,000","800,000","1,360,000","360,000",,,,,,,,,,,,,,,,