name,ttm,12/31/2021,09/30/2021,06/30/2021,03/31/2021,12/31/2020,09/30/2020,06/30/2020,03/31/2020,12/31/2019,09/30/2019,06/30/2019,03/31/2019,12/31/2018,09/30/2018,06/30/2018,03/31/2018,12/31/2017,09/30/2017,06/30/2017,03/31/2017,12/31/2016,09/30/2016,06/30/2016,03/31/2016,12/31/2015,09/30/2015,06/30/2015,03/31/2015,12/31/2014,09/30/2014,06/30/2014,03/31/2014,12/31/2013,09/30/2013,06/30/2013,03/31/2013,12/31/2012,09/30/2012,06/30/2012,03/31/2012,12/31/2011,09/30/2011,06/30/2011,03/31/2011,12/31/2010,09/30/2010,06/30/2010,03/31/2010,12/31/2009,09/30/2009,06/30/2009,03/31/2009,12/31/2008,09/30/2008,06/30/2008,03/31/2008,12/31/2007,09/30/2007,06/30/2007,03/31/2007,12/31/2006,09/30/2006,06/30/2006,03/31/2006,12/31/2005,09/30/2005,06/30/2005,03/31/2005,12/31/2004,09/30/2004,06/30/2004,03/31/2004,12/31/2003,09/30/2003,06/30/2003,03/31/2003,12/31/2002,09/30/2002,06/30/2002,03/31/2002,12/31/2001,09/30/2001,06/30/2001,03/31/2001,12/31/2000,09/30/2000,06/30/2000,03/31/2000,12/31/1999,09/30/1999,06/30/1999,03/31/1999,12/31/1998,09/30/1998,06/30/1998,03/31/1998,12/31/1997,09/30/1997,06/30/1997,03/31/1997,12/31/1996,09/30/1996,06/30/1996,03/31/1996,12/31/1995,09/30/1995,06/30/1995,03/31/1995,12/31/1994,09/30/1994,06/30/1994,03/31/1994,12/31/1993,09/30/1993,06/30/1993,03/31/1993,12/31/1992,09/30/1992,06/30/1992,03/31/1992,12/31/1991,09/30/1991,06/30/1991,03/31/1991,12/31/1990,09/30/1990,06/30/1990,03/31/1990,12/31/1989,09/30/1989,06/30/1989,03/31/1989,12/31/1988,09/30/1988,06/30/1988,03/31/1988,12/31/1987,09/30/1987,06/30/1987,03/31/1987,12/31/1986,09/30/1986,06/30/1986,03/31/1986,12/31/1985,09/30/1985
TotalRevenue,"14,091,421,000","3,380,625,000","3,586,488,000","3,576,436,000","3,547,873,000","3,381,836,000","3,519,689,000","3,260,057,000","3,427,180,000","3,360,049,000","3,392,863,000","3,169,622,000","3,091,596,000","3,083,788,000","4,142,645,000","4,156,663,000","3,935,028,000","2,750,311,000","2,653,866,000","2,514,751,000","2,302,567,000","2,551,604,000","2,640,587,000","2,693,873,000","2,781,763,000","2,847,934,000","3,116,954,000","2,907,541,000","2,903,332,000","3,187,005,000","3,218,442,000","3,231,791,000","3,176,033,000","3,068,891,000","3,142,656,000","3,080,995,000","2,835,084,000","2,759,641,000","2,786,285,000","2,772,874,000","2,702,851,000","2,631,768,000","2,723,295,000","2,744,178,000","2,558,016,000","2,356,175,000","2,343,033,000","2,507,725,000","2,586,974,000","2,477,785,000","2,552,547,000","2,706,724,000","2,975,452,000","3,232,653,000","3,196,621,000","2,918,927,000","2,664,794,000","2,471,817,000","2,280,069,000","2,083,689,000","2,091,704,000","2,108,507,000","1,979,291,000","1,926,071,000","1,832,450,000","1,683,458,000","1,519,459,000","1,449,047,000","1,383,195,000","1,283,300,000","1,215,686,000","1,119,536,000","1,123,884,000","1,135,129,000","1,063,210,000","1,131,105,000","1,202,606,000","1,218,680,000","1,211,742,000","1,169,122,000","1,146,611,000","1,028,186,000","976,525,000","1,041,417,000","1,009,869,000","929,182,000","870,227,000","857,828,000","881,799,000","809,100,000","768,000,000","771,900,000","779,900,000","555,200,000","544,900,000","525,000,000","524,800,000","506,400,000","479,000,000","430,200,000","437,700,000","433,600,000","404,000,000","436,800,000","487,000,000","471,100,000","469,400,000","444,600,000","396,700,000","412,400,000","368,800,000","263,800,000","272,600,000","260,600,000","326,500,000","258,300,000","273,100,000","284,900,000","299,300,000","283,400,000","270,100,000","253,700,000","234,400,000","262,800,000","276,200,000","262,900,000","230,300,000","221,100,000","218,800,000","211,500,000","209,000,000","228,600,000","190,700,000","165,300,000","167,600,000","189,800,000","194,600,000","206,400,000","85,900,000","84,600,000","78,400,000","71,300,000","56,200,000","50,300,000","51,700,000","49,400,000","58,600,000"
	OperatingRevenue,"14,091,421,000","3,380,625,000","3,586,488,000","3,576,436,000","3,547,873,000","3,381,836,000","3,519,689,000","3,260,057,000","3,427,180,000","3,360,049,000","3,392,863,000","3,169,622,000","3,091,596,000","3,083,788,000","4,142,645,000","4,156,663,000","3,935,028,000","2,750,311,000","2,653,866,000","2,514,751,000","2,302,567,000","2,551,604,000","2,640,587,000","2,693,873,000","2,781,763,000","2,847,934,000","3,116,954,000","2,907,541,000","2,903,332,000","3,187,005,000","3,218,442,000","3,231,791,000","3,176,033,000","3,068,891,000","3,142,656,000","3,080,995,000","2,835,084,000","2,759,641,000","2,786,285,000","2,772,874,000","2,702,851,000","2,631,768,000","2,723,295,000","2,744,178,000","2,558,016,000","2,356,175,000","2,343,033,000","2,507,725,000","2,586,974,000","2,477,785,000","2,552,547,000","2,706,724,000","2,975,452,000","3,232,653,000","3,196,621,000","2,918,927,000","2,664,794,000","2,471,817,000","2,280,069,000","2,083,689,000","2,091,704,000","2,018,508,000","1,979,291,000","1,926,071,000","1,832,450,000","1,683,458,000","1,519,459,000","1,449,047,000","1,383,195,000","1,283,300,000","1,215,686,000","1,119,536,000","1,123,884,000","1,135,129,000","1,063,210,000","1,131,105,000","1,202,606,000","1,218,680,000","1,211,742,000","1,169,122,000","1,146,611,000","1,028,186,000","976,525,000","1,041,417,000","1,009,869,000","929,182,000","870,227,000","857,828,000","881,799,000","809,100,000","768,000,000","771,900,000","779,900,000","555,200,000","544,900,000","525,000,000","524,800,000","506,400,000","479,000,000","430,200,000","437,700,000","433,600,000","404,000,000","436,800,000","487,000,000","471,100,000","469,400,000","444,600,000","396,700,000","412,400,000","368,800,000","263,800,000","272,600,000","260,600,000","326,500,000","258,300,000","273,100,000","284,900,000","299,300,000","283,400,000","270,100,000","253,700,000","234,400,000","262,800,000","276,200,000","262,900,000","230,300,000","221,100,000","218,800,000","211,500,000","209,000,000","228,600,000","190,700,000","165,300,000","167,600,000","189,800,000","194,600,000","206,400,000","85,900,000","84,600,000","78,400,000","71,300,000","56,200,000","50,300,000","51,700,000","49,400,000","58,600,000"
CostOfRevenue,"10,883,235,000","2,584,151,000","2,758,723,000","2,759,501,000","2,780,860,000","2,749,776,000","2,854,753,000","2,631,031,000","2,779,045,000","2,715,478,000","2,727,329,000","2,543,488,000","2,474,755,000","2,515,268,000","3,351,228,000","3,380,254,000","3,161,663,000","2,263,131,000","2,179,575,000","2,055,386,000","1,883,283,000","2,132,292,000","2,208,895,000","2,242,424,000","2,337,547,000","2,407,460,000","2,643,603,000","2,422,944,000","2,412,388,000","2,667,559,000","2,676,642,000","2,670,052,000","2,659,480,000","2,615,200,000","2,667,965,000","2,613,991,000","2,370,183,000","2,323,918,000","2,339,623,000","2,339,793,000","2,276,647,000","2,210,726,000","2,296,733,000","2,331,466,000","2,168,835,000","2,025,137,000","1,995,006,000","2,235,537,000","2,223,793,000","2,128,576,000","2,204,570,000","2,334,861,000","2,571,828,000","2,795,234,000","2,736,343,000","2,467,283,000","2,230,200,000","2,083,847,000","1,947,610,000","1,767,073,000","1,800,880,000","1,747,058,000","1,726,582,000","1,682,806,000","1,606,113,000","1,471,521,000","1,312,246,000","1,240,170,000","1,181,719,000","1,094,562,000","1,040,303,000","960,418,000","955,972,000","972,867,000","905,344,000","972,991,000","1,043,745,000","1,067,634,000","1,060,225,000","1,021,023,000","1,000,071,000","890,665,000","835,382,000","911,956,000","888,456,000","816,526,000","748,372,000","736,355,000","762,464,000","696,000,000","651,600,000","654,300,000","659,300,000","480,900,000","471,300,000","451,000,000","449,700,000","435,700,000","405,800,000","368,400,000","378,300,000","375,600,000","346,400,000","379,000,000","430,300,000","417,900,000","416,200,000","390,900,000","347,400,000","365,000,000","329,700,000","224,500,000","236,000,000","224,300,000","274,400,000","221,000,000","239,300,000","253,100,000","266,600,000","251,800,000","238,300,000","222,600,000","203,000,000","232,100,000","247,800,000","235,800,000","204,300,000","196,100,000","196,300,000","191,100,000",,,,,,,,,,,,,,,,,
GrossProfit,"3,208,186,000","796,474,000","827,765,000","816,935,000","767,013,000","632,060,000","664,936,000","629,026,000","648,135,000","644,571,000","665,534,000","626,134,000","616,841,000","568,520,000","791,417,000","776,409,000","773,365,000","487,180,000","474,291,000","459,365,000","419,284,000","419,312,000","431,692,000","451,449,000","444,216,000","440,474,000","473,351,000","484,597,000","490,944,000","519,446,000","541,800,000","561,739,000","516,553,000","453,691,000","474,691,000","467,004,000","464,901,000","435,723,000","446,662,000","433,081,000","426,204,000","421,042,000","426,562,000","412,712,000","389,181,000","331,038,000","348,027,000","272,188,000","363,181,000","349,209,000","347,977,000","371,863,000","403,624,000","437,419,000","460,278,000","451,644,000","434,594,000","387,970,000","332,459,000","316,616,000","290,824,000","361,449,000","252,709,000","243,265,000","226,337,000","211,937,000","207,213,000","208,877,000","201,476,000","188,738,000","175,383,000","159,118,000","167,912,000","162,262,000","157,866,000","158,114,000","158,861,000","151,046,000","151,517,000","148,099,000","146,540,000","137,521,000","141,143,000","129,461,000","121,413,000","112,656,000","121,855,000","121,473,000","119,335,000","113,100,000","116,400,000","117,600,000","120,600,000","74,300,000","73,600,000","74,000,000","75,100,000","70,700,000","73,200,000","61,800,000","59,400,000","58,000,000","57,600,000","57,800,000","56,700,000","53,200,000","53,200,000","53,700,000","49,300,000","47,400,000","39,100,000","39,300,000","36,600,000","36,300,000","52,100,000","37,300,000","33,800,000","31,800,000","32,700,000","31,600,000","31,800,000","31,100,000","31,400,000","30,700,000","28,400,000","27,100,000","26,000,000","25,000,000","22,500,000","20,400,000",,,,,,,,,,,,,,,,,
OperatingExpense,"2,556,704,000","619,141,000","576,248,000","553,189,000","808,125,000","418,120,000","642,463,000","434,650,000","480,357,000","493,226,000","566,446,000","536,180,000","514,160,000","455,390,000","550,105,000","563,680,000","627,079,000","439,536,000","367,298,000","330,890,000","351,111,000","330,684,000","348,881,000","341,893,000","357,435,000","381,024,000","419,525,000","384,163,000","357,899,000","361,223,000","405,151,000","437,802,000","394,119,000","308,644,000","299,543,000","298,645,000","299,698,000","275,454,000","279,045,000","279,715,000","293,066,000","279,090,000","278,658,000","273,332,000","261,166,000","227,419,000","228,512,000","227,105,000","241,177,000","235,728,000","225,834,000","225,189,000","232,936,000","256,351,000","281,498,000","282,773,000","280,442,000","246,714,000","203,070,000","200,912,000","188,335,000","267,075,000","167,577,000","163,694,000","156,897,000","144,524,000","139,870,000","145,104,000","143,837,000","136,019,000","128,951,000","112,487,000","115,127,000","109,844,000","106,658,000","107,564,000","110,347,000","104,203,000","106,057,000","104,551,000","104,180,000","96,519,000","102,375,000","92,691,000","86,286,000","79,469,000","89,187,000","89,764,000","89,127,000","83,100,000","87,900,000","89,000,000","92,500,000","51,200,000","51,600,000","51,600,000","53,400,000","50,400,000","53,100,000","43,200,000","41,700,000","41,100,000","41,200,000","41,200,000","40,500,000","37,900,000","38,500,000","39,600,000","37,300,000","35,300,000","42,900,000","27,300,000","24,700,000","24,600,000","38,900,000","25,800,000","23,000,000","21,400,000","23,100,000","22,000,000","21,700,000","21,800,000","22,200,000","22,000,000","21,100,000","20,000,000","20,200,000","18,900,000","16,900,000","16,200,000",,,,,,,,,,,,,,,,,
	SellingGeneralAndAdministration,"2,556,704,000","619,141,000","576,248,000","553,189,000","808,125,000","418,120,000","642,463,000","434,650,000","480,357,000","493,226,000","566,446,000","536,180,000","514,160,000","455,390,000","550,105,000","563,680,000","627,079,000","439,536,000","367,298,000","330,890,000","351,111,000","330,684,000","348,881,000","341,893,000","357,435,000","381,024,000","419,525,000","384,163,000","357,899,000","361,223,000","405,151,000","437,802,000","394,119,000","308,644,000","299,543,000","298,645,000","299,698,000","275,454,000","279,045,000","279,715,000","293,066,000","279,090,000","278,658,000","273,332,000","261,166,000","227,419,000","228,512,000","227,105,000","241,177,000","235,728,000","225,834,000","225,189,000","232,936,000","256,351,000","281,498,000","282,773,000","280,442,000","246,714,000","203,070,000","200,912,000","188,335,000","177,076,000","167,577,000","163,694,000","156,897,000","144,524,000","139,870,000","145,104,000","143,837,000","136,019,000","128,951,000","112,487,000","115,127,000","109,844,000","106,658,000","107,564,000","110,347,000","104,203,000","106,057,000","104,551,000","104,180,000","96,519,000","102,375,000","92,691,000","86,286,000","79,469,000","77,911,000","80,188,000","79,281,000","73,700,000","79,700,000","79,900,000","84,200,000","45,200,000","46,500,000","44,900,000","47,300,000","45,300,000","48,100,000","38,400,000","37,300,000","36,500,000","36,300,000","36,700,000","36,500,000","34,000,000","35,500,000","35,500,000","33,800,000","31,700,000","40,000,000","24,600,000","22,500,000","22,500,000","35,500,000","23,300,000","23,000,000","19,800,000","20,400,000","20,200,000","20,500,000","19,800,000","20,300,000","20,400,000","19,500,000","18,200,000","18,600,000","17,500,000","15,700,000","14,900,000",,,,,,,,,,,,,,,,,
	DepreciationAmortizationDepletionIncomeStatement,,,,,,,,,,,,,,,,,,,,,,,,,,,,,,,,,,,,,,,,,,,,,,,,,,,,,,,,,,,,,,,,,,,,,,,,,,,,,,,,,,,,,,,"11,276,000","9,576,000","9,846,000","9,400,000","8,200,000","9,100,000","8,300,000","6,000,000","5,100,000","6,700,000","6,100,000","5,100,000","5,000,000","4,800,000","4,400,000","4,600,000","4,900,000","4,500,000","4,000,000","3,900,000","3,000,000","4,100,000","3,500,000","3,600,000","2,900,000","2,700,000","2,200,000","2,100,000","3,400,000","2,500,000",,"1,600,000","2,700,000","1,800,000","1,200,000","2,000,000","1,900,000","1,600,000","1,600,000","1,800,000","1,600,000","1,400,000","1,200,000","1,300,000",,,,,,,,,,,,,,,,,
		DepreciationAndAmortizationInIncomeStatement,,,,,,,,,,,,,,,,,,,,,,,,,,,,,,,,,,,,,,,,,,,,,,,,,,,,,,,,,,,,,,,,,,,,,,,,,,,,,,,,,,,,,,,"11,276,000","9,576,000","9,846,000","9,400,000","8,200,000","9,100,000","8,300,000","6,000,000","5,100,000","6,700,000","6,100,000","5,100,000","5,000,000","4,800,000","4,400,000","4,600,000","4,900,000","4,500,000","4,000,000","3,900,000","3,000,000","4,100,000","3,500,000","3,600,000","2,900,000","2,700,000","2,200,000","2,100,000","3,400,000","2,500,000",,"1,600,000","2,700,000","1,800,000","1,200,000","2,000,000","1,900,000","1,600,000","1,600,000","1,800,000","1,600,000","1,400,000","1,200,000","1,300,000",,,,,,,,,,,,,,,,,
	OtherOperatingExpenses,,,,,,,,,,,,,,,,,,,,,,,,,,,,,,,,,,,,,,,,,,,,,,,,,,,,,,,,,,,,,,"89,999,000",,,,,,,,,,,,,,,,,,,,,,,,,,,,,,,,,,,,,,,,,,,,,,,,,,,,,,,,,,,,,,,,,,,,,,,,,,,,,,,,,,,,,
OperatingIncome,"651,482,000","177,333,000","251,517,000","263,746,000","-41,112,000","213,940,000","22,473,000","194,376,000","167,778,000","151,345,000","99,088,000","89,954,000","102,681,000","113,130,000","241,312,000","212,729,000","146,286,000","47,644,000","106,993,000","128,475,000","68,173,000","88,628,000","82,811,000","109,556,000","86,781,000","59,450,000","53,826,000","100,434,000","133,045,000","158,223,000","136,649,000","123,937,000","122,434,000","145,047,000","175,148,000","168,359,000","165,203,000","160,269,000","167,617,000","153,366,000","133,138,000","141,952,000","147,904,000","139,380,000","128,015,000","103,619,000","119,515,000","45,083,000","122,004,000","113,481,000","122,143,000","146,674,000","170,688,000","181,068,000","178,780,000","168,871,000","154,152,000","141,256,000","129,389,000","115,704,000","102,489,000","94,374,000","85,132,000","79,571,000","69,440,000","67,413,000","67,343,000","63,773,000","57,639,000","52,719,000","46,432,000","46,631,000","52,785,000","52,418,000","51,208,000","50,550,000","48,514,000","46,843,000","45,460,000","43,548,000","42,360,000","41,002,000","38,768,000","36,770,000","35,127,000","33,187,000","32,668,000","31,709,000","30,208,000","30,000,000","28,500,000","28,600,000","28,100,000","23,100,000","22,000,000","22,400,000","21,700,000","20,300,000","20,100,000","18,600,000","17,700,000","16,900,000","16,400,000","16,600,000","16,200,000","15,300,000","14,700,000","14,100,000","12,000,000","12,100,000","-3,800,000","12,000,000","11,900,000","11,700,000","13,200,000","11,500,000","10,800,000","10,400,000","9,600,000","9,600,000","10,100,000","9,300,000","9,200,000","8,700,000","7,300,000","7,100,000","5,800,000","6,100,000","5,600,000","4,200,000","-569,900,000","228,600,000","190,700,000","165,300,000","-579,800,000","189,800,000","194,600,000","206,400,000","-230,300,000","84,600,000","78,400,000","71,300,000","-148,800,000","50,300,000","51,700,000","49,400,000","-159,100,000"
NetNonOperatingInterestIncomeExpense,"-70,947,000","-17,925,000","-19,156,000","-19,010,000","-14,856,000","-16,189,000","-12,494,000","-16,944,000","-14,169,000","-13,871,000","-7,805,000","-15,580,000","-27,753,000","-23,221,000","-24,566,000","-22,510,000","-17,443,000","-3,258,000","2,343,000","-1,931,000","-1,667,000","-2,032,000","-2,205,000","-3,948,000","64,000","-1,323,000","-2,420,000","-3,812,000","-2,968,000","-3,042,000","1,321,000","-2,941,000","-2,112,000","1,987,000","-1,517,000","-1,454,000","-1,936,000","-2,604,000","-1,772,000","-665,000","-933,000","-2,267,000","-1,157,000","-1,251,000","-1,571,000","97,000","800,000","-6,200,000","91,000","226,000","3,001,000","2,063,000","1,792,000",,,,,,,,,,,,,,,,,,,,,,,,,,,,,,,,,,,,,,,,,,,,,,,,,,,,,,,,,,,,,,,,,,,,,,,,,,,,,,,,,,,,,,,,,,,,,,
	InterestIncomeNonOperating,"3,880,000","1,501,000","770,000","1,001,000","608,000","1,124,000","1,549,000","1,249,000","985,000","946,000","2,315,000","3,398,000","1,670,000","2,104,000","2,088,000","1,277,000","1,785,000","3,834,000","3,051,000","2,123,000","2,088,000","1,486,000","2,740,000","624,000","2,264,000","2,220,000","1,709,000","1,697,000","1,580,000","2,276,000","2,268,000","2,624,000","3,004,000","1,987,000","1,874,000","1,332,000","1,099,000","1,090,000","766,000","2,325,000","1,563,000","1,395,000","1,527,000","1,317,000","1,149,000","924,000","1,183,000","1,974,000","796,000","838,000","3,489,000","2,465,000","2,589,000",,,,,,,,,,,,,,,,,,,,,,,,,,,,,,,,,,,,,,,,,,,,,,,,,,,,,,,,,,,,,,,,,,,,,,,,,,,,,,,,,,,,,,,,,,,,,,
	InterestExpenseNonOperating,"74,827,000","19,426,000","19,926,000","20,011,000","15,464,000","17,313,000","14,043,000","18,193,000","15,154,000","14,817,000","10,120,000","18,978,000","29,423,000","25,325,000","26,654,000","23,787,000","19,228,000","7,092,000","708,000","4,054,000","3,755,000","3,518,000","4,945,000","4,572,000","2,200,000","3,543,000","4,129,000","5,509,000","4,548,000","5,318,000","947,000","5,565,000","5,116,000","-191,000","3,391,000","2,786,000","3,035,000","3,694,000","2,538,000","2,990,000","2,496,000","3,662,000","2,684,000","2,568,000","2,720,000","827,000","383,000","8,174,000","705,000","612,000","488,000","402,000","797,000",,,,,,,,,,,,,,,,,,,,,,,,,,,,,,,,,,,,,,,,,,,,,,,,,,,,,,,,,,,,,,,,,,,,,,,,,,,,,,,,,,,,,,,,,,,,,,
OtherIncomeExpense,"-69,954,000","9,682,000","-61,981,000","38,658,000","-56,313,000","156,360,000","50,177,000","126,249,000","-330,414,000","116,695,000","-37,743,000","19,025,000","36,904,000","2,282,000","-18,908,000","2,564,000","-6,676,000","-2,470,000","10,114,000","852,000","-6,015,000","-716,000","-44,933,000","-2,801,000","3,611,000","-340,000","-2,115,000","566,000","-1,115,000","-486,000","6,834,000","-2,950,000","12,072,000","-113,000","1,275,000","1,518,000","-1,359,000","-1,354,000","4,251,000","-1,330,000","110,000","-131,000","-1,591,000","3,172,000","37,000","7,000","72,000","-1,644,000","-935,000","-559,000","-1,211,000","-456,000","-1,736,000","-2,626,000","-2,708,000","-1,436,000","-1,707,000","9,170,000","-1,719,000","-1,256,000","-779,000","-1,305,000","-641,000","-1,538,000","-776,000","-1,027,000","-415,000","-825,000","-1,248,000","-805,000","842,000","-509,000","887,000","-562,000","491,000","168,000","555,000","506,000","325,000","377,000","375,000","444,000","550,000","601,000","664,000","526,000","525,000","473,000","677,000","-37,500,000","1,100,000","1,000,000",,"1,000,000","1,100,000","300,000","100,000","800,000","600,000","1,300,000","1,100,000","1,000,000","1,000,000","500,000","200,000","500,000","300,000","-200,000","500,000","-100,000","-1,400,000","200,000","200,000","700,000","400,000","500,000","1,300,000","1,100,000","1,700,000","1,200,000","3,900,000","600,000","600,000","200,000","1,100,000","900,000","1,100,000","100,000","300,000","1,500,000",,,,,,,,,,,,,,,,,
	SpecialIncomeCharges,,,,,,,,,,,,,,,"-21,171,000",,,,,,,,,,,,,,,,,,,,,,,,,"-1,330,000","110,000","-131,000","-1,591,000","3,172,000","37,000","7,000","72,000","-1,644,000","-935,000","-559,000","-1,211,000","-456,000","-1,736,000","-2,626,000","-2,708,000","-1,436,000","-1,707,000","9,170,000","-1,719,000","-1,256,000","-779,000","-1,305,000","-641,000","-1,538,000","-776,000","-1,027,000","-415,000","-825,000","-1,248,000","-805,000","842,000","-509,000","887,000","-562,000","491,000","168,000","555,000","506,000","325,000","377,000","375,000","444,000","550,000","601,000","664,000","526,000","525,000","473,000","677,000","-37,500,000","1,100,000","1,000,000",,"1,000,000","1,100,000","300,000","100,000","800,000","600,000","1,300,000","1,100,000","1,000,000","1,000,000","500,000","200,000","500,000","300,000","-200,000","500,000","-100,000","-1,400,000","200,000","200,000","700,000","400,000","500,000","1,300,000","1,100,000","1,700,000","1,200,000","3,900,000","600,000","600,000","200,000","1,100,000","900,000","1,100,000","100,000","300,000","1,500,000",,,,,,,,,,,,,,,,,
		GainOnSaleOfBusiness,,,,,,,,,,,,,,,"-21,171,000",,,,,,,,,,,,,,,,,,,,,,,,,,,,,,,,,,,,,,,,,,,,,,,,,,,,,,,,,,,,,,,,,,,,,,,,,,,,,,,,,,,,,,,,,,,,,,,,,,,,,,,,,,,,,,,,,,,,,,,,,,,,,,,,,,,,
	OtherNonOperatingIncomeExpenses,"-69,954,000","9,682,000","-61,981,000","38,658,000","-56,313,000","156,360,000","50,177,000","126,249,000","-330,414,000","116,695,000","-37,743,000","19,025,000","36,904,000","2,282,000","2,059,000","2,564,000","-6,676,000","-2,470,000","-766,000","852,000","-6,015,000","-716,000","-3,523,000","-2,801,000","3,611,000","-340,000","-2,115,000","566,000","-1,115,000","-486,000","6,834,000","-2,950,000","12,072,000","-113,000","1,275,000","1,518,000","-1,359,000","-1,354,000","4,251,000",,,,,,,,,,"-935,000","-559,000",,"-456,000",,,,,,,,,,,,,,,,,,,,,,,,,,,,,,,,,,,,,,,,,,,,,,,,,,,,,,,,,,,,,,,,,,,,,,,,,,,,,,,,,,,,,,,,,,,,,,,
PretaxIncome,"510,581,000","169,090,000","170,380,000","283,394,000","-112,281,000","354,111,000","60,156,000","303,681,000","-176,805,000","254,169,000","53,540,000","93,399,000","111,832,000","92,191,000","197,838,000","192,783,000","122,167,000","41,916,000","119,450,000","127,396,000","60,491,000","85,880,000","35,673,000","102,807,000","90,456,000","57,787,000","49,291,000","97,188,000","128,962,000","154,695,000","144,804,000","118,046,000","132,394,000","146,921,000","174,906,000","168,423,000","161,908,000","156,311,000","170,096,000","151,371,000","132,315,000","139,554,000","145,156,000","141,301,000","126,481,000","103,723,000","120,387,000","37,239,000","121,160,000","113,148,000","123,933,000","148,281,000","170,744,000","181,815,000","178,725,000","169,807,000","155,174,000","153,705,000","131,015,000","116,863,000","105,041,000","95,723,000","89,416,000","79,094,000","69,550,000","67,227,000","66,933,000","62,576,000","55,721,000","50,829,000","46,878,000","46,046,000","53,500,000","52,000,000","51,585,000","50,554,000","48,431,000","46,369,000","44,645,000","42,955,000","41,353,000","39,801,000","37,135,000","35,464,000","33,953,000","31,654,000","31,032,000","30,560,000","28,962,000","-9,300,000","27,700,000","26,900,000","25,900,000","24,100,000","23,200,000","22,800,000","21,800,000","21,000,000","20,700,000","19,800,000","18,900,000","18,000,000","17,600,000","17,200,000","16,400,000","15,900,000","14,800,000","13,900,000","12,600,000","12,100,000","-5,200,000","12,100,000","12,200,000","12,400,000","13,700,000","12,200,000","12,100,000","11,500,000","11,200,000","10,800,000","14,000,000","9,900,000","9,900,000","8,800,000","8,500,000","7,900,000","6,900,000","6,200,000","5,900,000","5,700,000",,,,,,,,,,,,,,,,,
TaxProvision,"203,647,000","15,889,000","99,344,000","109,186,000","-20,772,000","87,023,000","-19,721,000","67,674,000","-61,122,000","68,489,000","24,125,000","-1,981,000","-7,947,000","22,758,000","229,261,000","42,712,000","70,235,000","39,355,000","26,022,000","38,767,000","16,326,000","24,727,000","5,790,000","31,870,000","27,067,000","7,481,000","12,022,000","-120,000","40,852,000","48,500,000","53,750,000","46,737,000","41,594,000","47,972,000","58,425,000","56,334,000","54,819,000","51,788,000","59,014,000","50,381,000","44,869,000","48,118,000","49,909,000","49,365,000","45,140,000","37,026,000","43,308,000","17,999,000","43,593,000","40,747,000","44,616,000","53,381,000","61,457,000","65,465,000","64,342,000","61,130,000","55,862,000","55,335,000","47,123,000","42,113,000","37,815,000","34,461,000","30,690,000","28,462,000","25,050,000","24,202,000","24,153,000","22,526,000","20,061,000","18,299,000","16,408,000","16,116,000","18,725,000","18,200,000","18,055,000","17,694,000","16,951,000","16,229,000","15,625,000","15,035,000","14,473,000","13,931,000","13,555,000","12,944,000","12,393,000","11,554,000","11,482,000","11,460,000","10,862,000","-3,500,000","10,400,000","10,100,000","9,700,000","8,900,000","8,800,000","8,900,000","8,500,000","8,200,000","8,100,000","7,800,000","7,500,000","7,100,000","7,000,000","6,800,000","6,500,000","6,300,000","5,900,000","5,500,000","5,000,000","4,800,000","-2,100,000","4,800,000","4,900,000","5,100,000","5,700,000","5,100,000","5,100,000","4,800,000","4,700,000","4,500,000","5,900,000","4,200,000","4,100,000","3,700,000","3,600,000","3,300,000","2,900,000","2,600,000","2,500,000","2,400,000",,,,,,,,,,,,,,,,,
NetIncomeCommonStockholders,"354,016,000","134,034,000","100,452,000","108,487,000","11,045,000","257,048,000","81,890,000","244,929,000","-92,087,000","256,878,000","142,279,000","523,824,000","56,822,000","124,037,000","-37,431,000","149,593,000","48,333,000","2,148,000","91,064,000","89,032,000","50,018,000","60,536,000","29,644,000","69,055,000","65,250,000","46,514,000","29,863,000","91,062,000","81,967,000","100,079,000","86,074,000","64,842,000","83,460,000","93,732,000","110,811,000","108,871,000","104,401,000","99,010,000","107,411,000","97,900,000","83,933,000","89,710,000","94,280,000","90,676,000","80,250,000","65,823,000","76,994,000","19,043,000","77,500,000","72,437,000","79,317,000","94,900,000","109,287,000","116,350,000","114,383,000","108,677,000","99,312,000","98,370,000","83,892,000","74,750,000","67,226,000","61,262,000","58,726,000","50,632,000","44,500,000","43,025,000","42,780,000","40,050,000","35,660,000","32,530,000","30,470,000","29,930,000","34,775,000","33,800,000","33,530,000","32,860,000","31,480,000","30,140,000","29,020,000","27,920,000","26,880,000","25,870,000","23,580,000","22,520,000","21,560,000","20,100,000","19,550,000","19,100,000","18,100,000","-5,800,000","17,300,000","16,800,000","16,200,000","15,200,000","14,400,000","13,900,000","13,300,000","12,800,000","12,600,000","12,000,000","11,400,000","10,900,000","10,600,000","10,400,000","9,900,000","9,600,000","8,900,000","8,400,000","7,600,000","7,300,000","-3,100,000","7,300,000","7,300,000","7,300,000","8,000,000","7,100,000","7,000,000","6,700,000","6,500,000","6,300,000","8,100,000","5,700,000","5,800,000","5,100,000","4,900,000","4,600,000","4,000,000","3,600,000","3,400,000","3,300,000",,,,,,,,,,,,,,,,,
	NetIncome,"354,016,000","134,034,000","43,145,000","165,794,000","11,045,000","257,048,000","81,990,000","244,929,000","-92,087,000","257,010,000","142,325,000","524,442,000","56,917,000","124,296,000","-37,541,000","150,222,000","48,587,000","2,163,000","94,141,000","89,032,000","50,018,000","60,536,000","29,644,000","69,055,000","65,250,000","46,514,000","29,863,000","91,062,000","81,967,000","100,079,000","86,074,000","64,842,000","83,460,000","93,732,000","110,811,000","108,871,000","104,401,000","99,010,000","107,411,000","97,900,000","83,933,000","89,710,000","94,280,000","90,676,000","80,250,000","65,823,000","76,994,000","19,043,000","77,500,000","72,437,000","79,317,000","94,900,000","109,287,000","116,350,000","114,383,000","108,677,000","99,312,000","98,370,000","83,892,000","74,750,000","67,226,000","61,262,000","58,726,000","50,632,000","44,500,000","43,025,000","42,780,000","40,050,000","35,660,000","32,530,000","30,470,000","29,930,000","34,775,000","33,800,000","33,530,000","32,860,000","31,480,000","30,140,000","29,020,000","27,920,000","26,880,000","25,870,000","23,580,000","22,520,000","21,560,000","20,100,000","19,550,000","19,100,000","18,100,000","-5,800,000","17,300,000","16,800,000","16,200,000","15,200,000","14,400,000","13,900,000","13,300,000","12,800,000","12,600,000","12,000,000","11,400,000","10,900,000","10,600,000","10,400,000","9,900,000","9,600,000","8,900,000","8,400,000","7,600,000","7,300,000","-3,100,000","7,300,000","7,300,000","7,300,000","8,000,000","7,100,000","7,000,000","6,700,000","6,500,000","6,300,000","8,100,000","5,700,000","5,800,000","5,100,000","4,900,000","4,600,000","4,000,000","3,600,000","3,400,000","3,300,000",,,,,,,,,,,,,,,,,
		NetIncomeIncludingNoncontrollingInterests,"316,724,000","152,969,000","69,354,000","174,592,000","-80,189,000","267,074,000","92,350,000","254,050,000","-85,803,000","263,267,000","149,792,000","530,457,000","61,941,000","128,835,000","-31,423,000","150,071,000","51,932,000","2,561,000","93,428,000","88,629,000","44,165,000","61,153,000","29,883,000","70,937,000","63,389,000","50,306,000","37,269,000","97,308,000","88,110,000","106,195,000","91,054,000","71,309,000","90,800,000","98,949,000","116,481,000","112,089,000","107,089,000","104,523,000","111,082,000","100,990,000","87,446,000","91,436,000","95,247,000","91,936,000","81,341,000","66,697,000","77,079,000","19,240,000","77,567,000","72,401,000","79,317,000","94,900,000","109,287,000","116,350,000","114,383,000","108,677,000","99,312,000","98,370,000","83,892,000","74,750,000","67,226,000","61,262,000","58,726,000","50,632,000","44,500,000","43,025,000","42,780,000","40,050,000","35,660,000","32,530,000","30,470,000","29,930,000","34,775,000","33,800,000","33,530,000","32,860,000","31,480,000","30,140,000","29,020,000","27,920,000","26,880,000","25,870,000","23,580,000","22,520,000","21,560,000","20,100,000","19,550,000","19,100,000","18,100,000","-5,800,000","17,300,000","16,800,000","16,200,000","15,200,000","14,400,000","13,900,000","13,300,000","12,800,000","12,600,000","12,000,000","11,400,000","10,900,000","10,600,000","10,400,000","9,900,000","9,600,000","8,900,000","8,400,000","7,600,000","7,300,000","-3,100,000","7,300,000","7,300,000","7,300,000","8,000,000","7,100,000","7,000,000","6,700,000","6,500,000","6,300,000","8,100,000","5,700,000","5,800,000","5,100,000","4,900,000","4,600,000","4,000,000","3,600,000","3,400,000","3,300,000","3,100,000","2,600,000","2,400,000","2,100,000","1,700,000","1,600,000","1,600,000","1,700,000","1,800,000","700,000","500,000","500,000","-200,000","600,000","100,000","400,000","300,000"
			NetIncomeContinuousOperations,"306,934,000","153,201,000","71,036,000","174,208,000","-91,509,000","267,088,000","79,877,000","236,007,000","-115,683,000","185,680,000","29,415,000","95,380,000","119,779,000","69,433,000","-31,423,000","150,071,000","51,932,000","2,561,000","93,428,000","88,629,000","44,165,000","61,153,000","29,883,000","70,937,000","63,389,000","50,306,000","37,269,000","97,308,000","88,110,000","106,195,000","91,054,000","71,309,000","90,800,000","98,949,000","116,481,000","112,089,000","107,089,000","104,523,000","111,082,000","100,990,000","87,446,000","91,436,000","95,247,000","91,936,000","81,341,000","66,697,000","77,079,000","19,240,000","77,567,000","72,401,000","79,317,000","94,900,000","109,287,000","116,350,000","114,383,000","108,677,000","99,312,000","98,370,000","83,892,000","74,750,000","67,226,000","61,262,000","58,726,000","50,632,000","44,500,000","43,025,000","42,780,000","40,050,000","35,660,000","32,530,000","30,470,000","29,930,000","34,775,000","33,800,000","33,530,000","32,860,000","31,480,000","30,140,000","29,020,000","27,920,000","26,880,000","25,870,000","23,580,000","22,520,000","21,560,000","20,100,000","19,550,000","19,100,000","18,100,000","-5,800,000","17,300,000","16,800,000","16,200,000","15,200,000","14,400,000","13,900,000","13,300,000","12,800,000","12,600,000","12,000,000","11,400,000","10,900,000","10,600,000","10,400,000","9,900,000","9,600,000","8,900,000","8,400,000","7,600,000","7,300,000","-3,100,000","7,300,000","7,300,000","7,300,000","8,000,000","7,100,000","7,000,000","6,700,000","6,500,000","6,300,000","8,100,000","5,700,000","5,800,000","5,100,000","4,900,000","4,600,000","4,000,000","3,600,000","3,400,000","3,300,000","3,100,000","2,600,000","2,400,000","2,100,000","1,700,000","1,600,000","1,600,000","1,700,000","1,800,000","700,000","500,000","500,000","-200,000","600,000","100,000","400,000","300,000"
			NetIncomeDiscontinuousOperations,"9,790,000","-232,000","-1,682,000","384,000","11,320,000","-14,000","12,473,000","18,043,000","29,880,000","77,587,000","120,377,000","435,077,000","-57,838,000","59,402,000",,,,,,,,,,,,,,,,,,,,,,,,,,,,,,,,,,,,,,,,,,,,,,,,,,,,,,,,,,,,,,,,,,,,,,,,,,,,,,,,,,,,,,,,,,,,,,,,,,,,,,,,,,,,,,,,,,,,,,,,,,,,,,,,,,,,,
		MinorityInterests,"37,292,000","-18,935,000","-26,209,000","-8,798,000","91,234,000","-10,026,000","-10,360,000","-9,121,000","-6,284,000","-6,257,000","-7,467,000","-6,015,000","-5,024,000","-4,539,000","-6,118,000","151,000","-3,345,000","-398,000","713,000","403,000","5,853,000","-617,000","-239,000","-1,882,000","1,861,000","-3,792,000","-7,406,000","-6,246,000","-6,143,000","-6,116,000","-4,980,000","-6,467,000","-7,340,000","-5,217,000","-5,670,000","-3,218,000","-2,688,000","-5,513,000","-3,671,000","-3,090,000","-3,513,000","-1,726,000","-967,000","-1,260,000","-1,091,000","-874,000","-85,000","-197,000","-67,000","36,000",,,,,,,,,,,,,,,,,,,,,,,,,,,,,,,,,,,,,,,,,,,,,,,,,,,,,,,,,,,,,,,,,,,,,,,,,,,,,,,,,,,,,,,,,,,,,,,,,
	OtherunderPreferredStockDividend,,,,"57,307,000",,,,,,"132,000","46,000","618,000","95,000","259,000","-110,000","629,000","254,000","15,000",,,,,,,,,,,,,,,,,,,,,,,,,,,,,,,,,,,,,,,,,,,,,,,,,,,,,,,,,,,,,,,,,,,,,,,,,,,,,,,,,,,,,,,,,,,,,,,,,,,,,,,,,,,,,,,,,,,,,,,,,,,,,,,,,
DilutedNIAvailtoComStockholders,"354,016,000","134,034,000","100,452,000","108,487,000","11,045,000","257,048,000","81,890,000","244,929,000","-92,087,000","256,878,000","142,279,000","523,824,000","56,822,000","124,037,000","-37,431,000","149,593,000","48,333,000","2,148,000","91,064,000","89,032,000","50,018,000","60,536,000","29,644,000","69,055,000","65,250,000","46,514,000","29,863,000","91,062,000","81,967,000","100,079,000","86,074,000","64,842,000","83,460,000","93,732,000","110,811,000","108,871,000","104,401,000","99,010,000","107,411,000","97,900,000","83,933,000","89,710,000","94,280,000","90,676,000","80,250,000","65,823,000","76,994,000","19,043,000","77,500,000","72,437,000","79,317,000","94,900,000","109,287,000","116,350,000","114,383,000","108,677,000","99,312,000","98,370,000","83,892,000","74,750,000","67,226,000","61,262,000","58,726,000","50,632,000","44,500,000","43,025,000","42,780,000","40,050,000","35,660,000","32,530,000","30,470,000","29,930,000","34,775,000","33,800,000","33,530,000","32,860,000","31,480,000","30,140,000","29,020,000","27,920,000","26,880,000","25,870,000","23,580,000","22,520,000","21,560,000","20,100,000","19,550,000","19,100,000","18,100,000","-5,800,000","17,300,000","16,800,000","16,200,000","15,200,000","14,400,000","13,900,000","13,300,000","12,800,000","12,600,000","12,000,000","11,400,000","10,900,000","10,600,000","10,400,000","9,900,000","9,600,000","8,900,000","8,400,000","7,600,000","7,300,000","-3,100,000","7,300,000","7,300,000","7,300,000","8,000,000","7,100,000","7,000,000","6,700,000","6,500,000","6,300,000","8,100,000","5,700,000","5,800,000","5,100,000","4,900,000","4,600,000","4,000,000","3,600,000","3,400,000","3,300,000",,,,,,,,,,,,,,,,,
BasicEPS,,"1.04","0.33","0.83","0.08","1.98",,"1.88","-0.69","1.93",,"3.83","0.41","0.87","-0.16","1.05","0.34","0.02",,"0.74","0.41","0.5",,"0.58","0.54","0.38","0.25","0.74","0.65","0.78","0.66","0.5","0.64","0.72","0.85","0.84","0.81","0.77","0.84","0.77","0.66","0.71","0.75","0.72","0.64","0.53",,"0.15","0.63","0.59",,"0.77","0.89","0.95",,"0.89","0.82","0.82",,"0.63","0.57","0.52",,"0.435","0.38","0.37",,"0.35","0.315","0.285",,"0.265","0.31","0.305",,"0.295","0.285","0.275",,"0.255","0.25","0.24",,"0.21","0.203","0.19",,"0.183","0.173","-0.055",,"0.163","0.158","0.148",,"0.135","0.13","0.125",,"0.118","0.11","0.105",,"0.1","0.095","0.093",,"0.083","0.075","0.073",,"0.073","0.073","0.073",,"0.073","0.073","0.07",,"0.065","0.085","0.06",,"0.055","0.053","0.05",,"0.04","0.04","0.038",,"0.03","0.028","0.025",,"0.023","0.023","0.023",,"0.01","0.008","0.008",,"0.008","0.003","0.008",
DilutedEPS,,"1.03","0.33","0.83","0.08","1.96",,"1.87","-0.69","1.91",,"3.8","0.41","0.86","-0.16","1.05","0.34","0.02",,"0.74","0.41","0.5",,"0.57","0.54","0.38","0.24","0.73","0.64","0.77","0.65","0.49","0.63","0.71","0.84","0.83","0.8","0.76","0.83","0.76","0.65","0.7","0.74","0.71","0.63","0.52",,"0.15","0.62","0.58",,"0.76","0.88","0.94",,"0.87","0.8","0.79",,"0.61","0.55","0.505",,"0.42","0.37","0.36",,"0.34","0.305","0.28",,"0.26","0.305","0.295",,"0.29","0.28","0.27",,"0.25","0.245","0.235",,"0.205","0.198","0.188",,"0.18","0.173","-0.055",,"0.158","0.153","0.145",,"0.133","0.128","0.123",,"0.115","0.11","0.105",,"0.1","0.095","0.093",,"0.083","0.075","0.073",,"0.073","0.073","0.073",,"0.073","0.073","0.07",,"0.065","0.085","0.06",,"0.055","0.053","0.05",,"0.04","0.04","0.038",,"0.03","0.028","0.025",,"0.023","0.023","0.023",,"0.01","0.008","0.008",,"0.008","0.003","0.008",
BasicAverageShares,,"129,342,000","130,162,000","130,385,000","130,262,000","129,968,000",,"130,215,000","132,531,000","133,134,000",,"136,747,611","138,335,000","142,154,000","142,196,000","142,015,000","141,785,000","124,122,000",,"119,206,000","119,484,000","119,438,000",,"119,850,000","120,216,000","120,888,000","121,841,000","123,392,000","125,992,000","128,652,000","130,795,000","130,738,000","130,384,000","130,121,000","129,896,000","129,536,000","129,096,000","128,644,000","128,338,000","127,922,000","127,412,000","126,921,000","126,463,000","125,903,000","125,402,000","124,988,000",,"124,328,000","123,911,000","123,622,000",,"122,953,000","122,605,000","122,473,684",,"122,108,989","121,112,195","119,963,415",,"118,650,794","117,940,351","117,811,538",,"116,395,402","117,105,263","116,283,784",,"114,428,571","113,206,349","114,140,351",,"112,943,396","112,177,419","110,819,672",,"111,389,831","110,456,140","109,600,000",,"109,490,196","107,520,000","107,791,667",,"107,238,095","106,469,136","105,789,474",,"104,657,534","104,927,536","105,454,545",,"103,384,615","102,857,143","103,050,847",,"102,962,963","102,307,692","102,400,000",,"102,127,660","103,636,364","103,809,524",,"104,000,000","104,210,526","103,783,784",,"101,818,182","101,333,333","100,689,655",,"100,689,655","100,689,655","100,689,655",,"97,931,034","96,551,724","95,714,286",,"96,923,077","95,294,118","95,000,000",,"92,727,273","93,333,333","92,000,000",,"90,000,000","85,000,000","88,000,000",,"83,824,000","83,824,000","83,648,000",,"75,280,000","75,280,000","75,232,000",,"75,200,000","75,200,000","75,184,000",,"75,184,000","75,168,000","79,344,000",
DilutedAverageShares,,"130,294,000","131,362,000","131,420,000","130,262,000","131,150,000",,"131,263,000","132,531,000","133,134,000",,"137,960,823","139,316,000","143,578,000","142,196,000","143,029,000","142,833,000","125,145,000",,"121,079,000","121,714,000","121,851,000",,"121,446,000","121,143,000","121,959,000","122,548,000","124,601,000","127,166,000","129,973,000","132,217,000","132,611,000","132,579,000","132,180,000","132,013,000","131,295,000","130,730,000","129,669,000","129,252,000","128,820,000","128,726,000","128,087,000","127,537,000","127,578,000","127,363,000","126,640,000",,"125,967,000","125,565,000","125,302,000",,"124,748,000","124,358,000","123,776,596",,"124,916,092","124,140,000","124,518,987",,"122,540,984","122,229,091","121,310,891",,"120,552,381","120,270,270","119,513,889",,"117,794,118","116,918,033","116,178,571",,"115,115,385","114,016,393","114,576,271",,"113,310,345","112,428,571","111,629,630",,"111,680,000","109,714,286","110,085,106",,"109,853,659","109,164,557","107,200,000",,"106,111,111","104,927,536","105,454,545",,"106,666,667","106,229,508","104,827,586",,"104,905,660","104,313,725","104,489,796",,"104,347,826","103,636,364","103,809,524",,"104,000,000","104,210,526","103,783,784",,"101,818,182","101,333,333","100,689,655",,"100,689,655","100,689,655","100,689,655",,"97,931,034","96,551,724","95,714,286",,"96,923,077","95,294,118","95,000,000",,"92,727,273","93,333,333","92,000,000",,"90,000,000","85,000,000","88,000,000",,"83,824,000","83,824,000","83,648,000",,"75,280,000","75,280,000","75,232,000",,"75,200,000","75,200,000","75,184,000",,"75,184,000","75,168,000","79,344,000",
TotalOperatingIncomeAsReported,"651,482,000","177,333,000","251,517,000","263,746,000","-41,112,000","213,940,000","22,473,000","194,376,000","167,778,000","151,345,000","99,088,000","89,954,000","102,681,000","113,130,000","241,312,000","212,729,000","146,286,000","47,644,000","106,993,000","128,475,000","68,173,000","88,628,000","82,811,000","109,556,000","86,781,000","59,450,000","53,826,000","100,434,000","133,045,000","158,223,000","136,649,000","123,937,000","122,434,000","145,047,000","175,148,000","168,359,000","165,203,000","160,269,000","167,617,000","153,366,000","133,138,000","141,952,000","147,904,000","139,380,000","128,015,000","103,619",,"45,083,000","122,004,000","113,481,000",,"146,674,000",,,,,,,,,,,,,,,,,,,,,,,,,,,,,,,,,,,,,,,,,,,,,,,,,,,,,,,,,,,,,,,,,,,,,,,,,,,,,,,,,,,,,,,,,,,,,,,
TotalExpenses,"13,439,939,000","3,203,292,000","3,334,971,000","3,312,690,000","3,588,985,000","3,167,896,000","3,497,216,000","3,065,681,000","3,259,402,000","3,208,704,000","3,293,775,000","3,079,668,000","2,988,915,000","2,970,658,000","3,901,333,000","3,943,934,000","3,788,742,000","2,702,667,000","2,546,873,000","2,386,276,000","2,234,394,000","2,462,976,000","2,557,776,000","2,584,317,000","2,694,982,000","2,788,484,000","3,063,128,000","2,807,107,000","2,770,287,000","3,028,782,000","3,081,793,000","3,107,854,000","3,053,599,000","2,923,844,000","2,967,508,000","2,912,636,000","2,669,881,000","2,599,372,000","2,618,668,000","2,619,508,000","2,569,713,000","2,489,816,000","2,575,391,000","2,604,798,000","2,430,001,000","2,252,556,000","2,223,518,000","2,462,642,000","2,464,970,000","2,364,304,000","2,430,404,000","2,560,050,000","2,804,764,000","3,051,585,000","3,017,841,000","2,750,056,000","2,510,642,000","2,330,561,000","2,150,680,000","1,967,985,000","1,989,215,000","2,014,133,000","1,894,159,000","1,846,500,000","1,763,010,000","1,616,045,000","1,452,116,000","1,385,274,000","1,325,556,000","1,230,581,000","1,169,254,000","1,072,905,000","1,071,099,000","1,082,711,000","1,012,002,000","1,080,555,000","1,154,092,000","1,171,837,000","1,166,282,000","1,125,574,000","1,104,251,000","987,184,000","937,757,000","1,004,647,000","974,742,000","895,995,000","837,559,000","826,119,000","851,591,000","779,100,000","739,500,000","743,300,000","751,800,000","532,100,000","522,900,000","502,600,000","503,100,000","486,100,000","458,900,000","411,600,000","420,000,000","416,700,000","387,600,000","420,200,000","470,800,000","455,800,000","454,700,000","430,500,000","384,700,000","400,300,000","372,600,000","251,800,000","260,700,000","248,900,000","313,300,000","246,800,000","262,300,000","274,500,000","289,700,000","273,800,000","260,000,000","244,400,000","225,200,000","254,100,000","268,900,000","255,800,000","224,500,000","215,000,000","213,200,000","207,300,000",,,,,,,,,,,,,,,,,
NetIncomeFromContinuingAndDiscontinuedOperation,"354,016,000","134,034,000","43,145,000","165,794,000","11,045,000","257,048,000","81,990,000","244,929,000","-92,087,000","257,010,000","142,325,000","524,442,000","56,917,000","124,296,000","-37,541,000","150,222,000","48,587,000","2,163,000","94,141,000","89,032,000","50,018,000","60,536,000","29,644,000","69,055,000","65,250,000","46,514,000","29,863,000","91,062,000","81,967,000","100,079,000","86,074,000","64,842,000","83,460,000","93,732,000","110,811,000","108,871,000","104,401,000","99,010,000","107,411,000","97,900,000","83,933,000","89,710,000","94,280,000","90,676,000","80,250,000","65,823,000","76,994,000","19,043,000","77,500,000","72,437,000","79,317,000","94,900,000","109,287,000","116,350,000","114,383,000","108,677,000","99,312,000","98,370,000","83,892,000","74,750,000","67,226,000","61,262,000","58,726,000","50,632,000","44,500,000","43,025,000","42,780,000","40,050,000","35,660,000","32,530,000","30,470,000","29,930,000","34,775,000","33,800,000","33,530,000","32,860,000","31,480,000","30,140,000","29,020,000","27,920,000","26,880,000","25,870,000","23,580,000","22,520,000","21,560,000","20,100,000","19,550,000","19,100,000","18,100,000","-5,800,000","17,300,000","16,800,000","16,200,000","15,200,000","14,400,000","13,900,000","13,300,000","12,800,000","12,600,000","12,000,000","11,400,000","10,900,000","10,600,000","10,400,000","9,900,000","9,600,000","8,900,000","8,400,000","7,600,000","7,300,000","-3,100,000","7,300,000","7,300,000","7,300,000","8,000,000","7,100,000","7,000,000","6,700,000","6,500,000","6,300,000","8,100,000","5,700,000","5,800,000","5,100,000","4,900,000","4,600,000","4,000,000","3,600,000","3,400,000","3,300,000",,,,,,,,,,,,,,,,,
NormalizedIncome,"344,226,000","134,266,000","44,827,000","165,410,000","-275,000","257,062,000","69,517,000","226,886,000","-121,967,000","179,423,000","21,948,000","89,365,000","114,755,000","64,894,000","-37,541,000","150,222,000","48,587,000","2,163,000","94,141,000","89,032,000","50,018,000","60,536,000","29,644,000","69,055,000","65,250,000","46,514,000","29,863,000","91,062,000","81,967,000","100,079,000","86,074,000","64,842,000","83,460,000","93,732,000","110,811,000","108,871,000","104,401,000","99,010,000","107,411,000","98,787,334.43","83,860,301.818","89,795,831.406","95,323,966.333","88,612,171.775","80,226,204.987","65,818,498.79","76,947,901.268","20,111,600","78,098,589.84","72,794,692.217","80,092,038.827","95,191,840.492","110,398,150.213","118,030,472.458","116,116,104.848","109,596,044.397","100,404,487.04","92,501,271.592","84,992,716.315","75,553,385.16","67,724,558.22","62,097,190.184","59,146,991.389","51,616,550.231","44,996,506.111","43,682,275.723","43,045,245.843","40,578,017.93","36,458,687.748","33,045,191.131","29,922,712.573","30,260,851.105","34,198,450","34,165,300","33,210,852.38","32,750,800.332","31,119,251.719","29,811,098.363","28,808,744.54","27,674,956.582","26,636,245.012","25,581,407.251","23,230,760.738","22,138,358.899","21,138,363.031","19,765,994.819","19,219,252.707","18,804,375","17,676,904.219","17,587,096.774","16,612,996.39","16,175,464.684","16,200,000","14,569,294.606","13,717,241.379","13,717,105.263","13,238,990.826","12,312,380.952","12,234,782.609","11,212,121.212","10,736,507.937","10,294,444.444","9,997,727.273","10,097,674.419","9,779,268.293","9,298,113.208","8,719,594.595","8,520,863.309","7,298,412.698","7,360,330.579","-2,260,000","7,179,338.843","7,180,000","6,880,000","7,760,000","6,800,000","6,220,000","6,040,000","5,480,000","5,580,000","5,760,000","5,340,000","5,440,000","4,980,000","4,240,000","4,060,000","3,340,000","3,540,000","3,220,000","2,400,000",,,,,,,,,,,,,,,,,
InterestIncome,"3,880,000","1,501,000","770,000","1,001,000","608,000","1,124,000","1,549,000","1,249,000","985,000","946,000","2,315,000","3,398,000","1,670,000","2,104,000","2,088,000","1,277,000","1,785,000","3,834,000","3,051,000","2,123,000","2,088,000","1,486,000","2,740,000","624,000","2,264,000","2,220,000","1,709,000","1,697,000","1,580,000","2,276,000","2,268,000","2,624,000","3,004,000","1,987,000","1,874,000","1,332,000","1,099,000","1,090,000","766,000","2,325,000","1,563,000","1,395,000","1,527,000","1,317,000","1,149,000","924,000","1,183,000","1,974,000","796,000","838,000","3,489,000","2,465,000","2,589,000",,,,,,,,,,,,,,,,,,,,,,,,,,,,,,,,,,,,,,,,,,,,,,,,,,,,,,,,,,,,,,,,,,,,,,,,,,,,,,,,,,,,,,,,,,,,,,
InterestExpense,"74,827,000","19,426,000","19,926,000","20,011,000","15,464,000","17,313,000","14,043,000","18,193,000","15,154,000","14,817,000","10,120,000","18,978,000","29,423,000","25,325,000","26,654,000","23,787,000","19,228,000","7,092,000","708,000","4,054,000","3,755,000","3,518,000","4,945,000","4,572,000","2,200,000","3,543,000","4,129,000","5,509,000","4,548,000","5,318,000","947,000","5,565,000","5,116,000","-191,000","3,391,000","2,786,000","3,035,000","3,694,000","2,538,000","2,990,000","2,496,000","3,662,000","2,684,000","2,568,000","2,720,000","827,000","383,000","8,174,000","705,000","612,000","488,000","402,000","797,000",,,,,,,,,,,,,,,,,,,,,,,,,,,,,,,,,,,,,,,,,,,,,,,,,,,,,,,,,,,,,,,,,,,,,,,,,,,,,,,,,,,,,,,,,,,,,,
NetInterestIncome,"-70,947,000","-17,925,000","-19,156,000","-19,010,000","-14,856,000","-16,189,000","-12,494,000","-16,944,000","-14,169,000","-13,871,000","-7,805,000","-15,580,000","-27,753,000","-23,221,000","-24,566,000","-22,510,000","-17,443,000","-3,258,000","2,343,000","-1,931,000","-1,667,000","-2,032,000","-2,205,000","-3,948,000","64,000","-1,323,000","-2,420,000","-3,812,000","-2,968,000","-3,042,000","1,321,000","-2,941,000","-2,112,000","1,987,000","-1,517,000","-1,454,000","-1,936,000","-2,604,000","-1,772,000","-665,000","-933,000","-2,267,000","-1,157,000","-1,251,000","-1,571,000","97,000","800,000","-6,200,000","91,000","226,000","3,001,000","2,063,000","1,792,000",,,,,,,,,,,,,,,,,,,,,,,,,,,,,,,,,,,,,,,,,,,,,,,,,,,,,,,,,,,,,,,,,,,,,,,,,,,,,,,,,,,,,,,,,,,,,,
EBIT,"585,408,000","188,516,000","190,306,000","303,405,000","-96,817,000","371,424,000","74,199,000","321,874,000","-161,651,000","268,986,000","63,660,000","112,377,000","141,255,000","117,516,000","224,492,000","216,570,000","141,395,000","49,008,000","120,158,000","131,450,000","64,246,000","89,398,000","40,618,000","107,379,000","92,656,000","61,330,000","53,420,000","102,697,000","133,510,000","160,013,000","145,751,000","123,611,000","137,510,000","145,047,000","178,297,000","171,209,000","164,943,000","160,005,000","172,634,000","154,361,000","134,811,000","143,216,000","147,840,000","143,869,000","129,201,000","104,550,000","120,770,000","45,413,000","121,865,000","113,760,000","124,421,000","148,683,000","171,541,000","181,068,000","178,780,000","168,871,000","154,152,000","141,256,000","129,389,000","115,704,000","102,489,000","94,374,000","85,132,000","79,571,000","69,440,000","67,413,000","67,343,000","63,773,000","57,639,000","52,719,000","46,432,000","46,631,000","52,785,000","52,418,000","51,208,000","50,550,000","48,514,000","46,843,000","45,460,000","43,548,000","42,360,000","41,002,000","38,768,000","36,770,000","35,127,000","33,187,000","32,668,000","31,709,000","30,208,000","30,000,000","28,500,000","28,600,000","28,100,000","23,100,000","22,000,000","22,400,000","21,700,000","20,300,000","20,100,000","18,600,000","17,700,000","16,900,000","16,400,000","16,600,000","16,200,000","15,300,000","14,700,000","14,100,000","12,000,000","12,100,000","-3,800,000","12,000,000","11,900,000","11,700,000","13,200,000","11,500,000","10,800,000","10,400,000","9,600,000","9,600,000","10,100,000","9,300,000","9,200,000","8,700,000","7,300,000","7,100,000","5,800,000","6,100,000","5,600,000","4,200,000","-569,900,000","228,600,000","190,700,000","165,300,000","-579,800,000","189,800,000","194,600,000","206,400,000","-230,300,000","84,600,000","78,400,000","71,300,000","-148,800,000","50,300,000","51,700,000","49,400,000","-159,100,000"
EBITDA,"863,208,000"
ReconciledCostOfRevenue,"10,883,235,000","2,584,151,000","2,758,723,000","2,759,501,000","2,780,860,000","2,749,776,000","2,854,753,000","2,631,031,000","2,779,045,000","2,715,478,000","2,727,329,000","2,543,488,000","2,474,755,000","2,515,268,000","3,351,228,000","3,380,254,000","3,161,663,000","2,263,131,000","2,179,575,000","2,055,386,000","1,883,283,000","2,132,292,000","2,208,895,000","2,242,424,000","2,337,547,000","2,407,460,000","2,643,603,000","2,422,944,000","2,412,388,000","2,667,559,000","2,676,642,000","2,670,052,000","2,659,480,000","2,615,200,000","2,667,965,000","2,613,991,000","2,370,183,000","2,323,918,000","2,339,623,000","2,339,793,000","2,276,647,000","2,210,726,000","2,296,733,000","2,331,466,000","2,168,835,000","2,025,137,000","1,995,006,000","2,235,537,000","2,223,793,000","2,128,576,000","2,204,570,000","2,334,861,000","2,571,828,000","2,795,234,000","2,736,343,000","2,467,283,000","2,230,200,000","2,083,847,000","1,947,610,000","1,767,073,000","1,800,880,000","1,747,058,000","1,726,582,000","1,682,806,000","1,606,113,000","1,471,521,000","1,312,246,000","1,240,170,000","1,181,719,000","1,094,562,000","1,040,303,000","960,418,000","955,972,000","972,867,000","905,344,000","972,991,000","1,043,745,000","1,067,634,000","1,060,225,000","1,021,023,000","1,000,071,000","890,665,000","835,382,000","911,956,000","888,456,000","816,526,000","748,372,000","736,355,000","762,464,000","696,000,000","651,600,000","654,300,000","659,300,000","480,900,000","471,300,000","451,000,000","449,700,000","435,700,000","405,800,000","368,400,000","378,300,000","375,600,000","346,400,000","379,000,000","430,300,000","417,900,000","416,200,000","390,900,000","347,400,000","365,000,000","329,700,000","223,600,000","235,800,000","224,300,000","274,400,000","221,000,000","239,300,000","253,100,000","266,600,000","251,800,000","238,300,000","222,600,000","203,000,000","232,100,000","247,800,000","235,800,000","204,300,000","196,100,000","196,300,000","191,100,000",,,,,,,,,,,,,,,,,
ReconciledDepreciation,"277,800,000","73,144,000","73,008,000","75,960,000","55,688,000","46,144,000","47,565,000","45,411,000","44,660,000","43,997,000","43,260,000","44,234,000","42,169,000","39,606,000","51,377,000","52,023,000","55,660,000","39,527,000","34,904,000","29,917,000","29,157,000","28,535,000","31,025,000","32,269,000","32,784,000","33,893,000","35,484,000","37,118,000","37,703,000","38,987,000","39,382,000","39,325,000","38,419,000","28,286,000","26,719,000","24,383,000","23,297,000","24,475,000","25,643,000","24,673,000","25,272,000","25,236,000","26,227,000","25,176,000","23,734,000","20,233,000","22,781,000","20,873,000","22,062,000","22,779,000","29,699,000","19,239,000","18,605,000","18,799,000","19,601,000","19,420,000","17,440,000","16,665,000","14,351,000","14,573,000","13,839,000","12,907,000","12,548,000","12,069,000","12,094,000","11,551,000","12,618,000","15,852,000","7,605,000","11,460,000","8,712,000","8,216,000","8,606,000","8,620,000","8,681,000","8,981,000","9,045,000","8,643,000","9,135,000","9,165,000","8,216,000","8,571,000","8,792,000","10,034,000","10,755,000","9,359,000","11,276,000","9,576,000","9,846,000","9,400,000","8,200,000","9,100,000","8,300,000","6,000,000","5,100,000","6,700,000","6,100,000","5,100,000","5,000,000","4,800,000","4,400,000","4,600,000","4,900,000","4,500,000","4,000,000","3,900,000","3,000,000","4,100,000","3,500,000","3,600,000","2,900,000","3,600,000","2,400,000","2,100,000","3,400,000","2,500,000","1,300,000","1,600,000","2,700,000","1,800,000","1,200,000","2,000,000","1,900,000","1,600,000","1,600,000","1,800,000","1,600,000","1,400,000","1,200,000","1,300,000",,,,,,,,,,,,,,,,,
NetIncomeFromContinuingOperationNetMinorityInterest,"344,226,000","134,266,000","44,827,000","165,410,000","-275,000","257,062,000","69,517,000","226,886,000","-121,967,000","179,423,000","21,948,000","89,365,000","114,755,000","64,894,000","-37,541,000","150,222,000","48,587,000","2,163,000","94,141,000","89,032,000","50,018,000","60,536,000","29,644,000","69,055,000","65,250,000","46,514,000","29,863,000","91,062,000","81,967,000","100,079,000","86,074,000","64,842,000","83,460,000","93,732,000","110,811,000","108,871,000","104,401,000","99,010,000","107,411,000","97,900,000","83,933,000","89,710,000","94,280,000","90,676,000","80,250,000","65,823,000","76,994,000","19,043,000","77,500,000","72,437,000","79,317,000","94,900,000","109,287,000","116,350,000","114,383,000","108,677,000","99,312,000","98,370,000","83,892,000","74,750,000","67,226,000","61,262,000","58,726,000","50,632,000","44,500,000","43,025,000","42,780,000","40,050,000","35,660,000","32,530,000","30,470,000","29,930,000","34,775,000","33,800,000","33,530,000","32,860,000","31,480,000","30,140,000","29,020,000","27,920,000","26,880,000","25,870,000","23,580,000","22,520,000","21,560,000","20,100,000","19,550,000","19,100,000","18,100,000","-5,800,000","17,300,000","16,800,000","16,200,000","15,200,000","14,400,000","13,900,000","13,300,000","12,800,000","12,600,000","12,000,000","11,400,000","10,900,000","10,600,000","10,400,000","9,900,000","9,600,000","8,900,000","8,400,000","7,600,000","7,300,000","-3,100,000","7,300,000","7,300,000","7,300,000","8,000,000","7,100,000","7,000,000","6,700,000","6,500,000","6,300,000","8,100,000","5,700,000","5,800,000","5,100,000","4,900,000","4,600,000","4,000,000","3,600,000","3,400,000","3,300,000",,,,,,,,,,,,,,,,,
TotalUnusualItemsExcludingGoodwill,,,,,,,,,,,,,,,"-21,171,000",,,,,,,,,,,,,,,,,,,,,,,,,"-1,330,000","110,000","-131,000","-1,591,000","3,172,000","37,000","7,000","72,000","-1,644,000","-935,000","-559,000","-1,211,000","-456,000","-1,736,000","-2,626,000","-2,708,000","-1,436,000","-1,707,000","9,170,000","-1,719,000","-1,256,000","-779,000","-1,305,000","-641,000","-1,538,000","-776,000","-1,027,000","-415,000","-825,000","-1,248,000","-805,000","842,000","-509,000","887,000","-562,000","491,000","168,000","555,000","506,000","325,000","377,000","375,000","444,000","550,000","601,000","664,000","526,000","525,000","473,000","677,000","-37,500,000","1,100,000","1,000,000",,"1,000,000","1,100,000","300,000","100,000","800,000","600,000","1,300,000","1,100,000","1,000,000","1,000,000","500,000","200,000","500,000","300,000","-200,000","500,000","-100,000","-1,400,000","200,000","200,000","700,000","400,000","500,000","1,300,000","1,100,000","1,700,000","1,200,000","3,900,000","600,000","600,000","200,000","1,100,000","900,000","1,100,000","100,000","300,000","1,500,000",,,,,,,,,,,,,,,,,
TotalUnusualItems,,,,,,,,,,,,,,,"-21,171,000",,,,,,,,,,,,,,,,,,,,,,,,,"-1,330,000","110,000","-131,000","-1,591,000","3,172,000","37,000","7,000","72,000","-1,644,000","-935,000","-559,000","-1,211,000","-456,000","-1,736,000","-2,626,000","-2,708,000","-1,436,000","-1,707,000","9,170,000","-1,719,000","-1,256,000","-779,000","-1,305,000","-641,000","-1,538,000","-776,000","-1,027,000","-415,000","-825,000","-1,248,000","-805,000","842,000","-509,000","887,000","-562,000","491,000","168,000","555,000","506,000","325,000","377,000","375,000","444,000","550,000","601,000","664,000","526,000","525,000","473,000","677,000","-37,500,000","1,100,000","1,000,000",,"1,000,000","1,100,000","300,000","100,000","800,000","600,000","1,300,000","1,100,000","1,000,000","1,000,000","500,000","200,000","500,000","300,000","-200,000","500,000","-100,000","-1,400,000","200,000","200,000","700,000","400,000","500,000","1,300,000","1,100,000","1,700,000","1,200,000","3,900,000","600,000","600,000","200,000","1,100,000","900,000","1,100,000","100,000","300,000","1,500,000",,,,,,,,,,,,,,,,,
NormalizedEBITDA,"863,208,000","261,660,000","263,314,000","379,365,000","-41,129,000","417,568,000","121,764,000","367,285,000","-116,991,000","312,983,000","106,920,000","156,611,000","183,424,000","157,122,000","275,869,000","268,593,000","197,055,000","88,535,000","155,062,000","161,367,000","93,403,000","117,933,000","71,643,000","139,648,000","125,440,000","95,223,000","88,904,000","139,815,000","171,213,000","199,000,000","185,133,000","162,936,000","175,929,000","173,333,000","205,016,000","195,592,000","188,240,000","184,480,000","198,277,000","180,364,000","159,973,000","168,583,000","175,658,000","165,873,000","152,898,000","124,776,000","143,479,000","67,930,000","144,862,000","137,098,000","155,331,000","168,378,000","191,882,000","202,493,000","201,089,000","189,727,000","173,299,000","148,751,000","145,459,000","131,533,000","117,107,000","108,586,000","98,321,000","93,178,000","82,310,000","79,991,000","80,376,000","80,450,000","66,492,000","64,984,000","54,302,000","55,356,000","60,504,000","61,600,000","59,398,000","59,363,000","57,004,000","54,980,000","54,270,000","52,336,000","50,201,000","49,129,000","47,010,000","46,203,000","45,218,000","42,020,000","43,419,000","40,812,000","39,377,000","76,900,000","35,600,000","36,700,000","36,400,000","28,100,000","26,000,000","28,800,000","27,700,000","24,600,000","24,500,000","22,100,000","21,000,000","20,500,000","20,300,000","20,600,000","20,000,000","18,700,000","17,400,000","18,400,000","15,000,000","15,800,000","500,000","15,400,000","14,100,000","13,100,000","16,200,000","13,500,000","10,800,000","10,900,000","10,600,000","10,200,000","7,400,000","10,700,000","10,500,000","10,100,000","7,800,000","8,000,000","6,300,000","7,400,000","6,500,000","4,000,000","-569,900,000","228,600,000","190,700,000","165,300,000","-579,800,000","189,800,000","194,600,000","206,400,000","-230,300,000","84,600,000","78,400,000","71,300,000","-148,800,000","50,300,000","51,700,000","49,400,000","-159,100,000"
TaxRateForCalcs,"0.399","0.094","0.27","0.385","0.185","0.246","0.27","0.223","0.346","0.27","0.27","0.27","0.27","0.247","0.27","0.222","0.27","0.4","0.218","0.304","0.27","0.288","0.162","0.31","0.299","0.129","0.244","0.4","0.317","0.314","0.371","0.396","0.314","0.327","0.334","0.334","0.339","0.331","0.347","0.333","0.339","0.345","0.344","0.349","0.357","0.357","0.36","0.35","0.36","0.36","0.36","0.36","0.36","0.36","0.36","0.36","0.36","0.36","0.36","0.36","0.36","0.36","0.343","0.36","0.36","0.36","0.361","0.36","0.36","0.36","0.35","0.35","0.35","0.35","0.35","0.35","0.35","0.35","0.35","0.35","0.35","0.35","0.365","0.365","0.365","0.365","0.37","0.375","0.375","0.376","0.375","0.375","0.375","0.369","0.379","0.39","0.39","0.39","0.391","0.394","0.397","0.394","0.398","0.395","0.396","0.396","0.399","0.396","0.397","0.397","0.4","0.397","0.4","0.4","0.4","0.4","0.4","0.4","0.4","0.4","0.4","0.4","0.4","0.4","0.4","0.4","0.4","0.4","0.4","0.4",,,,,,,,,,,,,,,,,
TaxEffectOfUnusualItems,"0","0","0","0","0","0","0","0","0","0","0","0","0","0","0","0","0","0","0","0","0","0","0","0","0","0","0","0","0","0","0","0","0","0","0","0","0","0","0","-442,665.57","37,301.818","-45,168.594","-547,033.667","1,108,171.775","13,204.987","2,498.79","25,901.268","-575,400","-336,410.16","-201,307.783","-435,961.173","-164,159.508","-624,849.787","-945,527.542","-974,895.152","-516,955.603","-614,512.96","3,301,271.592","-618,283.685","-452,614.84","-280,441.78","-469,809.816","-220,008.611","-553,449.769","-279,493.889","-369,724.277","-149,754.157","-296,982.07","-449,312.252","-289,808.869","294,712.573","-178,148.895","310,450","-196,700","171,852.38","58,800.332","194,251.719","177,098.363","113,744.54","131,956.582","131,245.012","155,407.251","200,760.738","219,358.899","242,363.031","191,994.819","194,252.707","177,375","253,904.219","-14,112,903.226","412,996.39","375,464.684","0","369,294.606","417,241.379","117,105.263","38,990.826","312,380.952","234,782.609","512,121.212","436,507.937","394,444.444","397,727.273","197,674.419","79,268.293","198,113.208","119,594.595","-79,136.691","198,412.698","-39,669.421","-560,000","79,338.843","80,000","280,000","160,000","200,000","520,000","440,000","680,000","480,000","1,560,000","240,000","240,000","80,000","440,000","360,000","440,000","40,000","120,000","600,000",,,,,,,,,,,,,,,,,