name,ttm,12/31/2021,09/30/2021,06/30/2021,03/31/2021,12/31/2020,09/30/2020,06/30/2020,03/31/2020,12/31/2019,09/30/2019,06/30/2019,03/31/2019,12/31/2018,09/30/2018,06/30/2018,03/31/2018,12/31/2017,09/30/2017,06/30/2017,03/31/2017,12/31/2016,09/30/2016,06/30/2016,03/31/2016,12/31/2015,09/30/2015,06/30/2015,03/31/2015,12/31/2014,09/30/2014,06/30/2014,03/31/2014,12/31/2013,09/30/2013,06/30/2013,03/31/2013,12/31/2012,09/30/2012,06/30/2012,03/31/2012,12/31/2011,09/30/2011,06/30/2011,03/31/2011,12/31/2010,09/30/2010,06/30/2010,03/31/2010,12/31/2009,09/30/2009,06/30/2009,03/31/2009,12/31/2008,09/30/2008,06/30/2008,03/31/2008,12/31/2007,09/30/2007,06/30/2007,03/31/2007,12/31/2006,09/30/2006,06/30/2006,03/31/2006,12/31/2005,09/30/2005,06/30/2005,03/31/2005,12/31/2004,09/30/2004,06/30/2004,03/31/2004,12/31/2003,09/30/2003,06/30/2003,03/31/2003,12/31/2002,09/30/2002,06/30/2002,03/31/2002,12/31/2001,09/30/2001,06/30/2001,03/31/2001,12/31/2000,09/30/2000,06/30/2000,03/31/2000,12/31/1999,09/30/1999,06/30/1999,03/31/1999,12/31/1998,09/30/1998,06/30/1998,03/31/1998,12/31/1997,09/30/1997,06/30/1997,03/31/1997,12/31/1996,09/30/1996,06/30/1996,03/31/1996,12/31/1995,09/30/1995,06/30/1995,03/31/1995,12/31/1994,09/30/1994,06/30/1994,03/31/1994,12/31/1993,09/30/1993,06/30/1993,03/31/1993,12/31/1992,09/30/1992,06/30/1992,03/31/1992,12/31/1991,09/30/1991,06/30/1991,03/31/1991,12/31/1990,09/30/1990,06/30/1990,03/31/1990,12/31/1989,09/30/1989,06/30/1989,03/31/1989,12/31/1988,09/30/1988,06/30/1988,03/31/1988,12/31/1987,09/30/1987,06/30/1987,03/31/1987,12/31/1986,09/30/1986,06/30/1986,03/31/1986,12/31/1985,09/30/1985
TotalRevenue,"24,189,000,000","5,862,000,000","6,392,000,000","6,341,000,000","5,594,000,000","5,341,000,000","5,954,000,000","5,343,000,000","5,444,000,000","5,576,000,000","6,274,000,000","6,451,000,000","5,779,000,000","5,464,000,000","8,370,000,000","8,120,000,000","7,475,000,000","7,435,000,000","8,136,000,000","7,683,000,000","7,267,000,000","7,086,000,000","10,198,000,000","9,516,000,000","9,031,000,000","8,929,000,000","8,749,000,000","9,608,000,000","9,198,000,000","10,666,000,000","10,979,000,000","10,812,000,000","10,463,000,000","10,908,000,000","11,047,000,000","10,831,000,000","10,430,000,000","10,422,000,000","10,392,000,000","10,581,000,000","10,565,000,000","10,417,000,000","10,788,000,000","10,364,000,000","10,144,000,000","9,537,000,000","9,040,000,000","8,540,000,000","8,317,000,000","8,408,000,000","7,867,000,000","6,979,000,000","6,315,000,000","7,336,000,000","9,307,000,000","9,865,000,000","9,406,000,000","9,484,000,000","9,011,000,000","8,911,000,000","8,492,000,000","8,210,000,000","8,150,000,000","8,390,000,000","8,167,000,000","7,527,600,000","6,496,300,000","7,062,100,000","7,100,600,000","6,975,500,000","6,756,900,000","6,792,300,000","6,620,100,000","6,384,100,000","5,999,700,000","5,959,900,000","5,503,100,000","5,183,300,000","5,218,200,000","5,257,000,000","4,810,500,000","4,817,700,000","4,649,100,000","4,722,100,000","4,601,600,000","4,454,400,000","4,088,700,000","4,389,300,000","4,358,300,000","4,318,300,000","4,195,000,000","4,191,000,000","3,880,300,000","3,873,100,000","3,333,700,000","3,189,500,000","3,007,300,000","3,056,300,000","2,761,200,000","2,879,300,000","2,743,600,000","2,761,300,000","2,677,100,000","2,705,600,000","2,440,400,000","2,186,300,000","2,241,300,000","2,180,900,000","2,050,500,000","1,857,600,000","1,845,600,000","1,757,800,000","1,682,100,000","1,585,000,000","1,631,600,000","1,593,700,000","1,445,100,000","1,511,300,000","1,450,600,000","1,307,000,000","1,183,500,000","1,215,400,000","1,199,400,000","1,137,800,000","1,073,500,000","1,148,300,000","1,176,400,000","1,172,400,000","1,084,400,000","1,070,800,000","1,048,900,000","910,600,000","863,700,000","860,400,000","828,500,000","792,900,000","745,400,000","732,800,000","818,100,000","653,000,000","603,000,000","602,800,000","703,500,000","602,600,000","626,300,000","707,000,000","610,800,000"
	OperatingRevenue,"24,189,000,000","5,862,000,000","6,392,000,000","6,341,000,000","5,594,000,000","5,341,000,000","5,954,000,000","5,343,000,000","5,444,000,000","5,576,000,000","6,274,000,000","6,451,000,000","5,779,000,000","5,464,000,000","8,370,000,000","8,120,000,000","7,475,000,000","7,435,000,000","8,136,000,000","7,683,000,000","7,267,000,000","7,086,000,000","10,198,000,000","9,516,000,000","9,031,000,000","8,929,000,000","8,749,000,000","9,608,000,000","9,198,000,000","10,666,000,000","10,979,000,000","10,812,000,000","10,463,000,000","10,908,000,000","11,047,000,000","10,831,000,000","10,430,000,000","10,422,000,000","10,392,000,000","10,581,000,000","10,565,000,000","10,417,000,000","10,788,000,000","10,364,000,000","10,144,000,000","9,537,000,000","9,040,000,000","8,540,000,000","8,317,000,000","8,408,000,000","7,867,000,000","6,979,000,000","6,315,000,000","7,336,000,000","9,307,000,000","9,865,000,000","9,406,000,000","9,484,000,000","9,011,000,000","8,911,000,000","8,492,000,000","8,210,000,000","8,150,000,000","8,390,000,000","8,167,000,000","7,527,600,000","6,496,300,000","7,062,100,000","7,100,600,000","6,975,500,000","6,756,900,000","6,792,300,000","6,620,100,000","6,384,100,000","5,999,700,000","5,959,900,000","5,503,100,000","5,183,300,000","5,218,200,000","5,257,000,000","4,810,500,000","4,817,700,000","4,649,100,000","4,722,100,000","4,601,600,000","4,454,400,000","4,088,700,000","4,389,300,000","4,358,300,000","4,318,300,000","4,195,000,000","4,191,000,000","3,880,300,000","3,873,100,000","3,333,700,000","3,189,500,000","3,007,300,000","3,056,300,000","2,761,200,000","2,879,300,000","2,743,600,000","2,761,300,000","2,677,100,000","2,705,600,000","2,440,400,000","2,186,300,000","2,241,300,000","2,180,900,000","2,050,500,000","1,857,600,000","1,845,600,000","1,757,800,000","1,682,100,000","1,585,000,000","1,631,600,000","1,593,700,000","1,445,100,000","1,511,300,000","1,450,600,000","1,307,000,000","1,183,500,000","1,215,400,000","1,199,400,000","1,137,800,000","1,073,500,000","1,148,300,000","1,176,400,000","1,172,400,000","1,084,400,000","1,070,800,000","1,048,900,000","910,600,000","863,700,000","860,400,000","828,500,000","792,900,000","745,400,000","732,800,000","818,100,000","653,000,000","603,000,000","602,800,000","703,500,000","602,600,000","626,300,000","707,000,000","610,800,000"
CostOfRevenue,"15,967,000,000","3,971,000,000","4,201,000,000","4,144,000,000","3,651,000,000","3,613,000,000","3,979,000,000","3,511,000,000","3,643,000,000","3,773,000,000","4,294,000,000","4,307,000,000","3,935,000,000","3,739,000,000","5,851,000,000","5,648,000,000","5,255,000,000","5,266,000,000","5,623,000,000","5,252,000,000","4,986,000,000","4,972,000,000","8,133,000,000","7,629,000,000","7,302,000,000","7,296,000,000","7,190,000,000","7,902,000,000","7,625,000,000","8,986,000,000","9,137,000,000","9,149,000,000","8,917,000,000","9,251,000,000","8,945,000,000","9,151,000,000","8,942,000,000","8,914,000,000","8,792,000,000","9,044,000,000","9,016,000,000","8,885,000,000","9,056,000,000","8,814,000,000","8,670,000,000","8,123,000,000","7,549,000,000","7,201,000,000","7,094,000,000","7,172,000,000","6,724,000,000","5,940,000,000","5,633,000,000","6,651,000,000","7,883,000,000","8,380,000,000","8,096,000,000","8,177,000,000","7,586,000,000","7,527,000,000","7,299,000,000","7,136,000,000","6,913,000,000","7,177,000,000","7,114,000,000","6,611,000,000","5,596,800,000","6,161,800,000","6,249,700,000","6,132,700,000","5,853,000,000","5,884,400,000","5,770,300,000","5,522,800,000","5,126,800,000","5,124,200,000","4,740,900,000","4,433,900,000","4,439,700,000","4,509,000,000","4,166,400,000","4,141,400,000","3,982,400,000","4,046,000,000","3,980,400,000","3,814,400,000","3,292,900,000","3,599,900,000","3,629,800,000","3,575,700,000","3,429,800,000","3,472,500,000","3,238,200,000","3,229,400,000","2,738,800,000","2,625,500,000","2,498,500,000","2,529,200,000","2,225,300,000","2,360,800,000","2,276,800,000","2,267,800,000","2,209,000,000","2,251,500,000","2,035,900,000","1,794,900,000","1,804,500,000","1,780,200,000","1,692,500,000","1,506,900,000","1,442,800,000","1,416,500,000","1,372,400,000","1,272,000,000","1,343,300,000","1,287,100,000","1,169,000,000","1,236,700,000","1,155,500,000","1,054,700,000","978,900,000","988,000,000","948,200,000","921,200,000","875,400,000","940,100,000","947,900,000","966,700,000","902,800,000","873,200,000",,,,,,,,,,,,,,,,,
GrossProfit,"8,222,000,000","1,891,000,000","2,191,000,000","2,197,000,000","1,943,000,000","1,728,000,000","1,975,000,000","1,832,000,000","1,801,000,000","1,803,000,000","1,980,000,000","2,144,000,000","1,844,000,000","1,725,000,000","2,519,000,000","2,472,000,000","2,220,000,000","2,169,000,000","2,513,000,000","2,431,000,000","2,281,000,000","2,114,000,000","2,065,000,000","1,887,000,000","1,729,000,000","1,633,000,000","1,559,000,000","1,706,000,000","1,573,000,000","1,680,000,000","1,842,000,000","1,663,000,000","1,546,000,000","1,657,000,000","2,102,000,000","1,680,000,000","1,488,000,000","1,508,000,000","1,600,000,000","1,537,000,000","1,549,000,000","1,532,000,000","1,732,000,000","1,550,000,000","1,474,000,000","1,414,000,000","1,491,000,000","1,339,000,000","1,223,000,000","1,236,000,000","1,143,000,000","1,039,000,000","682,000,000","685,000,000","1,424,000,000","1,485,000,000","1,310,000,000","1,307,000,000","1,425,000,000","1,384,000,000","1,193,000,000","1,074,000,000","1,237,000,000","1,213,000,000","1,053,000,000","916,600,000","899,500,000","900,300,000","850,900,000","842,800,000","903,900,000","907,900,000","849,800,000","861,300,000","872,900,000","835,700,000","762,200,000","749,400,000","778,500,000","748,000,000","644,100,000","676,300,000","666,700,000","676,100,000","621,200,000","640,000,000","795,800,000","789,400,000","728,500,000","742,600,000","765,200,000","718,500,000","642,100,000","643,700,000","594,900,000","564,000,000","508,800,000","527,100,000","535,900,000","518,500,000","466,800,000","493,500,000","468,100,000","454,100,000","404,500,000","391,400,000","436,800,000","400,700,000","358,000,000","350,700,000","402,800,000","341,300,000","309,700,000","313,000,000","288,300,000","306,600,000","276,100,000","274,600,000","295,100,000","252,300,000","204,600,000","227,400,000","251,200,000","216,600,000","198,100,000","208,200,000","228,500,000","205,700,000","181,600,000","197,600,000",,,,,,,,,,,,,,,,,
OperatingExpense,"5,333,000,000","1,369,000,000","1,344,000,000","1,367,000,000","1,253,000,000","1,294,000,000","1,453,000,000","1,334,000,000","1,451,000,000","1,427,000,000","1,960,000,000","1,388,000,000","1,458,000,000","1,438,000,000","1,478,000,000","1,527,000,000","1,588,000,000","1,417,000,000","1,253,000,000","1,609,000,000","1,726,000,000","1,570,000,000","1,914,000,000","1,185,000,000","1,144,000,000","1,082,000,000","1,031,000,000","975,000,000","975,000,000","1,034,000,000","1,294,000,000","977,000,000","990,000,000","1,084,000,000","831,000,000","991,000,000","1,091,000,000","1,052,000,000","1,323,000,000","992,000,000","1,069,000,000","1,054,000,000","1,128,000,000","1,094,000,000","1,014,000,000","947,000,000","985,000,000","895,000,000","847,000,000","883,000,000","761,000,000","787,000,000","803,000,000","859,000,000","850,000,000","877,000,000","888,000,000","950,000,000","786,000,000","831,000,000","861,000,000","803,000,000","732,000,000","736,000,000","787,000,000","685,600,000","499,400,000","532,200,000","580,900,000","597,400,000","490,200,000","543,200,000","588,900,000","599,500,000","512,800,000","519,400,000","524,900,000","501,500,000","434,100,000","427,600,000","425,400,000","437,800,000","375,700,000","405,800,000","430,600,000","430,800,000","505,200,000","522,400,000","536,100,000","527,600,000","492,100,000","479,600,000","482,400,000","460,500,000","387,100,000","382,900,000","382,100,000","378,700,000","342,400,000","356,100,000","355,500,000","363,600,000","303,200,000","315,800,000","311,200,000","287,900,000","285,000,000","279,600,000","274,700,000","258,100,000","280,000,000","243,500,000","246,900,000","231,400,000","205,300,000","221,800,000","224,000,000","196,200,000","203,100,000","179,500,000","167,100,000","164,200,000","174,100,000","156,000,000","164,500,000","150,700,000","155,600,000","140,800,000","147,800,000","141,200,000",,,,,,,,,,,,,,,,,
	SellingGeneralAndAdministration,"5,333,000,000","1,369,000,000","1,344,000,000","1,367,000,000","1,253,000,000","1,294,000,000","1,453,000,000","1,334,000,000","1,451,000,000","1,427,000,000","1,960,000,000","1,388,000,000","1,458,000,000","1,438,000,000","1,478,000,000","1,527,000,000","1,588,000,000","1,417,000,000","1,253,000,000","1,609,000,000","1,726,000,000","1,570,000,000","1,914,000,000","1,185,000,000","1,144,000,000","1,082,000,000","1,031,000,000","975,000,000","975,000,000","1,034,000,000","1,294,000,000","977,000,000","990,000,000","1,084,000,000","831,000,000","991,000,000","1,091,000,000","1,052,000,000","1,323,000,000","992,000,000","1,069,000,000","1,054,000,000","1,128,000,000","1,094,000,000","1,014,000,000","947,000,000","985,000,000","895,000,000","847,000,000","883,000,000","761,000,000","787,000,000","803,000,000","859,000,000","850,000,000","877,000,000","888,000,000","950,000,000","786,000,000","831,000,000","861,000,000","803,000,000","732,000,000","736,000,000","787,000,000","685,600,000","499,400,000","532,200,000","580,900,000","597,400,000","490,200,000","543,200,000","588,900,000","599,500,000","512,800,000","519,400,000","524,900,000","501,500,000","434,100,000","427,600,000","425,400,000","437,800,000","375,700,000","405,800,000","430,600,000","430,800,000","390,600,000","409,200,000","419,600,000","410,100,000","378,300,000","377,200,000","368,200,000","345,300,000","281,900,000","289,300,000","289,600,000","285,800,000","250,900,000","271,000,000","264,000,000","276,800,000","226,800,000","234,800,000","216,900,000","209,900,000","221,100,000","197,900,000","205,200,000","184,700,000","213,800,000","180,500,000","178,000,000","171,000,000","177,000,000","160,600,000","152,900,000","144,600,000","149,300,000","132,600,000","123,700,000","119,500,000","130,900,000","114,100,000","120,500,000","110,800,000","115,200,000","106,700,000","108,400,000","103,200,000",,,,,,,,,,,,,,,,,
	DepreciationAmortizationDepletionIncomeStatement,,,,,,,,,,,,,,,,,,,,,,,,,,,,,,,,,,,,,,,,,,,,,,,,,,,,,,,,,,,,,,,,,,,,,,,,,,,,,,,,,,,,,,,"114,600,000","113,200,000","116,500,000","117,500,000","113,800,000","102,400,000","114,200,000","115,200,000","105,200,000","93,600,000","92,500,000","92,900,000","91,500,000","85,100,000","91,500,000","86,800,000","76,400,000","81,000,000","94,300,000","78,000,000","63,900,000","81,700,000","69,500,000","73,400,000","66,200,000","63,000,000","68,900,000","60,400,000","28,300,000","61,200,000","71,100,000","51,600,000","53,800,000","46,900,000","43,400,000","44,700,000","43,200,000","41,900,000","44,000,000","39,900,000","40,400,000","34,100,000","39,400,000","38,000,000",,,,,,,,,,,,,,,,,
		DepreciationAndAmortizationInIncomeStatement,,,,,,,,,,,,,,,,,,,,,,,,,,,,,,,,,,,,,,,,,,,,,,,,,,,,,,,,,,,,,,,,,,,,,,,,,,,,,,,,,,,,,,,"114,600,000","113,200,000","116,500,000","117,500,000","113,800,000","102,400,000","114,200,000","115,200,000","105,200,000","93,600,000","92,500,000","92,900,000","91,500,000","85,100,000","91,500,000","86,800,000","76,400,000","81,000,000","94,300,000","78,000,000","63,900,000","81,700,000","69,500,000","73,400,000","66,200,000","63,000,000","68,900,000","60,400,000","28,300,000","61,200,000","71,100,000","51,600,000","53,800,000","46,900,000","43,400,000","44,700,000","43,200,000","41,900,000","44,000,000","39,900,000","40,400,000","34,100,000","39,400,000","38,000,000",,,,,,,,,,,,,,,,,
	OtherOperatingExpenses,,,,,,,,,,,,,,,,,,,,,,,,,,,,,,,,,,,,,,,,,,,,,,,,,,"-53,000,000",,,,,,,,,,,,,,,,,,,,,,,,,,,,,,,,,,,,,,,,,,,,,,,,,,,,,,,,,,,,,,,,,,,,,,,,,,,,,,,,,,,,,,,,,,,,,,,,,
OperatingIncome,"2,889,000,000","522,000,000","847,000,000","830,000,000","690,000,000","434,000,000","522,000,000","498,000,000","350,000,000","376,000,000","20,000,000","756,000,000","386,000,000","287,000,000","1,041,000,000","945,000,000","632,000,000","752,000,000","1,260,000,000","822,000,000","555,000,000","544,000,000","151,000,000","702,000,000","585,000,000","551,000,000","528,000,000","731,000,000","598,000,000","646,000,000","548,000,000","686,000,000","556,000,000","573,000,000","1,271,000,000","689,000,000","397,000,000","456,000,000","277,000,000","545,000,000","480,000,000","478,000,000","604,000,000","456,000,000","460,000,000","467,000,000","506,000,000","444,000,000","376,000,000","353,000,000","382,000,000","252,000,000","-121,000,000","-174,000,000","574,000,000","608,000,000","422,000,000","357,000,000","639,000,000","553,000,000","332,000,000","271,000,000","505,000,000","477,000,000","266,000,000","231,000,000","400,100,000","368,100,000","270,000,000","245,400,000","413,700,000","364,700,000","260,900,000","261,800,000","360,100,000","316,300,000","237,300,000","247,900,000","344,400,000","320,400,000","218,700,000","238,500,000","291,000,000","270,300,000","190,600,000","209,200,000","290,600,000","267,000,000","192,400,000","215,000,000","273,100,000","238,900,000","159,700,000","183,200,000","207,800,000","181,100,000","126,700,000","148,400,000","193,500,000","162,400,000","111,300,000","129,900,000","164,900,000","138,300,000","93,300,000","103,500,000","151,800,000","121,100,000","83,300,000","92,600,000","122,800,000","97,800,000","62,800,000","81,600,000","83,000,000","84,800,000","52,100,000","78,400,000","92,000,000","72,800,000","37,500,000","63,200,000","77,100,000","60,600,000","33,600,000","57,500,000","72,900,000","64,900,000","33,800,000","56,400,000","-2,429,700,000","910,600,000","863,700,000","860,400,000","-2,060,800,000","792,900,000","745,400,000","732,800,000","-1,680,700,000","653,000,000","603,000,000","602,800,000","-1,752,400,000","602,600,000","626,300,000","707,000,000","-1,044,000,000"
NetNonOperatingInterestIncomeExpense,"-229,000,000","-58,000,000","-56,000,000","-61,000,000","-54,000,000","-64,000,000","-64,000,000","-63,000,000","-62,000,000","-54,000,000","-54,000,000","-60,000,000","-98,000,000","-90,000,000","-121,000,000","-114,000,000","-113,000,000","-118,000,000","-132,000,000","-125,000,000","-124,000,000","-133,000,000","-106,000,000","-73,000,000","-71,000,000","-79,000,000","-76,000,000","-75,000,000","-77,000,000","-74,000,000","-80,000,000","-65,000,000","-59,000,000","-58,000,000","-59,000,000","-67,000,000","-71,000,000","-61,000,000","-62,000,000","-59,000,000","-63,000,000","-49,000,000","-50,000,000","-43,000,000","-46,000,000","-35,000,000","-53,000,000","-39,000,000","-43,000,000","-35,000,000","-72,000,000","-65,000,000","-46,000,000",,,,,,,,,,,,,,,,,,,,,,,,,,,,,,,,,,,,,,,,,,,,,,,,,,,,,,,,,,,,,,,,,,,,,,,,,,,,,,,,,,,,,,,,,,,,,,
	InterestIncomeNonOperating,"8,000,000","2,000,000","2,000,000","1,000,000","3,000,000","3,000,000","2,000,000","3,000,000","5,000,000","13,000,000","20,000,000","28,000,000","6,000,000","7,000,000","5,000,000","10,000,000","5,000,000","9,000,000","3,000,000","4,000,000","5,000,000","7,000,000","5,000,000","4,000,000","3,000,000","2,000,000","2,000,000","3,000,000","1,000,000","3,000,000","2,000,000","3,000,000","2,000,000","3,000,000","7,000,000","5,000,000","3,000,000",,,,,,,,,,,,,,,,,,,,,,,,,,,,,,,,,,,,,,,,,,,,,,,,,,,,,,,,,,,,,,,,,,,,,,,,,,,,,,,,,,,,,,,,,,,,,,,,,,,,,,,,,,,,,,
	InterestExpenseNonOperating,"215,000,000","55,000,000","52,000,000","55,000,000","53,000,000","59,000,000","58,000,000","58,000,000","62,000,000","62,000,000","66,000,000","81,000,000","97,000,000","91,000,000","109,000,000","110,000,000","104,000,000","114,000,000","123,000,000","115,000,000","118,000,000","110,000,000","98,000,000","69,000,000","69,000,000","73,000,000","73,000,000","72,000,000","72,000,000","71,000,000","78,000,000","63,000,000","56,000,000","57,000,000","60,000,000","67,000,000","69,000,000","61,000,000","62,000,000","59,000,000","63,000,000","49,000,000","50,000,000","43,000,000","46,000,000","35,000,000","53,000,000","39,000,000","43,000,000","35,000,000","72,000,000","65,000,000","46,000,000",,,,,,,,,,,,,,,,,,,,,,,,,,,,,,,,,,,,,,,,,,,,,,,,,,,,,,,,,,,,,,,,,,,,,,,,,,,,,,,,,,,,,,,,,,,,,,
	TotalOtherFinanceCost,"22,000,000","5,000,000","6,000,000","7,000,000","4,000,000","8,000,000","8,000,000","8,000,000","5,000,000","5,000,000","8,000,000","7,000,000","7,000,000","6,000,000","17,000,000","14,000,000","14,000,000","13,000,000","12,000,000","14,000,000","11,000,000","30,000,000","13,000,000","8,000,000","5,000,000","8,000,000","5,000,000","6,000,000","6,000,000","6,000,000","4,000,000","5,000,000","5,000,000","4,000,000","6,000,000","5,000,000","5,000,000","61,000,000","62,000,000",,,,,,,,,,,,,,,,,,,,,,,,,,,,,,,,,,,,,,,,,,,,,,,,,,,,,,,,,,,,,,,,,,,,,,,,,,,,,,,,,,,,,,,,,,,,,,,,,,,,,,,,,,,,
OtherIncomeExpense,"11,000,000","26,000,000","15,000,000","-5,000,000","-30,000,000","63,000,000","63,000,000","-558,000,000","-39,000,000","-66,000,000","61,000,000","-232,000,000","33,000,000","47,000,000","-28,000,000","79,000,000","42,000,000","-96,000,000","-66,000,000","21,000,000","-38,000,000","-26,000,000","-142,000,000","36,000,000","-115,000,000","147,000,000","-294,000,000","91,000,000","90,000,000","105,000,000","-26,000,000","-196,000,000","76,000,000","116,000,000","-176,000,000","-68,000,000","69,000,000","85,000,000","-174,000,000","18,000,000","79,000,000","120,000,000","115,000,000","56,000,000","61,000,000","66,000,000","98,000,000","52,000,000","51,000,000","53,000,000","-84,000,000","30,000,000","-228,000,000","-136,000,000","-464,000,000","37,000,000","31,000,000","17,000,000","21,000,000","20,000,000","19,000,000","29,000,000","42,000,000","-179,000,000","12,000,000","32,000,000","20,700,000","11,000,000","-208,400,000","11,200,000","6,900,000","-3,200,000","10,900,000","-6,800,000","-8,900,000","2,900,000","-500,000","5,900,000","-4,800,000","11,300,000","-1,500,000","700,000","7,600,000","5,400,000","-1,600,000","4,600,000","2,100,000","-500,000","2,600,000","-1,900,000","-13,400,000","600,000","61,900,000","-1,200,000","69,800,000","900,000","-900,000","1,700,000","0","5,400,000","-69,700,000","5,600,000","3,400,000","7,000,000","100,000","1,400,000","-5,300,000","-1,800,000","-2,200,000","-400,000","-5,200,000","5,400,000","-600,000","2,300,000","2,400,000","4,800,000","-400,000","-1,000,000","-2,900,000","5,900,000","4,400,000","3,000,000","-4,700,000","7,400,000","-400,000","2,400,000","-4,900,000","700,000","-6,100,000","6,100,000",,,,,,,,,,,,,,,,,
	GainOnSaleOfSecurity,"29,000,000","5,000,000","9,000,000","5,000,000","10,000,000","5,000,000","2,000,000","5,000,000","3,000,000","2,000,000","6,000,000","1,000,000",,"5,000,000","12,000,000","13,000,000","-2,000,000","2,000,000","12,000,000","1,000,000","8,000,000","-3,000,000","3,000,000","4,000,000","-3,000,000","11,000,000","3,000,000",,"8,000,000","3,000,000","14,000,000","-2,000,000","3,000,000","3,000,000","5,000,000",,"5,000,000",,,,,,,,,,,,,,,,,,,,,,,,,,,,,,,,,,,,,,,,,,,,,,,,,,,,,,,,,,,,,,,,,,,,,,,,,,,,,,,,,,,,,,,,,,,,,,,,,,,,,,,,,,,,,,
	EarningsFromEquityInterest,"273,000,000","70,000,000","73,000,000","74,000,000","56,000,000","58,000,000","61,000,000","47,000,000","20,000,000","43,000,000","55,000,000","62,000,000","33,000,000","42,000,000","65,000,000","66,000,000","44,000,000","60,000,000","63,000,000","69,000,000","53,000,000","55,000,000","144,000,000","134,000,000","117,000,000","136,000,000","100,000,000","91,000,000","82,000,000","102,000,000","122,000,000","88,000,000","73,000,000","113,000,000","94,000,000","75,000,000","148,000,000","85,000,000","71,000,000","70,000,000","79,000,000","120,000,000","115,000,000","56,000,000","61,000,000","66,000,000","98,000,000","52,000,000","51,000,000","53,000,000","27,000,000","30,000,000","2,000,000","-136,000,000","31,000,000","37,000,000","31,000,000","17,000,000","21,000,000","20,000,000","19,000,000","29,000,000","40,000,000","28,000,000","20,000,000","24,200,000","24,000,000","19,500,000","12,500,000",,"18,500,000","18,400,000","16,300,000","17,800,000","17,400,000","14,600,000","14,600,000","8,300,000","12,200,000","11,300,000","10,300,000","4,100,000",,,,,,,,,,,,,,,,,,,,,,,,,,,,,,,,,,,,,,,,,,,,,,,,,,,,,,,,,,,,,,,,,
	SpecialIncomeCharges,"-291,000,000","-49,000,000","-67,000,000","-79,000,000","-96,000,000","0","0","-610,000,000","-62,000,000","-111,000,000","0","-295,000,000","0","0","-105,000,000",,"0","-158,000,000","-141,000,000","-49,000,000","-99,000,000","-78,000,000","-289,000,000","-102,000,000","-229,000,000",,"-397,000,000","0",,,"-162,000,000","-282,000,000","0",,"-275,000,000","-143,000,000","-84,000,000",,"-245,000,000","-52,000,000",,,,,,,"0",,"0",,"-111,000,000","0","-230,000,000",,,,,,,,,,"2,000,000","-207,000,000","-8,000,000","7,800,000","-3,300,000","-8,500,000","-220,900,000","11,200,000","-11,600,000","-21,600,000","-5,400,000","-24,600,000","-26,300,000","-11,700,000","-15,100,000","-2,400,000","-17,000,000",,"-11,800,000","-3,400,000","-24,200,000","5,400,000","-1,600,000","4,600,000","2,100,000","-500,000","2,600,000","-1,900,000","-13,400,000","600,000","61,900,000","-1,200,000","69,800,000","900,000","-900,000","1,700,000","0","5,400,000","-69,700,000","5,600,000","3,400,000","7,000,000","100,000","1,400,000","-5,300,000","-1,800,000","-2,200,000","-400,000","-5,200,000","5,400,000","-600,000","2,300,000","2,400,000","4,800,000","-400,000","-1,000,000","-2,900,000","5,900,000","4,400,000","3,000,000","-4,700,000","7,400,000","-400,000","2,400,000","-4,900,000","700,000","-6,100,000","6,100,000",,,,,,,,,,,,,,,,,
		RestructuringAndMergernAcquisition,"291,000,000","49,000,000","67,000,000","79,000,000","96,000,000","0","-486,000,000","610,000,000","62,000,000","111,000,000","0","235,000,000","0","0","63,000,000",,"0","128,000,000","64,000,000","18,000,000","76,000,000","63,000,000","99,000,000","51,000,000","200,000,000",,"397,000,000","0",,,"162,000,000","162,000,000","0",,"172,000,000","107,000,000","71,000,000",,"206,000,000","52,000,000",,,,,,,"0",,"0",,"0","0","230,000,000",,,,,,,,,,"0","197,000,000",,,"0",,"210,000,000",,,,,,,,,,,,,,,,,,,,,,,,,,,,,,,,,,,,,,,,,,,,,,,,,,,,,,,,,,,,,,,,,,,,,,,,,,,,,,
		ImpairmentOfCapitalAssets,,,,,,,,,,,,,,,,,,"30,000,000",,"31,000,000","23,000,000","15,000,000",,"51,000,000","29,000,000",,,,,,,,,,,"36,000,000","13,000,000",,,,,,,,,,,,,,,,,,,,,,,,,,,,,,,,,,,,,,,,,,,,,,,,,,,,,,,,,,,,,,,,,,,,,,,,,,,,,,,,,,,,,,,,,,,,,,,,,,,,,,,,,,,,,,
		OtherSpecialCharges,,,,,,,,,,,"0","60,000,000",,,,,,,,,,,,,,,,,,,,,,,,,,,,,,,,,,,,,"-51,000,000",,,,,,,,,,,,,,"-2,000,000","10,000,000",,,"3,300,000",,"10,900,000",,,,,,,,,,,,,,,,,,,,,,,,,,,,,,,,,,,,,,,,,,,,,,,,,,,,,,,,,,,,,,,,,,,,,,,,,,,,,,
		GainOnSaleOfBusiness,,,,,,,,,,,,,,,,,,,,,,,,,,,,"0",,,"0","-120,000,000",,,"454,000,000",,,,,,,,,,,,,,,,,,,,,,,,,,,,,,,,,,,,,,,,,,,,,,,,,,,,,,,,,,,,,,,,,,,,,,,,,,,,,,,,,,,,,,,,,,,,,,,,,,,,,,,,,,,,,,,,
PretaxIncome,"2,671,000,000","490,000,000","806,000,000","769,000,000","606,000,000","433,000,000","521,000,000","-123,000,000","249,000,000","256,000,000","27,000,000","464,000,000","321,000,000","244,000,000","892,000,000","910,000,000","561,000,000","538,000,000","1,062,000,000","718,000,000","393,000,000","385,000,000","-97,000,000","665,000,000","399,000,000","619,000,000","158,000,000","747,000,000","611,000,000","677,000,000","442,000,000","425,000,000","573,000,000","631,000,000","1,036,000,000","554,000,000","395,000,000","480,000,000","41,000,000","504,000,000","496,000,000","549,000,000","669,000,000","469,000,000","475,000,000","498,000,000","551,000,000","457,000,000","384,000,000","371,000,000","226,000,000","217,000,000","-395,000,000","-366,000,000","56,000,000","576,000,000","387,000,000","305,000,000","592,000,000","502,000,000","282,000,000","231,000,000","478,000,000","233,000,000","209,000,000","218,300,000","389,800,000","356,700,000","34,000,000","230,100,000","392,700,000","340,400,000","249,300,000","229,700,000","325,500,000","295,800,000","209,500,000","226,700,000","354,700,000","277,300,000","178,600,000","195,400,000","262,100,000","232,500,000","144,600,000","174,600,000","256,400,000","228,800,000","154,500,000","171,600,000","227,600,000","194,300,000","171,400,000","138,000,000","236,600,000","147,300,000","93,700,000","116,100,000","164,900,000","134,600,000","2,500,000","99,500,000","143,700,000","121,500,000","65,900,000","85,200,000","123,300,000","99,700,000","59,700,000","76,100,000","102,200,000","85,900,000","47,800,000","69,600,000","69,000,000","78,100,000","39,600,000","64,000,000","77,200,000","67,300,000","30,500,000","52,700,000","57,800,000","54,300,000","18,600,000","45,300,000","54,300,000","51,700,000","14,900,000","51,900,000",,,,,,,,,,,,,,,,,
TaxProvision,"878,000,000","71,000,000","490,000,000","108,000,000","209,000,000","61,000,000","31,000,000","-1,000,000","13,000,000","65,000,000","-627,000,000","239,000,000","47,000,000","108,000,000","67,000,000","106,000,000","78,000,000","267,000,000","135,000,000","89,000,000","508,000,000","-27,000,000","1,035,000,000","206,000,000","868,000,000","129,000,000","135,000,000","215,000,000","132,000,000","131,000,000","94,000,000","167,000,000","110,000,000","126,000,000","895,000,000","-40,000,000","217,000,000","96,000,000","-23,000,000","62,000,000","94,000,000","104,000,000","96,000,000","89,000,000","90,000,000","95,000,000","74,000,000","31,000,000","87,000,000","5,000,000","-77,000,000","50,000,000","-183,000,000","242,000,000","55,000,000","121,000,000","81,000,000","64,000,000","124,000,000","106,000,000","17,000,000","53,000,000","100,000,000","-111,000,000","36,000,000","37,500,000","96,700,000","94,600,000","-31,900,000","48,600,000","95,100,000","98,700,000","72,200,000","49,700,000","100,900,000","91,700,000","64,800,000","70,400,000","106,300,000","102,000,000","63,800,000","75,500,000","105,800,000","96,000,000","61,600,000","72,100,000","105,200,000","95,400,000","65,700,000","72,600,000","97,100,000","83,200,000","73,100,000","58,300,000","100,600,000","63,400,000","41,200,000","50,800,000","72,000,000","60,200,000","4,100,000","44,600,000","61,700,000","52,200,000","29,500,000","38,200,000","56,300,000","44,400,000","27,400,000","34,900,000","46,200,000","40,300,000","22,300,000","31,500,000","29,200,000","35,900,000","18,300,000","29,400,000","35,500,000","30,900,000","14,000,000","24,300,000","26,500,000","25,000,000","8,600,000","20,800,000","25,300,000","24,700,000","6,800,000","23,600,000",,,,,,,,,,,,,,,,,
NetIncomeCommonStockholders,"1,567,000,000","381,000,000","269,000,000","574,000,000","343,000,000","451,000,000","441,000,000","-182,000,000","213,000,000","159,000,000","612,000,000","4,192,000,000","515,000,000","355,000,000","771,000,000","723,000,000","438,000,000","230,000,000","875,000,000","555,000,000","-148,000,000","329,000,000","-1,171,000,000","383,000,000","-530,000,000","450,000,000","349,000,000","178,000,000","529,000,000","507,000,000","309,000,000","176,000,000","261,000,000","469,000,000","105,000,000","571,000,000","148,000,000","354,000,000","35,000,000","417,000,000","364,000,000","410,000,000","538,000,000","357,000,000","354,000,000","375,000,000","449,000,000","418,000,000","274,000,000","350,000,000","300,000,000","163,000,000","-193,000,000","-608,000,000","16,000,000","439,000,000","289,000,000","235,000,000","466,000,000","396,000,000","228,000,000","162,000,000","360,000,000","338,000,000","165,000,000","165,400,000","283,800,000","254,700,000","202,500,000","168,400,000","273,000,000","222,300,000","157,700,000","162,700,000","214,800,000","190,000,000","132,200,000","138,700,000","188,600,000","173,400,000","112,900,000","117,800,000","154,200,000","134,400,000","80,900,000","100,000,000","148,700,000","130,900,000","86,400,000","99,000,000","128,000,000","108,600,000","95,900,000","77,300,000","133,600,000","81,500,000","50,100,000","63,000,000","90,500,000","72,100,000","65,600,000","50,800,000","79,600,000","66,900,000","34,100,000","44,600,000","64,700,000","52,900,000","30,000,000","38,800,000","53,600,000","43,300,000","23,200,000","35,800,000","-85,300,000","40,200,000","19,300,000","32,500,000","39,900,000","34,300,000","14,400,000","26,300,000","29,400,000","27,200,000","7,900,000","22,400,000","27,100,000","24,900,000","6,000,000","26,200,000",,,,,,,,,,,,,,,,,
	NetIncome,"1,567,000,000","381,000,000","269,000,000","574,000,000","343,000,000","451,000,000","441,000,000","-182,000,000","213,000,000","159,000,000","612,000,000","4,192,000,000","515,000,000","355,000,000","771,000,000","723,000,000","438,000,000","230,000,000","875,000,000","555,000,000","-148,000,000","329,000,000","-1,171,000,000","383,000,000","-530,000,000","450,000,000","349,000,000","178,000,000","529,000,000","507,000,000","309,000,000","176,000,000","261,000,000","469,000,000","105,000,000","571,000,000","148,000,000","354,000,000","35,000,000","417,000,000","364,000,000","410,000,000","538,000,000","357,000,000","354,000,000","375,000,000","449,000,000","418,000,000","274,000,000","350,000,000","300,000,000","163,000,000","-193,000,000","-608,000,000","16,000,000","439,000,000","289,000,000","235,000,000","466,000,000","396,000,000","228,000,000","162,000,000","360,000,000","338,000,000","165,000,000","165,400,000","283,800,000","254,700,000","202,500,000","168,400,000","273,000,000","222,300,000","157,700,000","164,500,000","220,300,000","190,000,000","132,200,000","140,400,000","190,500,000","175,300,000","114,800,000","119,900,000","156,300,000","136,500,000","83,000,000","102,500,000","151,200,000","133,400,000","88,800,000","99,000,000","130,500,000","111,100,000","98,300,000","79,700,000","136,000,000","83,900,000","52,500,000","65,300,000","92,900,000","74,400,000","68,100,000","53,100,000","82,000,000","69,300,000","36,400,000","47,000,000","67,000,000","55,300,000","32,300,000","41,200,000","56,000,000","45,600,000","25,500,000","38,100,000","-82,200,000","42,200,000","21,300,000","34,600,000","41,700,000","36,400,000","16,500,000","28,400,000","31,300,000","29,300,000","10,000,000","24,500,000","29,000,000","27,000,000","8,100,000","28,300,000",,,,,,,,,,,,,,,,,
		NetIncomeIncludingNoncontrollingInterests,"1,793,000,000","419,000,000","316,000,000","661,000,000","397,000,000","496,000,000","490,000,000","-122,000,000","236,000,000","191,000,000","654,000,000","4,276,000,000","558,000,000","399,000,000","825,000,000","804,000,000","483,000,000","271,000,000","927,000,000","629,000,000","-115,000,000","378,000,000","-1,132,000,000","459,000,000","-469,000,000","490,000,000","369,000,000","207,000,000","557,000,000","546,000,000","346,000,000","196,000,000","291,000,000","505,000,000","141,000,000","594,000,000","178,000,000","384,000,000","64,000,000","442,000,000","402,000,000","445,000,000","573,000,000","380,000,000","385,000,000","403,000,000","477,000,000","426,000,000","297,000,000","366,000,000","303,000,000","167,000,000","-212,000,000","-608,000,000","1,000,000","455,000,000","306,000,000","241,000,000","465,000,000","396,000,000","231,000,000","172,000,000","370,000,000","346,000,000","176,000,000","178,900,000","284,400,000","262,100,000","214,600,000","189,400,000","297,600,000","241,700,000","177,100,000","180,000,000","224,600,000","204,100,000","144,700,000","156,300,000","206,300,000","191,100,000","126,200,000","134,800,000","167,700,000","152,300,000","97,300,000","114,300,000","160,300,000","145,600,000","100,200,000","110,700,000","142,900,000","122,400,000","107,200,000","85,700,000","141,700,000","89,400,000","58,200,000","71,500,000","97,100,000","81,600,000","75,300,000","58,600,000","88,500,000","75,300,000","44,600,000","52,800,000","77,700,000","61,200,000","39,800,000","46,200,000","61,400,000","53,300,000","29,600,000","41,800,000","-82,200,000","42,200,000","21,300,000","34,600,000","41,700,000","36,400,000","16,500,000","28,400,000","31,300,000","29,300,000","10,000,000","24,500,000","29,000,000","27,000,000","8,100,000","28,300,000","23,800,000","23,500,000","19,400,000","30,800,000","30,400,000","24,300,000","19,100,000","29,700,000","37,200,000","17,500,000","12,200,000","22,700,000","39,000,000","13,500,000","9,500,000","33,900,000","35,000,000"
			NetIncomeContinuousOperations,"1,793,000,000","419,000,000","316,000,000","661,000,000","397,000,000","372,000,000","490,000,000","-122,000,000","236,000,000","191,000,000","654,000,000","225,000,000","274,000,000","136,000,000","825,000,000","804,000,000","483,000,000","271,000,000","927,000,000","629,000,000","-115,000,000","412,000,000","-1,132,000,000","459,000,000","-469,000,000","490,000,000","23,000,000","532,000,000","479,000,000","546,000,000","348,000,000","258,000,000","463,000,000","505,000,000","141,000,000","594,000,000","178,000,000","384,000,000","64,000,000","442,000,000","402,000,000","445,000,000","573,000,000","380,000,000","385,000,000","403,000,000","477,000,000","426,000,000","297,000,000","366,000,000","303,000,000","167,000,000","-212,000,000","-608,000,000","16,000,000","439,000,000","289,000,000","235,000,000","469,000,000","396,000,000","262,000,000","168,000,000","368,000,000","336,000,000","162,000,000","167,300,000","292,500,000","254,700,000","53,800,000","160,500,000","351,900,000","222,300,000","157,700,000","164,500,000","267,100,000","190,000,000","132,200,000","140,400,000","248,400,000","175,300,000","114,800,000","119,900,000","156,300,000","136,500,000","83,000,000","102,500,000","151,200,000","133,400,000","88,800,000","99,000,000","130,500,000","111,100,000","98,300,000","79,700,000","136,000,000","83,900,000","52,500,000","65,300,000","92,900,000","74,400,000","-1,600,000","54,900,000","82,000,000","69,300,000","36,400,000","47,000,000","67,000,000","55,300,000","32,300,000","41,200,000","56,000,000","45,600,000","25,500,000","38,100,000","39,800,000","42,200,000","21,300,000","34,600,000","41,700,000","36,400,000","16,500,000","28,400,000","31,300,000","29,300,000","10,000,000","24,500,000","29,000,000","27,000,000","8,100,000","28,300,000","23,800,000","23,500,000","19,400,000","30,800,000","30,400,000","24,300,000","19,100,000","29,700,000","37,200,000","17,500,000","12,200,000","22,700,000","39,000,000","13,500,000","9,500,000","33,900,000","35,000,000"
			NetIncomeDiscontinuousOperations,"0","0","0","0","0","124,000,000","0","0","0","0","0","4,051,000,000","284,000,000","263,000,000","0",,"0",,"0","0","0","-34,000,000",,"0","0","0","346,000,000","-325,000,000","78,000,000","0","-2,000,000","-62,000,000","-172,000,000",,,,,,,,,,,,,,,,,,,,,,,,,,"-3,000,000",,"-34,000,000","-6,000,000","-1,000,000","2,000,000","3,000,000","-1,900,000","-8,700,000",,"148,700,000","7,900,000",,,,,,,,,,,,,,,,,,,,,,,,,,,,,"0",,"69,700,000","-1,800,000",,,,,,,,,,,,,,,,,,,,,,,,,,,,,,,,,,,,,,,,,,,,,
		MinorityInterests,"-226,000,000","-38,000,000","-47,000,000","-87,000,000","-54,000,000","-45,000,000","-49,000,000","-60,000,000","-23,000,000","-32,000,000","-42,000,000","-84,000,000","-43,000,000","-44,000,000","-54,000,000","-81,000,000","-45,000,000","-41,000,000","-52,000,000","-74,000,000","-33,000,000","-49,000,000","-39,000,000","-76,000,000","-61,000,000","-40,000,000","-20,000,000","-29,000,000","-28,000,000","-39,000,000","-37,000,000","-20,000,000","-30,000,000","-36,000,000","-36,000,000","-23,000,000","-30,000,000","-30,000,000","-29,000,000","-25,000,000","-38,000,000","-35,000,000","-35,000,000","-23,000,000","-31,000,000","-28,000,000","-28,000,000","-8,000,000","-23,000,000","-16,000,000","-3,000,000","-4,000,000","19,000,000",,"15,000,000","-16,000,000","-17,000,000","-6,000,000","1,000,000",,"-3,000,000","-10,000,000","-10,000,000","-8,000,000","-11,000,000","-13,500,000","-600,000","-7,400,000","-12,100,000","-21,000,000","-24,600,000","-19,400,000","-19,400,000","-15,500,000","-4,300,000","-14,100,000","-12,500,000","-15,900,000","-15,800,000","-15,800,000","-11,400,000","-14,900,000","-11,400,000","-15,800,000","-14,300,000","-11,800,000","-9,100,000","-12,200,000","-11,400,000","-11,700,000","-12,400,000","-11,300,000","-8,900,000","-6,000,000","-5,700,000","-5,500,000","-5,700,000","-6,200,000","-4,200,000","-7,200,000","-7,200,000","-5,500,000","-6,500,000","-6,000,000","-8,200,000","-5,800,000","-10,700,000","-5,900,000","-7,500,000","-5,000,000","-5,400,000","-7,700,000","-4,100,000","-3,700,000",,,,,,,,,,,,,,,,,,,,,,,,,,,,,,,,,
	PreferredStockDividends,,,,,,,,,,,,,,,,,,,,,,,,,,,,,,,,,,,,,,,,,,,,,,,,,,,,,,,,,,,,,,,,,,,,,,,"0",,,"1,800,000","5,500,000",,,"1,700,000","1,900,000","1,900,000","1,900,000","2,100,000","2,100,000","2,100,000","2,100,000","2,500,000","2,500,000","2,500,000","2,400,000",,"2,500,000","2,500,000","2,400,000","2,400,000","2,400,000","2,400,000","2,400,000","2,300,000","2,400,000","2,300,000","2,500,000","2,300,000","2,400,000","2,400,000","2,300,000","2,400,000","2,300,000","2,400,000","2,300,000","2,400,000","2,400,000","2,300,000","2,300,000","2,300,000","3,100,000","2,000,000","2,000,000","2,100,000","1,800,000","2,100,000","2,100,000","2,100,000","1,900,000","2,100,000","2,100,000","2,100,000","1,900,000","2,100,000","2,100,000","2,100,000",,,,,,,,,,,,,,,,,
AverageDilutionEarnings,,,,,,,,,,,,,,,,,,,,,,,,,,,,,,,,,,,"0","0","0","0",,,,,,,,,,,,,,,,,,,,,,,,,,,,,,,,,,,,,,,,,,,,,,,,,,,,,,,,,,,,,,,,,,,,,,,,,,,,,,,,,,,,,,,,,,,,,,,,,,,,,,,,,,,,,
DilutedNIAvailtoComStockholders,"1,567,000,000","381,000,000","269,000,000","574,000,000","343,000,000","451,000,000","441,000,000","-182,000,000","213,000,000","159,000,000","612,000,000","4,192,000,000","515,000,000","355,000,000","771,000,000","723,000,000","438,000,000","230,000,000","875,000,000","555,000,000","-148,000,000","329,000,000","-1,171,000,000","383,000,000","-530,000,000","450,000,000","349,000,000","178,000,000","529,000,000","507,000,000","309,000,000","176,000,000","261,000,000","469,000,000","105,000,000","571,000,000","148,000,000","354,000,000","36,000,000","417,000,000","364,000,000","410,000,000","538,000,000","357,000,000","354,000,000","375,000,000","449,000,000","418,000,000","274,000,000","350,000,000","300,000,000","163,000,000","-193,000,000","-608,000,000","16,000,000","439,000,000","289,000,000","235,000,000","466,000,000","396,000,000","228,000,000","162,000,000","360,000,000","338,000,000","165,000,000","165,400,000","283,800,000","254,700,000","202,500,000","168,400,000","273,000,000","222,300,000","157,700,000","162,700,000","214,800,000","190,000,000","132,200,000","138,700,000","188,600,000","173,400,000","112,900,000","117,800,000","154,200,000","134,400,000","80,900,000","100,000,000","148,700,000","130,900,000","86,400,000","99,000,000","128,000,000","108,600,000","95,900,000","77,300,000","133,600,000","81,500,000","50,100,000","63,000,000","90,500,000","72,100,000","65,600,000","50,800,000","79,600,000","66,900,000","34,100,000","44,600,000","64,700,000","52,900,000","30,000,000","38,800,000","53,600,000","43,300,000","23,200,000","35,800,000","-85,300,000","40,200,000","19,300,000","32,500,000","39,900,000","34,300,000","14,400,000","26,300,000","29,400,000","27,200,000","7,900,000","22,400,000","27,100,000","24,900,000","6,000,000","26,200,000",,,,,,,,,,,,,,,,,
BasicEPS,,"0.54","0.38","0.803","0.48","0.62","0.6","-0.24","0.28","0.21","0.787","4.813","0.571","0.39","0.834","0.781","0.473","0.248","0.941","0.593","-0.158","0.35","-1.608","0.622","-0.856","0.723","0.562","0.284","0.842","0.803","0.486","0.277","0.412","0.729","0.161","0.874","0.227","0.543","-0.012","0.681","0.555","0.628",,"0.555","0.545","0.58",,"0.651","0.419","0.545",,"0.283","-0.346","-1.068",,"0.775","0.513","0.419",,"8.419","4.859","3.476",,"7.246","3.56","3.602",,"5.571","4.44","3.686",,"4.901","3.476","3.77",,"8.838","6.115","6.534",,"8.209","5.319","5.654",,"6.45","3.937","4.859",,"6.408","4.23","4.733",,"0.221","0.197","0.159",,"0.169","0.103","0.131",,"0.15","0.136","0.108",,"0.139","0.071","0.094",,"0.112","0.065","0.084",,"0.092","0.049","0.077",,"0.085","0.042","0.07",,"0.075","0.031","0.058",,"0.061","0.017","0.051",,"0.056","0.014","0.059",,"0.054","0.047","0.073",,"0.059","0.045","0.071",,"0.037","0.024","0.049",,"0.028","0.019","0.075",
DilutedEPS,,"0.54","0.38","0.8","0.48","0.62","0.6","-0.24","0.28","0.21","0.77","4.79","0.57","0.39","0.83","0.78","0.47","0.248","0.93","0.59","-0.16","0.35","-1.61","0.618","-0.859","0.723","0.555","0.283","0.838","0.796","0.482","0.272","0.408","0.723","0.157","0.869","0.22","0.543","-0.012","0.639","0.555","0.628",,"0.545","0.534","0.576",,"0.639","0.419","0.538",,"0.272","-0.346","-1.068",,"0.764","0.503","0.408",,"8.293","4.775","3.435",,"7.162","3.518","3.56",,"5.487","4.356","3.644",,"4.817","3.435","3.602",,"8.377","5.864","6.199",,"7.749","5.068","5.319",,"6.073","3.728","4.607",,"6.073","3.979","4.44",,"0.207","0.183","0.15",,"0.157","0.098","0.122",,"0.141","0.129","0.099",,"0.133","0.068","0.089",,"0.106","0.061","0.078",,"0.087","0.047","0.073",,"0.082","0.04","0.066",,"0.071","0.031","0.056",,"0.058","0.017","0.049",,"0.052","0.014","0.056",,"0.051","0.045","0.07",,"0.056","0.044","0.068",,"0.037","0.024","0.049",,"0.028","0.019","0.075",
BasicAverageShares,,"704,300,000","708,700,000","714,500,000","717,100,000","720,300,000","735,200,000","744,000,000","754,800,000","769,900,000","777,600,000","870,900,000","902,500,000","921,600,000","924,800,000","925,600,000","926,200,000","926,100,000","929,400,000","935,400,000","939,200,000","937,200,000","728,300,000","615,879,500","619,031,000","618,553,500","620,941,000","627,339,500","628,294,500","631,637,000","635,361,500","634,502,000","633,929,000","643,765,500","653,029,000","653,124,500","652,838,000","652,360,500","651,883,000","652,265,000","649,400,000","649,400,000",,"648,445,000","646,821,500","646,535,000",,"642,428,500","641,473,500","640,423,000",,"567,938,500","566,888,000","566,792,500",,"566,219,500","563,255,102","561,062,500",,"47,037,313","46,926,724","46,599,398",,"46,645,954","46,345,588","45,917,733",,"45,721,523","45,610,259","45,688,068",,"45,362,500","45,362,500","22,508,283",,"21,498,815","21,618,322","21,227,324",,"21,122,066","21,224,311","20,833,148",,"20,836,364","20,547,739","20,581,897",,"20,426,389","20,423,762","20,917,035",,"486,390,390","486,390,390","486,390,390",,"485,816,817","484,096,096","482,375,375",,"486,963,964","486,963,964","480,654,654",,"480,654,654","479,507,507","476,066,065",,"472,624,624","470,330,329","470,330,329",,"468,598,787","475,246,675","466,680,317",,"470,564,442","461,248,749","466,028,529",,"457,524,967","458,858,859","457,120,757",,"445,748,606","453,123,123","443,036,140",,"446,311,937","430,180,180","441,989,048",,"419,110,210","419,110,210","423,331,711",,"423,331,711","423,331,711","423,331,711",,"433,667,507","433,667,507","433,667,507",,"433,782,222","432,290,931","428,597,117",
DilutedAverageShares,,"709,500,000","717,000,000","719,700,000","721,300,000","726,500,000","738,100,000","744,000,000","757,100,000","774,000,000","791,700,000","875,200,000","905,900,000","925,200,000","930,500,000","930,700,000","932,500,000","933,300,000","938,000,000","944,400,000","939,200,000","947,400,000","728,300,000","620,463,500","619,031,000","623,424,000","625,716,000","631,637,000","631,446,000","637,940,000","642,715,000","642,046,500","641,760,000","651,310,000","659,905,000","656,993,976","657,995,000","656,085,000","652,265,000","657,995,000","658,854,500","657,995,000",,"659,905,000","659,905,000","657,040,000",,"653,220,000","652,265,000","650,355,000",,"645,580,000","566,888,000","566,792,500",,"573,859,500","574,989,583","575,448,718",,"47,750,000","47,750,000","47,167,683",,"47,191,520","46,897,321","46,457,941",,"46,419,561","46,487,380","46,213,218",,"46,151,413","45,915,701","22,508,283",,"22,681,250","22,544,821","22,374,747",,"22,377,973","22,276,756","22,145,472",,"22,129,655","21,702,107","21,704,545",,"21,553,362","21,713,684","22,298,349",,"526,540,540","526,540,540","526,540,540",,"528,261,261","525,393,393","523,099,099",,"521,378,378","520,804,804","517,363,363",,"516,216,216","516,216,216","512,774,774",,"509,333,333","507,039,039","507,039,039",,"496,714,715","492,848,404","488,903,189",,"490,588,461","481,303,042","490,556,346",,"479,843,258","458,858,859","471,405,781",,"472,763,673","453,123,123","458,858,859",,"476,066,066","430,180,180","469,613,363",,"419,110,210","419,110,210","423,331,711",,"423,331,711","423,331,711","423,331,711",,"433,667,507","433,667,507","433,667,507",,"433,782,222","432,290,931","428,597,117",
TotalExpenses,"21,300,000,000","5,340,000,000","5,545,000,000","5,511,000,000","4,904,000,000","4,907,000,000","5,432,000,000","4,845,000,000","5,094,000,000","5,200,000,000","6,254,000,000","5,695,000,000","5,393,000,000","5,177,000,000","7,329,000,000","7,175,000,000","6,843,000,000","6,683,000,000","6,876,000,000","6,861,000,000","6,712,000,000","6,542,000,000","10,047,000,000","8,814,000,000","8,446,000,000","8,378,000,000","8,221,000,000","8,877,000,000","8,600,000,000","10,020,000,000","10,431,000,000","10,126,000,000","9,907,000,000","10,335,000,000","9,776,000,000","10,142,000,000","10,033,000,000","9,966,000,000","10,115,000,000","10,036,000,000","10,085,000,000","9,939,000,000","10,184,000,000","9,908,000,000","9,684,000,000","9,070,000,000","8,534,000,000","8,096,000,000","7,941,000,000","8,055,000,000","7,485,000,000","6,727,000,000","6,436,000,000","7,510,000,000","8,733,000,000","9,257,000,000","8,984,000,000","9,127,000,000","8,372,000,000","8,358,000,000","8,160,000,000","7,939,000,000","7,645,000,000","7,913,000,000","7,901,000,000","7,296,600,000","6,096,200,000","6,694,000,000","6,830,600,000","6,730,100,000","6,343,200,000","6,427,600,000","6,359,200,000","6,122,300,000","5,639,600,000","5,643,600,000","5,265,800,000","4,935,400,000","4,873,800,000","4,936,600,000","4,591,800,000","4,579,200,000","4,358,100,000","4,451,800,000","4,411,000,000","4,245,200,000","3,798,100,000","4,122,300,000","4,165,900,000","4,103,300,000","3,921,900,000","3,952,100,000","3,720,600,000","3,689,900,000","3,125,900,000","3,008,400,000","2,880,600,000","2,907,900,000","2,567,700,000","2,716,900,000","2,632,300,000","2,631,400,000","2,512,200,000","2,567,300,000","2,347,100,000","2,082,800,000","2,089,500,000","2,059,800,000","1,967,200,000","1,765,000,000","1,722,800,000","1,660,000,000","1,619,300,000","1,503,400,000","1,548,600,000","1,508,900,000","1,393,000,000","1,432,900,000","1,358,600,000","1,234,200,000","1,146,000,000","1,152,200,000","1,122,300,000","1,077,200,000","1,039,900,000","1,090,800,000","1,103,500,000","1,107,500,000","1,050,600,000","1,014,400,000",,,,,,,,,,,,,,,,,
NetIncomeFromContinuingAndDiscontinuedOperation,"1,567,000,000","381,000,000","269,000,000","574,000,000","343,000,000","451,000,000","441,000,000","-182,000,000","213,000,000","159,000,000","612,000,000","4,192,000,000","515,000,000","355,000,000","771,000,000","723,000,000","438,000,000","230,000,000","875,000,000","555,000,000","-148,000,000","329,000,000","-1,171,000,000","383,000,000","-530,000,000","450,000,000","349,000,000","178,000,000","529,000,000","507,000,000","309,000,000","176,000,000","261,000,000","469,000,000","105,000,000","571,000,000","148,000,000","354,000,000","35,000,000","417,000,000","364,000,000","410,000,000","538,000,000","357,000,000","354,000,000","375,000,000","449,000,000","418,000,000","274,000,000","350,000,000","300,000,000","163,000,000","-193,000,000","-608,000,000","16,000,000","439,000,000","289,000,000","235,000,000","466,000,000","396,000,000","228,000,000","162,000,000","367,000,000","338,000,000","165,000,000","165,400,000","283,800,000","254,700,000","202,500,000","168,400,000","273,000,000","222,300,000","157,700,000","164,500,000","220,300,000","190,000,000","132,200,000","140,400,000","190,500,000","175,300,000","114,800,000","119,900,000","156,300,000","136,500,000","83,000,000","102,500,000","151,200,000","133,400,000","88,800,000","99,000,000","130,500,000","111,100,000","98,300,000","79,700,000","136,000,000","83,900,000","52,500,000","65,300,000","92,900,000","74,400,000","68,100,000","53,100,000","82,000,000","69,300,000","36,400,000","47,000,000","67,000,000","55,300,000","32,300,000","41,200,000","56,000,000","45,600,000","25,500,000","38,100,000","39,800,000","42,200,000","21,300,000","34,600,000","41,700,000","36,400,000","16,500,000","28,400,000","31,300,000","29,300,000","10,000,000","24,500,000","29,000,000","27,000,000","8,100,000","28,300,000",,,,,,,,,,,,,,,,,
NormalizedIncome,"1,742,876,450.768","418,620,000","311,340,000","637,640,000","399,760,000","322,700,000","439,119,001.919","416,950,000","269,050,000","240,750,000","607,620,000","355,620,000","231,000,000","88,350,000","857,014,573.991","711,625,000","439,720,000","323,600,000","987,601,694.915","597,240,000","-93,400,000","438,330,000","-999,400,000","450,620,000","-390,800,000","441,310,000","239,400,000","503,000,000","444,760,000","504,570,000","427,524,886.878","411,240,000","430,570,000","466,600,000","280,500,000","703,990,000","199,350,000","354,000,000","194,250,000","462,604,000","364,000,000","410,000,000","538,000,000","357,000,000","354,000,000","375,000,000","449,000,000","418,000,000","274,000,000","350,000,000","372,150,000","163,000,000","-43,500,000","-608,000,000","16,000,000","439,000,000","289,000,000","235,000,000","469,000,000","396,000,000","262,000,000","168,000,000","366,418,410.042","460,200,000","168,622,009.569","160,839,899.221","294,981,349.41","260,945,724.699","186,340,000","151,665,580.183","281,790,832.697","237,637,015.276","161,536,101.083","183,777,318.241","238,447,403.994","198,072,920.892","142,629,451.074","142,054,697.839","202,405,272.061","175,300,000","122,384,770.437","121,986,284.545","170,820,000","133,260,000","83,960,000","99,740,000","149,940,000","133,700,000","87,240,000","100,140,000","138,540,000","110,740,000","61,160,000","80,420,000","94,120,000","83,360,000","53,040,000","64,280,000","92,900,000","71,160,000","40,220,000","51,540,000","79,960,000","65,100,000","36,340,000","46,160,000","70,180,000","56,380,000","33,620,000","41,440,000","59,120,000","42,360,000","25,860,000","36,720,000","38,360,000","39,320,000","21,540,000","35,200,000","43,440,000","32,860,000","13,860,000","26,600,000","34,120,000","24,860,000","10,240,000","23,060,000","31,940,000","26,580,000","11,760,000","24,640,000",,,,,,,,,,,,,,,,,
InterestIncome,"8,000,000","2,000,000","2,000,000","1,000,000","3,000,000","3,000,000","2,000,000","3,000,000","5,000,000","13,000,000","20,000,000","28,000,000","6,000,000","7,000,000","5,000,000","10,000,000","5,000,000","9,000,000","3,000,000","4,000,000","5,000,000","7,000,000","5,000,000","4,000,000","3,000,000","2,000,000","2,000,000","3,000,000","1,000,000","3,000,000","2,000,000","3,000,000","2,000,000","3,000,000","7,000,000","5,000,000","3,000,000",,,,,,,,,,,,,,,,,,,,,,,,,,,,,,,,,,,,,,,,,,,,,,,,,,,,,,,,,,,,,,,,,,,,,,,,,,,,,,,,,,,,,,,,,,,,,,,,,,,,,,,,,,,,,,
InterestExpense,"215,000,000","55,000,000","52,000,000","55,000,000","53,000,000","59,000,000","58,000,000","58,000,000","62,000,000","62,000,000","66,000,000","81,000,000","97,000,000","91,000,000","109,000,000","110,000,000","104,000,000","114,000,000","123,000,000","115,000,000","118,000,000","110,000,000","98,000,000","69,000,000","69,000,000","73,000,000","73,000,000","72,000,000","72,000,000","71,000,000","78,000,000","63,000,000","56,000,000","57,000,000","60,000,000","67,000,000","69,000,000","61,000,000","62,000,000","59,000,000","63,000,000","49,000,000","50,000,000","43,000,000","46,000,000","35,000,000","53,000,000","39,000,000","43,000,000","35,000,000","72,000,000","65,000,000","46,000,000",,,,,,,,,,,,,,,,,,,,,,,,,,,,,,,,,,,,,,,,,,,,,,,,,,,,,,,,,,,,,,,,,,,,,,,,,,,,,,,,,,,,,,,,,,,,,,
NetInterestIncome,"-229,000,000","-58,000,000","-56,000,000","-61,000,000","-54,000,000","-64,000,000","-64,000,000","-63,000,000","-62,000,000","-54,000,000","-54,000,000","-60,000,000","-98,000,000","-90,000,000","-121,000,000","-114,000,000","-113,000,000","-118,000,000","-132,000,000","-125,000,000","-124,000,000","-133,000,000","-106,000,000","-73,000,000","-71,000,000","-79,000,000","-76,000,000","-75,000,000","-77,000,000","-74,000,000","-80,000,000","-65,000,000","-59,000,000","-58,000,000","-59,000,000","-67,000,000","-71,000,000","-61,000,000","-62,000,000","-59,000,000","-63,000,000","-49,000,000","-50,000,000","-43,000,000","-46,000,000","-35,000,000","-53,000,000","-39,000,000","-43,000,000","-35,000,000","-72,000,000","-65,000,000","-46,000,000",,,,,,,,,,,,,,,,,,,,,,,,,,,,,,,,,,,,,,,,,,,,,,,,,,,,,,,,,,,,,,,,,,,,,,,,,,,,,,,,,,,,,,,,,,,,,,
EBIT,"2,886,000,000","545,000,000","858,000,000","824,000,000","659,000,000","492,000,000","579,000,000","-65,000,000","311,000,000","318,000,000","93,000,000","545,000,000","418,000,000","335,000,000","1,001,000,000","1,020,000,000","665,000,000","652,000,000","1,185,000,000","833,000,000","511,000,000","495,000,000","1,000,000","734,000,000","468,000,000","692,000,000","231,000,000","819,000,000","683,000,000","748,000,000","520,000,000","488,000,000","629,000,000","688,000,000","1,096,000,000","621,000,000","464,000,000","541,000,000","103,000,000","563,000,000","559,000,000","598,000,000","719,000,000","512,000,000","521,000,000","533,000,000","604,000,000","496,000,000","427,000,000","406,000,000","298,000,000","282,000,000","-349,000,000","-174,000,000","195,000,000","608,000,000","422,000,000","357,000,000","728,000,000","553,000,000","332,000,000","271,000,000","412,000,000","477,000,000","266,000,000","231,000,000","247,600,000","368,100,000","270,000,000","245,400,000","435,500,000","364,700,000","260,900,000","261,800,000","369,700,000","316,300,000","237,300,000","247,900,000","350,700,000","320,400,000","218,700,000","238,500,000","291,000,000","270,300,000","190,600,000","209,200,000","290,600,000","267,000,000","192,400,000","215,000,000","273,100,000","238,900,000","159,700,000","183,200,000","207,800,000","181,100,000","126,700,000","148,400,000","193,500,000","162,400,000","111,300,000","129,900,000","164,900,000","138,300,000","93,300,000","103,500,000","151,800,000","121,100,000","83,300,000","92,600,000","122,800,000","97,800,000","62,800,000","81,600,000","83,000,000","84,800,000","52,100,000","78,400,000","92,000,000","72,800,000","37,500,000","63,200,000","77,100,000","60,600,000","33,600,000","57,500,000","72,900,000","64,900,000","33,800,000","56,400,000","-2,429,700,000","910,600,000","863,700,000","860,400,000","-2,060,800,000","792,900,000","745,400,000","732,800,000","-1,680,700,000","653,000,000","603,000,000","602,800,000","-1,752,400,000","602,600,000","626,300,000","707,000,000","-1,044,000,000"
EBITDA,"3,748,000,000"
ReconciledCostOfRevenue,"15,967,000,000","3,971,000,000","4,201,000,000","4,144,000,000","3,651,000,000","3,613,000,000","3,979,000,000","3,511,000,000","3,643,000,000","3,773,000,000","4,294,000,000","4,307,000,000","3,935,000,000","3,739,000,000","5,851,000,000","5,648,000,000","5,255,000,000","5,266,000,000","5,623,000,000","5,252,000,000","4,986,000,000","4,972,000,000","8,133,000,000","7,629,000,000","7,302,000,000","7,296,000,000","7,190,000,000","7,902,000,000","7,625,000,000","8,986,000,000","9,137,000,000","9,149,000,000","8,917,000,000","9,251,000,000","8,945,000,000","9,151,000,000","8,942,000,000","8,914,000,000","8,792,000,000","9,044,000,000","9,016,000,000","8,885,000,000","9,056,000,000","8,814,000,000","8,670,000,000","8,123,000,000","7,549,000,000","7,201,000,000","7,094,000,000","7,172,000,000","6,724,000,000","5,940,000,000","5,633,000,000","6,651,000,000","7,883,000,000","8,380,000,000","8,096,000,000","8,177,000,000","7,586,000,000","7,527,000,000","7,299,000,000","7,136,000,000","6,913,000,000","7,177,000,000","7,114,000,000","6,611,000,000","5,596,800,000","6,161,800,000","6,249,700,000","6,132,700,000","5,853,000,000","5,884,400,000","5,770,300,000","5,522,800,000","5,126,800,000","5,124,200,000","4,740,900,000","4,433,900,000","4,439,700,000","4,509,000,000","4,166,400,000","4,141,400,000","3,982,400,000","4,046,000,000","3,980,400,000","3,814,400,000","3,292,900,000","3,599,900,000","3,629,800,000","3,575,700,000","3,429,800,000","3,472,500,000","3,238,200,000","3,229,400,000","2,738,800,000","2,625,500,000","2,498,500,000","2,529,200,000","2,225,300,000","2,360,800,000","2,276,800,000","2,267,800,000","2,209,000,000","2,251,500,000","2,035,900,000","1,794,900,000","1,804,500,000","1,780,200,000","1,692,500,000","1,506,900,000","1,442,800,000","1,416,500,000","1,372,600,000","1,272,000,000","1,343,300,000","1,287,200,000","1,169,000,000","1,236,700,000","1,155,500,000","1,054,700,000","978,900,000","988,000,000","948,200,000","921,200,000","875,400,000","940,100,000","947,900,000","966,700,000","902,800,000","873,200,000",,,,,,,,,,,,,,,,,
ReconciledDepreciation,"862,000,000","224,000,000","218,000,000","208,000,000","212,000,000","207,000,000","206,000,000","202,000,000","207,000,000","207,000,000","200,000,000","203,000,000","211,000,000","211,000,000","241,000,000","292,000,000","280,000,000","272,000,000","269,000,000","281,000,000","292,000,000","346,000,000","273,000,000","235,000,000","219,000,000","226,000,000","213,000,000","218,000,000","205,000,000","224,000,000","224,000,000","240,000,000","247,000,000","244,000,000","256,000,000","239,000,000","234,000,000","223,000,000","221,000,000","207,000,000","200,000,000","196,000,000","184,000,000","193,000,000","185,000,000","169,000,000","167,000,000","168,000,000","176,000,000","180,000,000","184,000,000","180,000,000","191,000,000","190,000,000","202,000,000","196,000,000","194,000,000","191,000,000","164,000,000","194,000,000","188,000,000","186,000,000","181,000,000","178,000,000","180,600,000","165,400,000","154,600,000","149,800,000","167,500,000","164,500,000","165,300,000","150,100,000","152,600,000","148,600,000","143,600,000","144,200,000","136,400,000","133,800,000","138,300,000","127,500,000","126,400,000","124,600,000","135,100,000","127,900,000","130,500,000","122,400,000","114,600,000","113,200,000","116,500,000","117,500,000","113,800,000","102,400,000","114,200,000","115,200,000","105,200,000","93,600,000","92,500,000","92,900,000","91,500,000","85,100,000","91,500,000","86,800,000","76,400,000","81,000,000","94,300,000","78,000,000","63,900,000","81,700,000","69,500,000","73,400,000","66,200,000","63,000,000","68,700,000","60,400,000","28,300,000","61,100,000","71,100,000","51,600,000","53,800,000","46,900,000","43,400,000","44,700,000","43,200,000","41,900,000","44,000,000","39,900,000","40,400,000","34,100,000","39,400,000","38,000,000",,,,,,,,,,,,,,,,,
NetIncomeFromContinuingOperationNetMinorityInterest,"1,567,000,000","381,000,000","269,000,000","574,000,000","343,000,000","327,000,000","441,000,000","-182,000,000","213,000,000","159,000,000","612,000,000","141,000,000","231,000,000","92,000,000","771,000,000","723,000,000","438,000,000","230,000,000","875,000,000","555,000,000","-148,000,000","363,000,000","-1,171,000,000","383,000,000","-530,000,000","450,000,000","3,000,000","503,000,000","451,000,000","507,000,000","311,000,000","238,000,000","433,000,000","469,000,000","105,000,000","571,000,000","148,000,000","354,000,000","35,000,000","417,000,000","364,000,000","410,000,000","538,000,000","357,000,000","354,000,000","375,000,000","449,000,000","418,000,000","274,000,000","350,000,000","300,000,000","163,000,000","-193,000,000","-608,000,000","16,000,000","439,000,000","289,000,000","235,000,000","469,000,000","396,000,000","262,000,000","168,000,000","368,000,000","336,000,000","162,000,000","167,300,000","292,500,000","254,700,000","53,800,000","160,500,000","273,000,000","222,300,000","157,700,000","164,500,000","220,300,000","190,000,000","132,200,000","140,400,000","190,500,000","175,300,000","114,800,000","119,900,000","156,300,000","136,500,000","83,000,000","102,500,000","151,200,000","133,400,000","88,800,000","99,000,000","130,500,000","111,100,000","98,300,000","79,700,000","136,000,000","83,900,000","52,500,000","65,300,000","92,900,000","74,400,000","-1,600,000","54,900,000","82,000,000","69,300,000","36,400,000","47,000,000","67,000,000","55,300,000","32,300,000","41,200,000","56,000,000","45,600,000","25,500,000","38,100,000","39,800,000","42,200,000","21,300,000","34,600,000","41,700,000","36,400,000","16,500,000","28,400,000","31,300,000","29,300,000","10,000,000","24,500,000","29,000,000","27,000,000","8,100,000","28,300,000",,,,,,,,,,,,,,,,,
TotalUnusualItemsExcludingGoodwill,"-262,000,000","-44,000,000","-58,000,000","-74,000,000","-86,000,000","5,000,000","2,000,000","-605,000,000","-59,000,000","-109,000,000","6,000,000","-294,000,000","0","5,000,000","-93,000,000","13,000,000","-2,000,000","-156,000,000","-129,000,000","-48,000,000","-91,000,000","-81,000,000","-286,000,000","-98,000,000","-232,000,000","11,000,000","-394,000,000","0","8,000,000","3,000,000","-148,000,000","-284,000,000","3,000,000","3,000,000","-270,000,000","-143,000,000","-79,000,000",,"-245,000,000","-52,000,000",,,,,,,"0",,"0",,"-111,000,000","0","-230,000,000",,,,,,,,,,"2,000,000","-207,000,000","-8,000,000","7,800,000","-3,300,000","-8,500,000","-220,900,000","11,200,000","-11,600,000","-21,600,000","-5,400,000","-24,600,000","-26,300,000","-11,700,000","-15,100,000","-2,400,000","-17,000,000",,"-11,800,000","-3,400,000","-24,200,000","5,400,000","-1,600,000","4,600,000","2,100,000","-500,000","2,600,000","-1,900,000","-13,400,000","600,000","61,900,000","-1,200,000","69,800,000","900,000","-900,000","1,700,000","0","5,400,000","-69,700,000","5,600,000","3,400,000","7,000,000","100,000","1,400,000","-5,300,000","-1,800,000","-2,200,000","-400,000","-5,200,000","5,400,000","-600,000","2,300,000","2,400,000","4,800,000","-400,000","-1,000,000","-2,900,000","5,900,000","4,400,000","3,000,000","-4,700,000","7,400,000","-400,000","2,400,000","-4,900,000","700,000","-6,100,000","6,100,000",,,,,,,,,,,,,,,,,
TotalUnusualItems,"-262,000,000","-44,000,000","-58,000,000","-74,000,000","-86,000,000","5,000,000","2,000,000","-605,000,000","-59,000,000","-109,000,000","6,000,000","-294,000,000","0","5,000,000","-93,000,000","13,000,000","-2,000,000","-156,000,000","-129,000,000","-48,000,000","-91,000,000","-81,000,000","-286,000,000","-98,000,000","-232,000,000","11,000,000","-394,000,000","0","8,000,000","3,000,000","-148,000,000","-284,000,000","3,000,000","3,000,000","-270,000,000","-143,000,000","-79,000,000",,"-245,000,000","-52,000,000",,,,,,,"0",,"0",,"-111,000,000","0","-230,000,000",,,,,,,,,,"2,000,000","-207,000,000","-8,000,000","7,800,000","-3,300,000","-8,500,000","-220,900,000","11,200,000","-11,600,000","-21,600,000","-5,400,000","-24,600,000","-26,300,000","-11,700,000","-15,100,000","-2,400,000","-17,000,000",,"-11,800,000","-3,400,000","-24,200,000","5,400,000","-1,600,000","4,600,000","2,100,000","-500,000","2,600,000","-1,900,000","-13,400,000","600,000","61,900,000","-1,200,000","69,800,000","900,000","-900,000","1,700,000","0","5,400,000","-69,700,000","5,600,000","3,400,000","7,000,000","100,000","1,400,000","-5,300,000","-1,800,000","-2,200,000","-400,000","-5,200,000","5,400,000","-600,000","2,300,000","2,400,000","4,800,000","-400,000","-1,000,000","-2,900,000","5,900,000","4,400,000","3,000,000","-4,700,000","7,400,000","-400,000","2,400,000","-4,900,000","700,000","-6,100,000","6,100,000",,,,,,,,,,,,,,,,,
NormalizedEBITDA,"4,010,000,000","813,000,000","1,134,000,000","1,106,000,000","957,000,000","694,000,000","783,000,000","742,000,000","577,000,000","634,000,000","287,000,000","1,042,000,000","629,000,000","541,000,000","1,335,000,000","1,299,000,000","947,000,000","1,080,000,000","1,583,000,000","1,162,000,000","894,000,000","922,000,000","560,000,000","1,067,000,000","919,000,000","907,000,000","838,000,000","1,037,000,000","880,000,000","969,000,000","892,000,000","1,012,000,000","873,000,000","929,000,000","1,622,000,000","1,003,000,000","777,000,000","764,000,000","569,000,000","822,000,000","759,000,000","794,000,000","903,000,000","705,000,000","706,000,000","702,000,000","771,000,000","664,000,000","603,000,000","586,000,000","593,000,000","462,000,000","72,000,000","16,000,000","397,000,000","804,000,000","616,000,000","548,000,000","892,000,000","747,000,000","520,000,000","457,000,000","591,000,000","862,000,000","454,600,000","388,600,000","405,500,000","526,400,000","658,400,000","398,700,000","612,400,000","536,400,000","418,900,000","435,000,000","539,600,000","472,200,000","388,800,000","384,100,000","506,000,000","447,900,000","356,900,000","366,500,000","450,300,000","392,800,000","322,700,000","327,000,000","403,100,000","380,700,000","306,300,000","334,400,000","400,300,000","340,700,000","212,000,000","299,600,000","243,200,000","273,800,000","220,100,000","239,600,000","285,000,000","242,100,000","272,500,000","211,100,000","237,900,000","212,300,000","187,500,000","180,100,000","221,000,000","204,600,000","155,000,000","166,400,000","194,200,000","155,400,000","132,300,000","139,700,000","108,900,000","141,200,000","123,600,000","131,000,000","148,700,000","113,800,000","76,500,000","104,900,000","125,000,000","95,100,000","78,000,000","95,000,000","118,200,000","98,300,000","79,300,000","88,300,000","-2,429,700,000","910,600,000","863,700,000","860,400,000","-2,060,800,000","792,900,000","745,400,000","732,800,000","-1,680,700,000","653,000,000","603,000,000","602,800,000","-1,752,400,000","602,600,000","626,300,000","707,000,000","-1,044,000,000"
TaxRateForCalcs,"0.329","0.145","0.27","0.14","0.34","0.14","0.06","0.01","0.05","0.25","0.27","0.27","0.15","0.27","0.075","0.125","0.14","0.4","0.127","0.12","0.4","0.07","0.4","0.31","0.4","0.21","0.4","0.29","0.22","0.19","0.213","0.39","0.19","0.2","0.35","0.07","0.35","0.2","0.35","0.123","0.19","0.19","0.143","0.19","0.189","0.191","0.134","0.068","0.227","0.013","0.35","0.23","0.35","0.35","0.35","0.21","0.209","0.21","0.209","0.211","0.06","0.229","0.209","0.4","0.172","0.172","0.248","0.265","0.4","0.211","0.242","0.29","0.29","0.216","0.31","0.31","0.309","0.311","0.3","0.368","0.357","0.386","0.4","0.4","0.4","0.4","0.4","0.4","0.4","0.4","0.4","0.4","0.4","0.4","0.4","0.4","0.4","0.4","0.4","0.4","0.4","0.4","0.4","0.4","0.4","0.4","0.4","0.4","0.4","0.4","0.4","0.4","0.4","0.4","0.4","0.4","0.4","0.4","0.4","0.4","0.4","0.4","0.4","0.4","0.4","0.4","0.4","0.4","0.4","0.4",,,,,,,,,,,,,,,,,
TaxEffectOfUnusualItems,"-86,123,549.232","-6,380,000","-15,660,000","-10,360,000","-29,240,000","700,000","119,001.919","-6,050,000","-2,950,000","-27,250,000","1,620,000","-79,380,000","0","1,350,000","-6,985,426.009","1,625,000","-280,000","-62,400,000","-16,398,305.085","-5,760,000","-36,400,000","-5,670,000","-114,400,000","-30,380,000","-92,800,000","2,310,000","-157,600,000","0","1,760,000","570,000","-31,475,113.122","-110,760,000","570,000","600,000","-94,500,000","-10,010,000","-27,650,000","0","-85,750,000","-6,396,000","0","0","0","0","0","0","0","0","0","0","-38,850,000","0","-80,500,000","0","0","0","0","0","0","0","0","0","418,410.042","-82,800,000","-1,377,990.431","1,339,899.221","-818,650.59","-2,254,275.301","-88,360,000","2,365,580.183","-2,809,167.303","-6,262,984.724","-1,563,898.917","-5,322,681.759","-8,152,596.006","-3,627,079.108","-4,670,548.926","-745,302.161","-5,094,727.939","0","-4,215,229.563","-1,313,715.455","-9,680,000","2,160,000","-640,000","1,840,000","840,000","-200,000","1,040,000","-760,000","-5,360,000","240,000","24,760,000","-480,000","27,920,000","360,000","-360,000","680,000","0","2,160,000","-27,880,000","2,240,000","1,360,000","2,800,000","40,000","560,000","-2,120,000","-720,000","-880,000","-160,000","-2,080,000","2,160,000","-240,000","920,000","960,000","1,920,000","-160,000","-400,000","-1,160,000","2,360,000","1,760,000","1,200,000","-1,880,000","2,960,000","-160,000","960,000","-1,960,000","280,000","-2,440,000","2,440,000",,,,,,,,,,,,,,,,,