name,ttm,12/31/2021,09/30/2021,06/30/2021,03/31/2021,12/31/2020,09/30/2020,06/30/2020,03/31/2020,12/31/2019,09/30/2019,06/30/2019,03/31/2019,12/31/2018,09/30/2018,06/30/2018,03/31/2018,12/31/2017,09/30/2017,06/30/2017,03/31/2017,12/31/2016,09/30/2016,06/30/2016,03/31/2016,12/31/2015,09/30/2015,06/30/2015,03/31/2015,12/31/2014,09/30/2014,06/30/2014,03/31/2014,12/31/2013,09/30/2013,06/30/2013,03/31/2013,12/31/2012,09/30/2012,06/30/2012,03/31/2012,12/31/2011,09/30/2011,06/30/2011,03/31/2011,12/31/2010,09/30/2010,06/30/2010,03/31/2010,12/31/2009,09/30/2009,06/30/2009,03/31/2009,12/31/2008,09/30/2008,06/30/2008,03/31/2008,12/31/2007,09/30/2007,06/30/2007,03/31/2007,12/31/2006,09/30/2006,06/30/2006,03/31/2006,12/31/2005,09/30/2005,06/30/2005,03/31/2005,12/31/2004,09/30/2004,06/30/2004,03/31/2004,12/31/2003,09/30/2003,06/30/2003,03/31/2003,12/31/2002,09/30/2002,06/30/2002,03/31/2002,12/31/2001,09/30/2001,06/30/2001,03/31/2001,12/31/2000,09/30/2000,06/30/2000,03/31/2000,12/31/1999,09/30/1999,06/30/1999,03/31/1999,12/31/1998,09/30/1998,06/30/1998,03/31/1998,12/31/1997,09/30/1997,06/30/1997,03/31/1997,12/31/1996,09/30/1996,06/30/1996,03/31/1996,12/31/1995,09/30/1995,06/30/1995,03/31/1995,12/31/1994,09/30/1994,06/30/1994,03/31/1994,12/31/1993,09/30/1993,06/30/1993,03/31/1993,12/31/1992,09/30/1992,06/30/1992,03/31/1992,12/31/1991,09/30/1991,06/30/1991,03/31/1991,12/31/1990,09/30/1990,06/30/1990,03/31/1990,12/31/1989,09/30/1989,06/30/1989,03/31/1989,12/31/1988,09/30/1988,06/30/1988,03/31/1988,12/31/1987,09/30/1987,06/30/1987,03/31/1987,12/31/1986,09/30/1986,06/30/1986,03/31/1986,12/31/1985,09/30/1985
TotalRevenue,"93,775,000,000","24,804,000,000","23,338,000,000","23,312,000,000","22,321,000,000","22,475,000,000","21,082,000,000","18,336,000,000","20,691,000,000","20,747,000,000","20,729,000,000","20,562,000,000","20,021,000,000","20,394,000,000","20,348,000,000","20,830,000,000","20,009,000,000","20,195,000,000","19,650,000,000","18,839,000,000","17,766,000,000","18,106,000,000","17,820,000,000","18,482,000,000","17,482,000,000","17,811,000,000","17,102,000,000","17,787,000,000","17,374,000,000","18,254,000,000","18,467,000,000","19,495,000,000","18,115,000,000","18,355,000,000","17,575,000,000","17,877,000,000","17,505,000,000","17,558,000,000","17,052,000,000","16,475,000,000","16,139,000,000","16,255,000,000","16,005,000,000","16,597,000,000","16,173,000,000","15,644,000,000","14,982,000,000","15,330,000,000","15,631,000,000","16,551,000,000","15,081,000,000","15,239,000,000","15,026,000,000","15,182,000,000","15,921,000,000","16,450,000,000","16,194,000,000","15,957,000,000","14,970,000,000","15,131,000,000","15,037,000,000","13,682,000,000","13,287,000,000","13,363,000,000","12,992,000,000","12,610,000,000","12,310,000,000","12,762,000,000","12,832,000,000","12,752,000,000","11,553,000,000","11,484,000,000","11,559,000,000","11,254,000,000","10,455,000,000","10,332,000,000","9,821,000,000","9,403,000,000","9,079,000,000","9,073,000,000","8,743,000,000","8,403,000,000","8,238,000,000","8,342,000,000","7,791,000,000","7,108,000,000","7,204,000,000","7,508,000,000","7,319,000,000","7,230,000,000","6,749,000,000","6,854,000,000","6,638,000,000","6,367,000,000","5,724,000,000","5,783,000,000","5,783,000,000","5,630,000,000","5,586,000,000","5,698,000,000","5,715,000,000","5,502,000,000","5,402,000,000","5,382,000,000","5,334,000,000","4,846,000,000","4,738,000,000","4,762,000,000","4,496,000,000","4,090,000,000","4,038,000,000","3,916,000,000","3,690,000,000","3,531,000,000","3,506,000,000","3,541,000,000","3,560,000,000","3,503,000,000","3,480,000,000","3,413,000,000","3,357,000,000","3,148,000,000","3,119,000,000","3,031,000,000","3,149,000,000","2,700,000,000","2,869,000,000","2,825,000,000","2,838,000,000","2,471,000,000","2,451,000,000","2,390,000,000","2,445,000,000","2,200,000,000","2,199,000,000","2,290,000,000","2,311,000,000","2,028,100,000","1,993,200,000","2,010,000,000","1,980,800,000","1,745,800,000","1,782,300,000","1,732,300,000","1,742,500,000","1,657,600,000","1,602,800,000"
	OperatingRevenue,"93,775,000,000","24,804,000,000","23,338,000,000","23,312,000,000","22,321,000,000","22,475,000,000","21,082,000,000","18,336,000,000","20,691,000,000","20,747,000,000","20,729,000,000","20,562,000,000","20,021,000,000","20,394,000,000","20,348,000,000","20,830,000,000","20,009,000,000","20,195,000,000","19,650,000,000","18,839,000,000","17,766,000,000","18,106,000,000","17,820,000,000","18,482,000,000","17,482,000,000","17,811,000,000","17,102,000,000","17,787,000,000","17,374,000,000","18,254,000,000","18,467,000,000","19,495,000,000","18,115,000,000","18,355,000,000","17,575,000,000","17,877,000,000","17,505,000,000","17,558,000,000","17,052,000,000","16,475,000,000","16,139,000,000","16,255,000,000","16,005,000,000","16,597,000,000","16,173,000,000","15,644,000,000","14,982,000,000","15,330,000,000","15,631,000,000","16,551,000,000","15,081,000,000","15,239,000,000","15,026,000,000","15,182,000,000","15,921,000,000","16,450,000,000","16,194,000,000","15,957,000,000","14,970,000,000","15,131,000,000","15,037,000,000","13,682,000,000","13,287,000,000","13,363,000,000","12,992,000,000","12,610,000,000","12,310,000,000","12,762,000,000","12,832,000,000","12,752,000,000","11,553,000,000","11,484,000,000","11,559,000,000","11,254,000,000","10,455,000,000","10,332,000,000","9,821,000,000","9,403,000,000","9,079,000,000","9,073,000,000","8,743,000,000","8,403,000,000","8,238,000,000","8,342,000,000","7,791,000,000","7,108,000,000","7,204,000,000","7,508,000,000","7,319,000,000","7,230,000,000","6,749,000,000","6,854,000,000","6,638,000,000","6,367,000,000","5,724,000,000","5,783,000,000","5,783,000,000","5,630,000,000","5,586,000,000","5,698,000,000","5,715,000,000","5,502,000,000","5,402,000,000","5,382,000,000","5,334,000,000","4,846,000,000","4,738,000,000","4,762,000,000","4,496,000,000","4,090,000,000","4,038,000,000","3,916,000,000","3,690,000,000","3,531,000,000","3,506,000,000","3,541,000,000","3,560,000,000","3,503,000,000","3,480,000,000","3,413,000,000","3,357,000,000","3,148,000,000","3,119,000,000","3,031,000,000","3,149,000,000","2,700,000,000","2,869,000,000","2,825,000,000","2,838,000,000","2,471,000,000","2,451,000,000","2,390,000,000","2,445,000,000","2,200,000,000","2,199,000,000","2,290,000,000","2,311,000,000","2,028,100,000","1,993,200,000","2,010,000,000","1,980,800,000","1,745,800,000","1,782,300,000","1,732,300,000","1,742,500,000","1,657,600,000","1,602,800,000"
CostOfRevenue,"29,855,000,000","7,955,000,000","7,250,000,000","7,587,000,000","7,063,000,000","7,814,000,000","6,972,000,000","6,579,000,000","7,062,000,000","7,134,000,000","6,867,000,000","6,940,000,000","6,615,000,000","6,961,000,000","6,589,000,000","6,927,000,000","6,614,000,000","7,243,000,000","6,902,000,000","5,823,000,000","5,386,000,000","5,534,000,000","5,486,000,000","5,336,000,000","5,329,000,000","5,673,000,000","5,224,000,000","5,357,000,000","5,282,000,000","5,853,000,000","5,399,000,000","6,039,000,000","5,455,000,000","5,955,000,000","5,344,000,000","5,489,000,000","5,554,000,000","6,003,000,000","5,597,000,000","5,143,000,000","4,915,000,000","5,338,000,000","5,072,000,000","5,172,000,000","4,778,000,000","5,040,000,000","4,594,000,000","4,630,000,000","4,528,000,000","5,312,000,000","4,434,000,000","4,450,000,000","4,251,000,000","4,372,000,000","4,774,000,000","4,751,000,000","4,614,000,000","4,734,000,000","4,274,000,000","4,358,000,000","4,385,000,000","4,007,000,000","3,650,000,000","3,788,000,000","3,612,000,000","3,624,000,000","3,340,000,000","3,508,000,000","3,482,000,000","3,706,000,000","3,187,000,000","3,162,000,000","3,367,000,000","3,508,000,000","2,980,000,000","2,966,000,000","2,722,000,000","2,797,000,000","2,611,000,000","2,582,000,000","2,457,000,000","2,489,000,000","2,385,000,000","2,362,000,000","2,279,000,000","1,853,000,000","1,791,000,000","1,892,000,000","1,810,000,000","1,943,000,000","1,655,000,000","1,770,000,000","1,630,000,000","1,758,000,000","1,465,000,000","1,484,000,000","1,483,000,000","1,682,000,000","1,430,000,000","1,481,000,000","1,492,000,000","1,601,000,000","1,449,000,000","1,484,000,000","1,475,000,000","1,430,000,000","1,343,000,000","1,362,000,000","1,243,000,000","1,275,000,000","1,184,000,000","1,110,000,000","1,006,000,000","1,143,000,000","1,032,000,000","990,000,000","1,005,000,000","1,133,000,000","1,045,700,000","972,000,000","972,000,000","987,000,000","958,000,000","855,000,000","911,000,000","873,000,000","895,000,000","875,000,000","796,000,000","835,000,000","769,000,000",,"730,000,000",,,,,,,,,,,,,,
GrossProfit,"63,920,000,000","16,849,000,000","16,088,000,000","15,725,000,000","15,258,000,000","14,661,000,000","14,110,000,000","11,757,000,000","13,629,000,000","13,613,000,000","13,862,000,000","13,622,000,000","13,406,000,000","13,433,000,000","13,759,000,000","13,903,000,000","13,395,000,000","12,952,000,000","12,748,000,000","13,016,000,000","12,380,000,000","12,572,000,000","12,334,000,000","13,146,000,000","12,153,000,000","12,138,000,000","11,878,000,000","12,430,000,000","12,092,000,000","12,401,000,000","13,068,000,000","13,456,000,000","12,660,000,000","12,400,000,000","12,231,000,000","12,388,000,000","11,951,000,000","11,555,000,000","11,455,000,000","11,332,000,000","11,224,000,000","10,917,000,000","10,933,000,000","11,425,000,000","11,395,000,000","10,604,000,000","10,388,000,000","10,700,000,000","11,103,000,000","11,239,000,000","10,647,000,000","10,789,000,000","10,775,000,000","10,810,000,000","11,147,000,000","11,699,000,000","11,580,000,000","11,223,000,000","10,696,000,000","10,773,000,000","10,652,000,000","9,675,000,000","9,637,000,000","9,575,000,000","9,380,000,000","8,986,000,000","8,970,000,000","9,254,000,000","9,350,000,000","9,046,000,000","8,366,000,000","8,322,000,000","8,192,000,000","7,746,000,000","7,475,000,000","7,366,000,000","7,099,000,000","6,606,000,000","6,468,000,000","6,491,000,000","6,286,000,000","5,914,000,000","5,853,000,000","5,980,000,000","5,512,000,000","5,255,000,000","5,413,000,000","5,616,000,000","5,509,000,000","5,287,000,000","5,094,000,000","5,084,000,000","5,008,000,000","4,609,000,000","4,259,000,000","4,299,000,000","4,300,000,000","3,948,000,000","4,156,000,000","4,217,000,000","4,223,000,000","3,901,000,000","3,953,000,000","3,898,000,000","3,859,000,000","3,416,000,000","3,395,000,000","3,400,000,000","3,253,000,000","2,815,000,000","2,854,000,000","2,806,000,000","2,684,000,000","2,388,000,000","2,474,000,000","2,551,000,000","2,555,000,000","2,370,000,000","2,434,300,000","2,441,000,000","2,385,000,000","2,161,000,000","2,161,000,000","2,176,000,000","2,238,000,000","1,827,000,000","1,974,000,000","1,950,000,000","2,042,000,000","1,636,000,000","1,682,000,000",,"1,715,000,000",,,,,,,,,,,,,,
OperatingExpense,"39,373,000,000","11,874,000,000","9,422,000,000","9,467,000,000","8,610,000,000","10,489,000,000","8,271,000,000","7,700,000,000","7,783,000,000","9,271,000,000","7,973,000,000","8,212,000,000","8,077,000,000","9,215,000,000","8,051,000,000","8,382,000,000","7,667,000,000","9,660,000,000","7,970,000,000","7,547,000,000","6,797,000,000","7,949,000,000","6,950,000,000","7,440,000,000","6,701,000,000","8,755,000,000","7,235,000,000","7,513,000,000","6,746,000,000","8,457,000,000","7,491,000,000","7,486,000,000","7,014,000,000","8,328,000,000","7,356,000,000","7,322,000,000","7,007,000,000","7,992,000,000","7,151,000,000","7,160,000,000","6,660,000,000","7,613,000,000","7,013,000,000","7,097,000,000","6,794,000,000","7,162,000,000","6,366,000,000","6,404,000,000","6,336,000,000","7,842,000,000","6,384,000,000","6,435,000,000","6,126,000,000","7,773,000,000","7,056,000,000","7,403,000,000","6,835,000,000","8,049,000,000","6,733,000,000","6,895,000,000","6,454,000,000","6,742,000,000","6,010,000,000","6,179,000,000","5,627,000,000","6,538,000,000","5,580,000,000","5,681,000,000","5,390,000,000","6,382,000,000","5,052,000,000","4,893,000,000","4,735,000,000","5,543,000,000","4,605,000,000","4,478,000,000","4,189,000,000","4,592,000,000","3,958,000,000","3,949,000,000","3,674,000,000","4,384,000,000","3,793,000,000","3,804,000,000","3,422,000,000","4,108,000,000","3,755,000,000","3,776,000,000","3,677,000,000","4,209,000,000","3,552,000,000","3,439,000,000","3,347,000,000","3,614,000,000","2,955,000,000","2,965,000,000","2,888,000,000","3,111,000,000","2,985,000,000","2,930,000,000","2,896,000,000","3,118,000,000","2,799,000,000","2,723,000,000","2,668,000,000","2,670,000,000","2,514,000,000","2,437,000,000","2,277,000,000","2,263,000,000","2,097,000,000","2,048,000,000","1,944,000,000","1,945,000,000","1,881,000,000","1,876,000,000","1,875,000,000","1,974,000,000","1,843,300,000","1,784,000,000","1,752,000,000","1,751,000,000","1,635,000,000","1,570,000,000","1,616,000,000","1,373,000,000","1,529,000,000","1,371,000,000","1,469,000,000","1,315,000,000","1,255,000,000",,"1,243,000,000",,,,,,,,,,,,,,
	SellingGeneralAndAdministration,"24,659,000,000","7,154,000,000","6,000,000,000","6,073,000,000","5,432,000,000","6,457,000,000","5,431,000,000","4,993,000,000","5,203,000,000","6,039,000,000","5,374,000,000","5,546,000,000","5,219,000,000","5,991,000,000","5,543,000,000","5,743,000,000","5,263,000,000","6,025,000,000","5,396,000,000","5,262,000,000","4,737,000,000","5,309,000,000","4,772,000,000","5,176,000,000","4,688,000,000","5,891,000,000","5,081,000,000","5,384,000,000","4,847,000,000","5,822,000,000","5,468,000,000","5,481,000,000","5,183,000,000","5,917,000,000","5,314,000,000","5,376,000,000","5,223,000,000","5,661,000,000","5,228,000,000","4,965,000,000","5,015,000,000","5,458,000,000","5,240,000,000","5,215,000,000","5,056,000,000","5,180,000,000","4,709,000,000","4,756,000,000","4,779,000,000","5,629,000,000","4,767,000,000","4,797,000,000","4,608,000,000","5,665,000,000","5,195,000,000","5,507,000,000","5,123,000,000","5,721,000,000","4,899,000,000","5,029,000,000","4,802,000,000","4,696,000,000","4,291,000,000","4,351,000,000","4,095,000,000","4,562,000,000","4,078,000,000","4,194,000,000","4,043,000,000","4,655,000,000","3,854,000,000","3,711,000,000","3,640,000,000","4,054,000,000","3,428,000,000","3,396,000,000","3,253,000,000","3,350,000,000","3,006,000,000","3,017,000,000","2,843,000,000","3,280,000,000","2,894,000,000","2,975,000,000","2,721,000,000","2,846,000,000","2,675,000,000","2,745,000,000","2,609,000,000","2,987,000,000","2,564,000,000","2,549,000,000","2,403,000,000","2,542,000,000","2,151,000,000","2,114,000,000","2,100,000,000","2,286,000,000","2,149,000,000","2,142,000,000","2,138,000,000","2,867,000,000","2,533,000,000","2,475,000,000","2,424,000,000","2,417,000,000","2,314,000,000","2,237,000,000","1,720,000,000","1,711,000,000","1,601,000,000","1,558,000,000","1,480,000,000","1,796,000,000","1,725,000,000","1,718,000,000","1,717,000,000","1,841,000,000","1,701,000,000","1,648,000,000","1,608,000,000","1,636,000,000","1,514,000,000","1,441,000,000","1,488,000,000","1,249,000,000","1,412,000,000","1,258,000,000","1,353,000,000","1,209,000,000","1,154,000,000",,"1,133,000,000",,,,,,,,,,,,,,
	ResearchAndDevelopment,"14,714,000,000","4,720,000,000","3,422,000,000","3,394,000,000","3,178,000,000","4,032,000,000","2,840,000,000","2,707,000,000","2,580,000,000","3,232,000,000","2,599,000,000","2,666,000,000","2,858,000,000","3,224,000,000","2,508,000,000","2,639,000,000","2,404,000,000","3,635,000,000","2,574,000,000","2,285,000,000","2,060,000,000","2,640,000,000","2,178,000,000","2,264,000,000","2,013,000,000","2,864,000,000","2,154,000,000","2,129,000,000","1,899,000,000","2,635,000,000","2,023,000,000","2,005,000,000","1,831,000,000","2,411,000,000","2,042,000,000","1,946,000,000","1,784,000,000","2,331,000,000","1,923,000,000","2,195,000,000","1,645,000,000","2,155,000,000","1,773,000,000","1,882,000,000","1,738,000,000","1,982,000,000","1,657,000,000","1,648,000,000","1,557,000,000","2,213,000,000","1,617,000,000","1,638,000,000","1,518,000,000","2,108,000,000","1,861,000,000","1,896,000,000","1,712,000,000","2,328,000,000","1,834,000,000","1,866,000,000","1,652,000,000","2,046,000,000","1,719,000,000","1,828,000,000","1,532,000,000","1,976,000,000","1,502,000,000","1,487,000,000","1,347,000,000","1,727,000,000","1,198,000,000","1,182,000,000","1,095,000,000","1,489,000,000","1,177,000,000","1,082,000,000","936,000,000","1,242,000,000","952,000,000","932,000,000","831,000,000","1,104,000,000","899,000,000","829,000,000","701,000,000","930,000,000","692,000,000","667,000,000","637,000,000","877,000,000","613,000,000","574,000,000","536,000,000","732,000,000","511,000,000","532,000,000","494,000,000","626,000,000","516,000,000","520,000,000","478,000,000",,,,,,,,"353,000,000","360,000,000","316,000,000","313,000,000","289,000,000",,,,,,,,,,,,,,,,,,,,,,,,,,,,,,,,,,
	DepreciationAmortizationDepletionIncomeStatement,,,,,,,,,,,,,,,,,,,,,,,,,,,,,,,,,,,,,,,,,,,,,,,,,,,,,,,,,,,,,,,,,,,,,,,,,,,,,,,,,,,,,,"332,000,000","388,000,000","364,000,000","431,000,000","345,000,000","375,000,000","316,000,000","408,000,000","340,000,000","293,000,000","319,000,000","294,000,000","199,000,000","320,000,000","268,000,000","280,000,000","251,000,000","266,000,000","248,000,000","244,000,000","253,000,000","200,000,000","200,000,000","204,000,000","192,000,000","180,000,000","177,000,000","175,000,000","149,000,000","156,000,000","158,000,000","158,000,000","133,000,000","142,300,000","136,000,000","144,000,000","115,000,000","121,000,000","129,000,000","128,000,000","124,000,000","117,000,000","113,000,000","116,000,000","106,000,000","101,000,000",,"110,000,000",,,,,,,,,,,,,,
		DepreciationAndAmortizationInIncomeStatement,,,,,,,,,,,,,,,,,,,,,,,,,,,,,,,,,,,,,,,,,,,,,,,,,,,,,,,,,,,,,,,,,,,,,,,,,,,,,,,,,,,,,,"332,000,000","388,000,000","364,000,000","431,000,000","345,000,000","375,000,000","316,000,000","408,000,000","340,000,000","293,000,000","319,000,000","294,000,000","199,000,000","320,000,000","268,000,000","280,000,000","251,000,000","266,000,000","248,000,000","244,000,000","253,000,000","200,000,000","200,000,000","204,000,000","192,000,000","180,000,000","177,000,000","175,000,000","149,000,000","156,000,000","158,000,000","158,000,000","133,000,000","142,300,000","136,000,000","144,000,000","115,000,000","121,000,000","129,000,000","128,000,000","124,000,000","117,000,000","113,000,000","116,000,000","106,000,000","101,000,000",,"110,000,000",,,,,,,,,,,,,,
OperatingIncome,"24,547,000,000","4,975,000,000","6,666,000,000","6,258,000,000","6,648,000,000","4,172,000,000","5,839,000,000","4,057,000,000","5,846,000,000","4,342,000,000","5,889,000,000","5,410,000,000","5,329,000,000","4,218,000,000","5,708,000,000","5,521,000,000","5,728,000,000","3,292,000,000","4,778,000,000","5,469,000,000","5,583,000,000","4,623,000,000","5,384,000,000","5,706,000,000","5,452,000,000","3,383,000,000","4,643,000,000","4,917,000,000","5,346,000,000","3,944,000,000","5,577,000,000","5,970,000,000","5,646,000,000","4,072,000,000","4,875,000,000","5,066,000,000","4,944,000,000","3,563,000,000","4,304,000,000","4,172,000,000","4,564,000,000","3,304,000,000","3,920,000,000","4,328,000,000","4,601,000,000","3,442,000,000","4,022,000,000","4,296,000,000","4,767,000,000","3,397,000,000","4,263,000,000","4,354,000,000","4,649,000,000","3,037,000,000","4,091,000,000","4,296,000,000","4,745,000,000","3,174,000,000","3,963,000,000","3,878,000,000","4,198,000,000","2,933,000,000","3,627,000,000","3,396,000,000","3,753,000,000","2,448,000,000","3,390,000,000","3,573,000,000","3,960,000,000","2,664,000,000","3,314,000,000","3,429,000,000","3,457,000,000","2,203,000,000","2,870,000,000","2,888,000,000","2,910,000,000","2,014,000,000","2,510,000,000","2,542,000,000","2,612,000,000","1,530,000,000","2,060,000,000","2,176,000,000","2,090,000,000","1,147,000,000","1,658,000,000","1,840,000,000","1,832,000,000","1,078,000,000","1,542,000,000","1,645,000,000","1,661,000,000","995,000,000","1,304,000,000","1,334,000,000","1,412,000,000","837,000,000","1,171,000,000","1,287,000,000","1,327,000,000","783,000,000","1,154,000,000","1,175,000,000","1,191,000,000","746,000,000","881,000,000","963,000,000","976,000,000","552,000,000","757,000,000","758,000,000","740,000,000","443,000,000","593,000,000","675,000,000","680,000,000","396,000,000","591,000,000","657,000,000","633,000,000","410,000,000","526,000,000","606,000,000","622,000,000","454,000,000","445,000,000","579,000,000","573,000,000","321,000,000","427,000,000","2,390,000,000","472,000,000","-5,396,000,000","2,199,000,000","2,290,000,000","2,311,000,000","-4,774,900,000","1,993,200,000","2,010,000,000","1,980,800,000","-4,273,500,000","1,782,300,000","1,732,300,000","1,742,500,000","-3,923,700,000","1,602,800,000"
NetNonOperatingInterestIncomeExpense,"-130,000,000","-47,000,000","-7,000,000","-28,000,000","-48,000,000","-74,000,000","-32,000,000","-26,000,000","42,000,000","-4,000,000","41,000,000","5,000,000","-3,000,000","-54,000,000","-68,000,000","-127,000,000","-145,000,000","-189,000,000","-155,000,000","-122,000,000","-83,000,000","-84,000,000","-95,000,000","-102,000,000","-77,000,000","-107,000,000","-91,000,000","-107,000,000","-119,000,000","-122,000,000","-112,000,000","-114,000,000","-118,000,000","-116,000,000","-87,000,000","-101,000,000","-104,000,000","-89,000,000","-120,000,000","-129,000,000","-130,000,000","-148,000,000","-117,000,000","-111,000,000","-104,000,000","-114,000,000","-95,000,000","-58,000,000","-81,000,000","-81,000,000","-114,000,000","-85,000,000","-81,000,000",,,,,,,,,,,,,,,,,,,,,,,,,,,,,,,,,,,,,,,,,,,,,,,,,,,,,,,,,,,,,,,,,,,,,,,,,,,,,,,,,,,,,,,,,,,,,,
	InterestIncomeNonOperating,"53,000,000","13,000,000","13,000,000","12,000,000","15,000,000","13,000,000","12,000,000","19,000,000","67,000,000","81,000,000","89,000,000","88,000,000","99,000,000","196,000,000","175,000,000","126,000,000","114,000,000","85,000,000","74,000,000","105,000,000","121,000,000","100,000,000","97,000,000","88,000,000","83,000,000","53,000,000","32,000,000","24,000,000","19,000,000","17,000,000","18,000,000","14,000,000","18,000,000","18,000,000","18,000,000","17,000,000","21,000,000","18,000,000","15,000,000","14,000,000","17,000,000","35,000,000","17,000,000","18,000,000","21,000,000","24,000,000","13,000,000","43,000,000","27,000,000","12,000,000","28,000,000","25,000,000","25,000,000",,,,,,,,,,,,,,,,,,,,,,,,,,,,,,,,,,,,,,,,,,,,,,,,,,,,,,,,,,,,,,,,,,,,,,,,,,,,,,,,,,,,,,,,,,,,,,
	InterestExpenseNonOperating,"183,000,000","60,000,000","20,000,000","40,000,000","63,000,000","87,000,000","44,000,000","45,000,000","25,000,000","85,000,000","48,000,000","83,000,000","102,000,000","250,000,000","243,000,000","253,000,000","259,000,000","274,000,000","229,000,000","227,000,000","204,000,000","184,000,000","192,000,000","190,000,000","160,000,000","160,000,000","123,000,000","131,000,000","138,000,000","139,000,000","130,000,000","128,000,000","136,000,000","134,000,000","105,000,000","118,000,000","125,000,000","107,000,000","135,000,000","143,000,000","147,000,000","183,000,000","134,000,000","129,000,000","125,000,000","138,000,000","108,000,000","101,000,000","108,000,000","93,000,000","142,000,000","110,000,000","106,000,000",,,,,,,,,,,,,,,,,,,,,,,,,,,,,,,,,,,,,,,,,,,,,,,,,,,,,,,,,,,,,,,,,,,,,,,,,,,,,,,,,,,,,,,,,,,,,,
	TotalOtherFinanceCost,"130,000,000","47,000,000",,"28,000,000","48,000,000","74,000,000","32,000,000","26,000,000","-42,000,000","4,000,000","-41,000,000","-5,000,000","3,000,000","54,000,000","68,000,000","127,000,000","145,000,000","189,000,000","155,000,000","122,000,000","83,000,000","84,000,000","95,000,000","102,000,000","77,000,000","107,000,000","91,000,000","107,000,000","119,000,000","122,000,000","112,000,000","114,000,000","118,000,000","116,000,000","87,000,000","101,000,000","104,000,000","89,000,000","120,000,000","129,000,000","130,000,000",,,"111,000,000","104,000,000",,"95,000,000","58,000,000","81,000,000",,,"-85,000,000","81,000,000",,,,,,,,,,,,,,,,,,,,,,,,,,,,,,,,,,,,,,,,,,,,,,,,,,,,,,,,,,,,,,,,,,,,,,,,,,,,,,,,,,,,,,,,,,,,,,
OtherIncomeExpense,"-1,641,000,000","-172,000,000","-2,860,000,000","432,000,000","829,000,000","-2,496,000,000","-1,406,000,000","-91,000,000","621,000,000","-120,000,000","-4,283,000,000","1,626,000,000","-904,000,000","-1,042,000,000","-1,217,000,000","-421,000,000","-102,000,000","-543,000,000","167,000,000","-599,000,000","75,000,000","-215,000,000","-8,000,000","-700,000,000","-81,000,000","482,000,000","-430,000,000","931,000,000","348,000,000","-1,119,000,000","1,345,000,000","-230,000,000","-104,000,000","-1,206,000,000","-1,121,000,000","-172,000,000","-579,000,000","-374,000,000","-589,000,000","-2,008,000,000","611,000,000","-2,838,000,000","308,000,000","-795,000,000","13,000,000","-1,100,000,000","292,000,000","-18,000,000","1,594,000,000","-382,000,000","96,000,000","-6,000,000","75,000,000","497,000,000","224,000,000","95,000,000","18,000,000","-877,000,000","-747,000,000","117,000,000","-579,000,000","-420,000,000","-160,000,000","11,000,000","681,000,000","21,000,000","63,000,000","-265,000,000","33,000,000","-51,000,000","-59,000,000","23,000,000","53,000,000","182,000,000","91,000,000","-825,000,000","19,000,000","-177,000,000","-129,000,000","-144,000,000","-33,000,000","-160,000,000","-19,000,000","-117,000,000","-36,000,000","-113,000,000","13,000,000","-17,000,000","29,000,000","-79,000,000","-50,000,000","-34,000,000","-59,000,000","-818,000,000","39,000,000","63,000,000","50,000,000","-38,000,000","62,000,000","42,000,000","8,000,000","-24,000,000","-63,000,000","-26,000,000","-32,000,000","-125,000,000","23,000,000","6,000,000","-28,000,000","-62,000,000","-32,000,000","28,000,000","22,000,000","-14,000,000","18,000,000","28,000,000","51,000,000","-53,000,000","29,000,000","26,000,000","52,000,000","-56,000,000","26,000,000","9,000,000","24,000,000","-135,000,000","30,000,000","-80,000,000","-82,000,000","-56,000,000","-21,000,000",,"33,000,000",,,,,,,,,,,,,,
	GainOnSaleOfSecurity,,,"100,000,000",,,,,"500,000,000",,,,,,,,,,,,,,,,,,,,,,,,,,,,,,,,,,,,,,,,,,,,,,,,,,,,,,,,,,,,,,,,,,,,,,,,,,,,,,,,,,,,,,,,,,,,,,,,,,,,,,,,,,,,,,,,,,,,,,,,,,,,,,,,,,,,,,,,,,,
	SpecialIncomeCharges,"-1,152,000,000","1,017,000,000","-2,860,000,000","-56,000,000","-53,000,000","1,103,000,000","-1,606,000,000","-667,000,000","-58,000,000","-104,000,000","-69,000,000","-57,000,000","-926,000,000","-64,000,000","-1,214,000,000","-57,000,000","-42,000,000","-552,000,000","-69,000,000","-11,000,000","-85,000,000","-195,000,000","-62,000,000","-143,000,000","-120,000,000","-723,000,000","-10,000,000","0","0","-156,000,000","0","-4,000,000","-18,000,000","-338,000,000","-178,000,000","0","-64,000,000","1,252,000,000","-589,000,000","-2,008,000,000","611,000,000","-2,838,000,000","308,000,000","-795,000,000","13,000,000","-1,100,000,000","292,000,000","-18,000,000","1,594,000,000","-382,000,000","96,000,000","-6,000,000","75,000,000","497,000,000","224,000,000","95,000,000","18,000,000","-877,000,000","-747,000,000","117,000,000","-579,000,000","-420,000,000","-160,000,000","11,000,000","681,000,000","21,000,000","63,000,000","-265,000,000","33,000,000","-51,000,000","-59,000,000","23,000,000","53,000,000","182,000,000","91,000,000","-825,000,000","19,000,000","-177,000,000","-129,000,000","-144,000,000","-33,000,000","-160,000,000","-19,000,000","-117,000,000","-36,000,000","-113,000,000","13,000,000","-17,000,000","29,000,000","-79,000,000","-50,000,000","-34,000,000","-59,000,000","-818,000,000","39,000,000","63,000,000","50,000,000","-38,000,000","62,000,000","42,000,000","8,000,000","-24,000,000","-63,000,000","-26,000,000","-32,000,000","-125,000,000","23,000,000","6,000,000","-28,000,000","-62,000,000","-32,000,000","28,000,000","22,000,000","-14,000,000","18,000,000","28,000,000","51,000,000","-53,000,000","29,000,000","26,000,000","52,000,000","-56,000,000","26,000,000","9,000,000","24,000,000","-135,000,000","30,000,000","-80,000,000","-82,000,000","-56,000,000","-21,000,000",,"33,000,000",,,,,,,,,,,,,,
		RestructuringAndMergernAcquisition,"252,000,000","1,083,000,000","-140,000,000","56,000,000","53,000,000","1,160,000,000","-32,000,000","61,000,000","58,000,000","104,000,000","69,000,000","57,000,000","36,000,000","64,000,000","88,000,000","57,000,000","42,000,000","144,000,000","69,000,000","11,000,000","85,000,000","195,000,000","62,000,000","114,000,000","120,000,000","509,000,000",,,,,,,,,,,,"0",,"0",,,,"589,000,000",,,,,,,,,,,,,,"0","745,000,000",,,,,,,,,,,,,,,,,,,,,,,,,,,,,,,,,,,,,,,,,,,,,,,,,,,,,,,,,,,,,,,,,,,,,,,,,,,,,,,,,,,,,,,,
		OtherSpecialCharges,"900,000,000","-2,100,000,000","3,000,000,000",,,"-2,163,000,000","1,638,000,000","606,000,000",,"0",,,"890,000,000","0","1,126,000,000",,,"408,000,000",,,,"0",,"29,000,000",,"214,000,000","10,000,000",,,"156,000,000",,"4,000,000","18,000,000","338,000,000","178,000,000",,"64,000,000","-1,252,000,000",,"2,008,000,000",,,,"206,000,000",,,,,,,,,,,,,,"877,000,000","2,000,000",,,,,,,,,,,,,,,,,,,,,,,,,,,,,,,,,,,,,,,,,,,,,,,,,,,,,,,,,,,,,,,,,,,,,,,,,,,,,,,,,,,,,,,,
	OtherNonOperatingIncomeExpenses,"-489,000,000","-889,000,000","-100,000,000","488,000,000","882,000,000","-3,399,000,000","200,000,000","76,000,000","679,000,000","-16,000,000","-4,214,000,000","1,683,000,000","22,000,000","-978,000,000","-3,000,000","-364,000,000","-60,000,000","9,000,000","236,000,000","-588,000,000","160,000,000","-20,000,000","54,000,000","-557,000,000","39,000,000","1,205,000,000","-420,000,000","931,000,000","348,000,000","-963,000,000","1,345,000,000","-226,000,000","-86,000,000","-868,000,000","-943,000,000","-172,000,000","-515,000,000","-319,000,000",,,,,,,,,,,,,,,,,,,,,,,,,,,,,,,,,,,,,,,,,,,,,,,,,,,,,,,,,,,,,,,,,,,,,,,,,,,,,,,,,,,,,,,,,,,,,,,,,,,,,,,,,,,,,
PretaxIncome,"22,776,000,000","4,836,000,000","3,849,000,000","6,662,000,000","7,429,000,000","1,647,000,000","4,401,000,000","3,940,000,000","6,509,000,000","4,218,000,000","1,647,000,000","7,041,000,000","4,422,000,000","3,122,000,000","4,423,000,000","4,973,000,000","5,481,000,000","2,560,000,000","4,790,000,000","4,748,000,000","5,575,000,000","4,324,000,000","5,281,000,000","4,904,000,000","5,294,000,000","3,758,000,000","4,122,000,000","5,741,000,000","5,575,000,000","2,703,000,000","6,810,000,000","5,626,000,000","5,424,000,000","2,750,000,000","3,667,000,000","4,793,000,000","4,261,000,000","3,100,000,000","3,595,000,000","2,035,000,000","5,045,000,000","318,000,000","4,111,000,000","3,422,000,000","4,510,000,000","2,228,000,000","4,219,000,000","4,220,000,000","6,280,000,000","2,604,000,000","4,245,000,000","4,263,000,000","4,643,000,000","3,517,000,000","4,290,000,000","4,375,000,000","4,747,000,000","2,332,000,000","3,268,000,000","4,031,000,000","3,652,000,000","2,708,000,000","3,661,000,000","3,603,000,000","4,615,000,000","2,638,000,000","3,554,000,000","3,402,000,000","4,062,000,000","2,625,000,000","3,274,000,000","3,435,000,000","3,504,000,000","2,374,000,000","2,949,000,000","2,056,000,000","2,929,000,000","1,849,000,000","2,393,000,000","2,428,000,000","2,621,000,000","1,444,000,000","2,108,000,000","2,129,000,000","2,140,000,000","1,118,000,000","1,746,000,000","1,866,000,000","1,892,000,000","1,023,000,000","1,511,000,000","1,614,000,000","1,605,000,000","147,000,000","1,317,000,000","1,371,000,000","1,434,000,000","783,000,000","1,197,000,000","1,294,000,000","1,302,000,000","731,000,000","1,059,000,000","1,119,000,000","1,124,000,000","593,000,000","872,000,000","931,000,000","921,000,000","470,000,000","713,000,000","762,000,000","736,000,000","380,000,000","582,000,000","670,000,000","700,000,000","302,000,000","585,000,000","656,000,000","664,000,000","329,000,000","521,000,000","579,000,000","609,000,000","286,000,000","435,000,000","499,000,000","403,000,000","246,000,000","362,000,000",,"467,000,000",,,,,,,,,,,,,,
TaxProvision,"1,898,000,000","100,000,000","182,000,000","384,000,000","1,232,000,000","-91,000,000","847,000,000","314,000,000","713,000,000","208,000,000","-106,000,000","1,434,000,000","673,000,000","80,000,000","489,000,000","1,019,000,000","1,114,000,000","13,273,000,000","1,026,000,000","921,000,000","1,153,000,000","510,000,000","1,009,000,000","907,000,000","1,002,000,000","543,000,000","764,000,000","1,225,000,000","1,255,000,000","182,000,000","2,061,000,000","1,300,000,000","697,000,000","-769,000,000","685,000,000","960,000,000","764,000,000","533,000,000","966,000,000","627,000,000","1,135,000,000","100,000,000","909,000,000","646,000,000","1,034,000,000","286,000,000","802,000,000","771,000,000","1,754,000,000","398,000,000","900,000,000","1,055,000,000","1,136,000,000","803,000,000","980,000,000","1,048,000,000","1,149,000,000","-42,000,000","720,000,000","950,000,000","1,079,000,000","540,000,000","901,000,000","783,000,000","1,310,000,000","455,000,000","929,000,000","726,000,000","1,135,000,000","1,408,000,000","933,000,000","977,000,000","1,011,000,000","529,000,000","877,000,000","846,000,000","859,000,000","465,000,000","668,000,000","774,000,000","787,000,000","339,000,000","579,000,000","647,000,000","640,000,000","227,000,000","482,000,000","535,000,000","578,000,000","238,000,000","412,000,000","459,000,000","477,000,000","64,000,000","356,000,000","366,000,000","424,000,000","153,000,000","342,000,000","385,000,000","393,000,000","175,000,000","309,000,000","328,000,000","334,000,000","128,000,000","249,000,000","270,000,000","267,000,000","92,000,000","188,000,000","203,000,000","192,000,000","45,000,000","128,000,000","175,000,000","197,000,000","30,000,000","160,000,000","192,000,000","200,000,000","55,000,000","158,000,000","173,000,000","191,000,000","54,000,000","121,000,000","146,000,000","159,000,000","43,000,000","97,000,000",,"150,000,000",,,,,,,,,,,,,,
NetIncomeCommonStockholders,"20,878,000,000","4,736,000,000","3,667,000,000","6,278,000,000","6,197,000,000","1,738,000,000","3,554,000,000","3,626,000,000","5,796,000,000","4,010,000,000","1,753,000,000","5,607,000,000","3,749,000,000","3,042,000,000","3,934,000,000","3,954,000,000","4,367,000,000","-10,713,000,000","3,764,000,000","3,827,000,000","4,422,000,000","3,814,000,000","4,272,000,000","3,997,000,000","4,292,000,000","3,215,000,000","3,358,000,000","4,516,000,000","4,320,000,000","2,521,000,000","4,749,000,000","4,326,000,000","4,727,000,000","3,519,000,000","2,982,000,000","3,833,000,000","3,497,000,000","2,567,000,000","2,968,000,000","1,408,000,000","3,910,000,000","218,000,000","3,202,000,000","2,776,000,000","3,476,000,000","1,942,000,000","3,417,000,000","3,449,000,000","4,526,000,000","2,206,000,000","3,345,000,000","3,208,000,000","3,507,000,000","2,714,000,000","3,310,000,000","3,327,000,000","3,598,000,000","2,374,000,000","2,548,000,000","3,081,000,000","2,573,000,000","2,168,000,000","2,760,000,000","2,820,000,000","3,305,000,000","2,183,000,000","2,625,000,000","2,676,000,000","2,927,000,000","1,217,000,000","2,341,000,000","2,458,000,000","2,493,000,000","1,845,000,000","2,072,000,000","1,210,000,000","2,070,000,000","1,384,000,000","1,725,000,000","1,654,000,000","1,834,000,000","1,105,000,000","1,529,000,000","1,482,000,000","1,500,000,000","891,000,000","1,264,000,000","1,331,000,000","1,314,000,000","785,000,000","1,099,000,000","1,155,000,000","1,128,000,000","83,000,000","961,000,000","1,005,000,000","1,010,000,000","630,000,000","855,000,000","909,000,000","909,000,000","556,000,000","750,000,000","791,000,000","790,000,000","465,000,000","623,000,000","661,000,000","654,000,000","378,000,000","525,000,000","559,000,000","544,000,000","335,000,000","454,000,000","495,000,000","503,000,000","-323,000,000","425,000,000","464,000,000","464,000,000","274,000,000","363,000,000","406,000,000","418,000,000","232,000,000","314,000,000","353,000,000","244,000,000","203,000,000","265,000,000",,"317,000,000",,,,,,,,,,,,,,
	NetIncome,"20,878,000,000","4,736,000,000","3,667,000,000","6,278,000,000","6,197,000,000","1,738,000,000","3,554,000,000","3,626,000,000","5,796,000,000","4,010,000,000","1,753,000,000","5,607,000,000","3,749,000,000","3,042,000,000","3,934,000,000","3,954,000,000","4,367,000,000","-10,713,000,000","3,764,000,000","3,827,000,000","4,422,000,000","3,814,000,000","4,272,000,000","3,997,000,000","4,292,000,000","3,215,000,000","3,358,000,000","4,516,000,000","4,320,000,000","2,521,000,000","4,749,000,000","4,326,000,000","4,727,000,000","3,519,000,000","2,982,000,000","3,833,000,000","3,497,000,000","2,567,000,000","2,968,000,000","1,408,000,000","3,910,000,000","218,000,000","3,202,000,000","2,776,000,000","3,476,000,000","1,942,000,000","3,417,000,000","3,449,000,000","4,526,000,000","2,206,000,000","3,345,000,000","3,208,000,000","3,507,000,000","2,714,000,000","3,310,000,000","3,327,000,000","3,598,000,000","2,374,000,000","2,548,000,000","3,081,000,000","2,573,000,000","2,168,000,000","2,760,000,000","2,820,000,000","3,305,000,000","2,183,000,000","2,625,000,000","2,676,000,000","2,927,000,000","1,217,000,000","2,341,000,000","2,458,000,000","2,493,000,000","1,845,000,000","2,072,000,000","1,210,000,000","2,070,000,000","1,384,000,000","1,725,000,000","1,654,000,000","1,834,000,000","1,105,000,000","1,529,000,000","1,482,000,000","1,500,000,000","891,000,000","1,264,000,000","1,331,000,000","1,314,000,000","785,000,000","1,099,000,000","1,155,000,000","1,128,000,000","83,000,000","961,000,000","1,005,000,000","1,010,000,000","630,000,000","855,000,000","909,000,000","909,000,000","556,000,000","750,000,000","791,000,000","790,000,000","465,000,000","623,000,000","661,000,000","654,000,000","378,000,000","525,000,000","559,000,000","544,000,000","335,000,000","454,000,000","495,000,000","503,000,000","-323,000,000","425,000,000","464,000,000","464,000,000","274,000,000","363,000,000","406,000,000","418,000,000","232,000,000","314,000,000","353,000,000","244,000,000","203,000,000","265,000,000",,"317,000,000",,,,,,,,,,,,,,
		NetIncomeIncludingNoncontrollingInterests,"20,878,000,000","4,736,000,000","3,667,000,000","6,278,000,000","6,197,000,000","1,738,000,000","3,554,000,000","3,626,000,000","5,796,000,000","4,010,000,000","1,753,000,000","5,607,000,000","3,749,000,000","3,042,000,000","3,934,000,000","3,954,000,000","4,367,000,000","-10,713,000,000","3,764,000,000","3,827,000,000","4,422,000,000","3,814,000,000","4,272,000,000","3,997,000,000","4,292,000,000","3,215,000,000","3,358,000,000","4,516,000,000","4,320,000,000","2,521,000,000","4,749,000,000","4,326,000,000","4,727,000,000","3,519,000,000","2,982,000,000","3,833,000,000","3,497,000,000","2,567,000,000","2,629,000,000","1,408,000,000","3,910,000,000","218,000,000","3,202,000,000","2,776,000,000","3,476,000,000","1,942,000,000","3,417,000,000","3,449,000,000","4,526,000,000","2,206,000,000","3,345,000,000","3,208,000,000","3,507,000,000","2,714,000,000","3,310,000,000","3,327,000,000","3,598,000,000","2,374,000,000","2,548,000,000","3,081,000,000","2,573,000,000","2,168,000,000","2,760,000,000","2,820,000,000","3,305,000,000","2,183,000,000","2,625,000,000","2,676,000,000","2,927,000,000","1,217,000,000","2,341,000,000","2,458,000,000","2,493,000,000","1,845,000,000","2,072,000,000","1,210,000,000","2,070,000,000","1,384,000,000","1,725,000,000","1,654,000,000","1,834,000,000","1,105,000,000","1,529,000,000","1,482,000,000","1,500,000,000","891,000,000","1,264,000,000","1,331,000,000","1,314,000,000","785,000,000","1,099,000,000","1,155,000,000","1,128,000,000","83,000,000","961,000,000","1,005,000,000","1,010,000,000","630,000,000","855,000,000","909,000,000","909,000,000","556,000,000","750,000,000","791,000,000","790,000,000","465,000,000","623,000,000","661,000,000","654,000,000","378,000,000","525,000,000","559,000,000","544,000,000","335,000,000","454,000,000","495,000,000","503,000,000","-323,000,000","425,000,000","464,000,000","464,000,000","274,000,000","363,000,000","406,000,000","418,000,000","232,000,000","314,000,000","353,000,000","244,000,000","203,000,000","265,000,000","297,000,000","317,000,000","184,000,000","240,000,000","271,000,000","279,000,000","162,700,000","210,400,000","224,400,000","235,500,000","96,500,000","179,700,000","189,800,000","-136,500,000","127,700,000","158,000,000"
			NetIncomeContinuousOperations,"20,878,000,000","4,736,000,000","3,667,000,000","6,278,000,000","6,197,000,000","1,738,000,000","3,554,000,000","3,626,000,000","5,796,000,000","4,010,000,000","1,753,000,000","5,607,000,000","3,749,000,000","3,042,000,000","3,934,000,000","3,954,000,000","4,367,000,000","-10,713,000,000","3,764,000,000","3,827,000,000","4,422,000,000","3,814,000,000","4,272,000,000","3,997,000,000","4,292,000,000","3,215,000,000","3,358,000,000","4,516,000,000","4,320,000,000","2,521,000,000","4,749,000,000","4,326,000,000","4,727,000,000","3,519,000,000","2,982,000,000","3,833,000,000","3,497,000,000","2,567,000,000","2,629,000,000","1,408,000,000","3,910,000,000","218,000,000","3,202,000,000","2,776,000,000","3,476,000,000","1,942,000,000","3,417,000,000","3,449,000,000","4,526,000,000","2,206,000,000","3,345,000,000","3,208,000,000","3,507,000,000","2,714,000,000","3,310,000,000","3,327,000,000","3,598,000,000","2,374,000,000","2,548,000,000","3,081,000,000","2,573,000,000","2,168,000,000","2,760,000,000","2,820,000,000","3,305,000,000","2,183,000,000","2,625,000,000","2,676,000,000","2,927,000,000","1,217,000,000","2,341,000,000","2,458,000,000","2,493,000,000","1,845,000,000","2,072,000,000","1,210,000,000","2,070,000,000","1,384,000,000","1,725,000,000","1,654,000,000","1,834,000,000","1,105,000,000","1,529,000,000","1,482,000,000","1,500,000,000","891,000,000","1,264,000,000","1,331,000,000","1,314,000,000","785,000,000","1,099,000,000","1,155,000,000","1,128,000,000","83,000,000","961,000,000","1,005,000,000","1,010,000,000","630,000,000","855,000,000","909,000,000","909,000,000","556,000,000","750,000,000","791,000,000","790,000,000","465,000,000","623,000,000","661,000,000","654,000,000","378,000,000","525,000,000","559,000,000","544,000,000","335,000,000","454,000,000","495,000,000","503,000,000","272,000,000","425,000,000","464,000,000","464,000,000","274,000,000","363,000,000","406,000,000","418,000,000","232,000,000","314,000,000","353,000,000","244,000,000","203,000,000","265,000,000","297,000,000","317,000,000","184,000,000","240,000,000","271,000,000","279,000,000","162,700,000","210,400,000","224,400,000","235,500,000","96,500,000","179,700,000","189,800,000","-136,500,000","127,700,000","158,000,000"
		MinorityInterests,,,,,,,,,,,,,,,,,,,,,,,,,,,,,,,,,,"0","0",,,"0","339,000,000",,,,,,,,,,,,,,,,,,,,,,,,,,,,,,,,,,,,,,,,,,,,,,,,,,,,,,,,,,,,,,,,,,,,,,,,,,,,,,,,,,,,,,,,,,,,,,,,,,,,,,,,,,,,
DilutedNIAvailtoComStockholders,"20,878,000,000","4,736,000,000","3,667,000,000","6,278,000,000","6,197,000,000","1,738,000,000","3,554,000,000","3,626,000,000","5,796,000,000","4,010,000,000","1,753,000,000","5,607,000,000","3,749,000,000","3,042,000,000","3,934,000,000","3,954,000,000","4,367,000,000","-10,713,000,000","3,764,000,000","3,827,000,000","4,422,000,000","3,814,000,000","4,272,000,000","3,997,000,000","4,292,000,000","3,215,000,000","3,358,000,000","4,516,000,000","4,320,000,000","2,521,000,000","4,749,000,000","4,326,000,000","4,727,000,000","3,519,000,000","2,982,000,000","3,833,000,000","3,497,000,000","2,567,000,000","2,968,000,000","1,408,000,000","3,910,000,000","218,000,000","3,202,000,000","2,776,000,000","3,476,000,000","1,942,000,000","3,417,000,000","3,449,000,000","4,526,000,000","2,206,000,000","3,345,000,000","3,208,000,000","3,507,000,000","2,714,000,000","3,310,000,000","3,327,000,000","3,598,000,000","2,374,000,000","2,548,000,000","3,081,000,000","2,573,000,000","2,168,000,000","2,760,000,000","2,820,000,000","3,305,000,000","2,183,000,000","2,625,000,000","2,676,000,000","2,927,000,000","1,217,000,000","2,341,000,000","2,458,000,000","2,493,000,000","1,845,000,000","2,072,000,000","1,210,000,000","2,070,000,000","1,384,000,000","1,725,000,000","1,654,000,000","1,834,000,000","1,105,000,000","1,529,000,000","1,482,000,000","1,500,000,000","891,000,000","1,264,000,000","1,331,000,000","1,314,000,000","785,000,000","1,099,000,000","1,155,000,000","1,128,000,000","83,000,000","961,000,000","1,005,000,000","1,010,000,000","630,000,000","855,000,000","909,000,000","909,000,000","556,000,000","750,000,000","791,000,000","790,000,000","465,000,000","623,000,000","661,000,000","654,000,000","378,000,000","525,000,000","559,000,000","544,000,000","335,000,000","454,000,000","495,000,000","503,000,000","-323,000,000","425,000,000","464,000,000","464,000,000","274,000,000","363,000,000","406,000,000","418,000,000","232,000,000","314,000,000","353,000,000","244,000,000","203,000,000","265,000,000",,"317,000,000",,,,,,,,,,,,,,
BasicEPS,,"1.799","1.39","2.384","2.354","0.66","1.35","1.377","2.202","1.523","1.837","2.122","1.412","1.12","1.466","1.474","1.628","-3.99","1.402","1.421","1.631","1.402","1.561","1.453","1.556","1.162","1.213","1.631","1.556","0.906","1.694","1.533","1.672","1.248","1.057","1.362","1.248","0.924","1.074","0.513","1.424",,"1.168","1.013","1.268",,"1.241","1.251","1.642",,"1.2","1.15","1.268",,"1.19","1.18","1.27",,"0.88","1.06","0.89",,"0.95","0.96","1.1",,"0.88","0.9","0.98",,"0.79","0.83","0.84",,"0.7","0.41","0.7",,"0.58","0.55","0.6",,"0.5","0.49","0.54",,"0.455","0.475","0.475",,"0.41","0.43","0.42",,"0.355","0.375","0.375",,"0.32","0.34","0.34",,"0.28","0.3","0.295",,"0.24","0.255","0.255",,"0.205","0.215","0.215",,"0.175","0.19","0.195",,"0.165","0.175","0.175",,"0.14","0.155","0.16",,"0.12","0.135","0.095",,"0.1","0.115","0.12",,"0.09","0.1","0.105",,"0.08","0.085","0.085",,"0.065","0.065","-0.05",,"0.055"
DilutedEPS,,"1.77","1.37","2.35","2.32","0.65","1.33","1.36","2.17","1.5","1.81","2.08","1.39","1.12","1.44","1.45","1.6","-3.99","1.37","1.4","1.61","1.38","1.53","1.43","1.54","1.15","1.2","1.61","1.53","0.89","1.66","1.51","1.64","1.23","1.04","1.33","1.22","0.91","1.05","0.5","1.41",,"1.15","1","1.25",,"1.23","1.23","1.62",,"1.2","1.15","1.26",,"1.17","1.17","1.26",,"0.88","1.05","0.88",,"0.94","0.95","1.1",,"0.87","0.89","0.97",,"0.78","0.82","0.83",,"0.69","0.4","0.69",,"0.57","0.54","0.59",,"0.49","0.48","0.53",,"0.445","0.47","0.465",,"0.4","0.42","0.41",,"0.35","0.37","0.365",,"0.315","0.335","0.33",,"0.275","0.29","0.29",,"0.24","0.255","0.25",,"0.205","0.215","0.21",,"0.175","0.19","0.195",,"0.165","0.175","0.175",,"0.14","0.155","0.16",,"0.12","0.135","0.095",,"0.1","0.115","0.12",,"0.09","0.1","0.105",,"0.08","0.085","0.085",,"0.065","0.065","-0.05",,"0.055"
BasicAverageShares,,"2,628,965,000","2,632,600,000","2,631,989,000","2,632,702,000","2,632,512,000","2,632,167,000","2,632,377,000","2,632,392,000","2,632,507,000","2,630,961,000","2,642,065,000","2,655,636,000","2,724,000,000","2,683,155,000","2,682,301,000","2,682,189,000","2,684,900,000","2,684,982,000","2,685,190,000","2,694,909,000","2,706,511,000","2,722,584,000","2,737,654,000","2,751,705,000","2,755,162,000","2,767,281,000","2,768,975,000","2,775,874,000","2,783,223,000","2,804,056,000","2,822,579,000","2,827,641,000","2,820,628,000","2,820,659,000","2,814,188,000","2,803,164,000","2,778,489,000","2,762,558,000","2,750,559,000","2,745,721,000",,"2,732,251,000","2,740,580,000","2,738,454,000",,"2,747,711,000","2,755,400,000","2,757,834,000",,"2,793,000,000","2,782,000,000","2,755,565,766",,"2,790,900,000","2,809,800,000","2,832,300,000",,"2,887,700,000","2,895,100,000","2,894,200,000",,"2,920,000,000","2,954,000,000","2,974,500,000",,"2,974,600,000","2,973,700,000","2,972,100,000",,"2,968,100,000","2,968,200,000","2,967,800,000",,"2,968,000,000","2,967,700,000","2,968,400,000",,"2,974,400,000","3,003,400,000","3,042,000,000",,"3,039,200,000","3,029,300,000","2,787,400,000",,"2,781,200,000","2,781,400,000","2,779,400,000",,"1,344,500,000","1,344,800,000","1,344,900,000",,"2,707,042,254","2,680,000,000","2,693,333,333",,"2,671,875,000","2,673,529,412","2,673,529,412",,"2,678,571,429","2,636,666,667","2,677,966,102",,"2,595,833,333","2,592,156,863","2,572,400,000",,"2,573,200,000","2,573,200,000","2,572,400,000",,"2,594,285,714","2,605,263,158","2,579,487,179",,"2,575,757,576","2,651,428,571","2,651,428,571",,"2,592,857,143","2,619,354,839","2,612,500,000",,"2,616,666,667","2,614,814,815","2,568,421,053",,"2,650,000,000","2,641,666,667","2,641,666,667",,"2,737,168,000","2,753,536,000","2,761,872,000",,"2,762,976,000","2,765,600,000","2,765,600,000",,"2,844,992,000","2,903,552,000","2,925,632,000",,"2,926,912,000"
DilutedAverageShares,,"2,670,200,000","2,674,900,000","2,671,600,000","2,672,700,000","2,669,200,000","2,669,300,000","2,665,500,000","2,671,000,000","2,669,100,000","2,669,900,000","2,691,700,000","2,698,800,000","2,724,000,000","2,727,600,000","2,721,300,000","2,731,900,000","2,684,900,000","2,737,700,000","2,741,500,000","2,754,500,000","2,764,500,000","2,785,400,000","2,794,200,000","2,795,400,000","2,803,300,000","2,807,200,000","2,812,000,000","2,826,000,000","2,845,300,000","2,864,300,000","2,874,200,000","2,874,700,000","2,872,000,000","2,881,200,000","2,893,000,000","2,858,800,000","2,833,400,000","2,818,100,000","2,798,200,000","2,774,900,000",,"2,778,200,000","2,781,300,000","2,772,700,000",,"2,786,400,000","2,796,000,000","2,797,300,000",,"2,793,000,000","2,789,800,000","2,789,800,000",,"2,831,300,000","2,844,800,000","2,866,300,000",,"2,912,900,000","2,922,500,000","2,924,300,000",,"2,948,100,000","2,974,400,000","2,992,700,000",,"3,017,100,000","3,024,700,000","3,023,700,000",,"3,009,000,000","3,005,300,000","3,004,600,000",,"3,008,300,000","3,015,900,000","3,018,500,000",,"3,026,700,000","3,069,300,000","3,115,400,000",,"3,110,900,000","3,110,500,000","2,829,400,000",,"2,830,200,000","2,827,200,000","2,822,000,000",,"1,373,600,000","1,374,800,000","1,373,400,000",,"2,745,714,286","2,716,216,216","2,767,123,288",,"2,714,285,714","2,713,432,836","2,754,545,455",,"2,727,272,727","2,727,586,207","2,724,137,931",,"2,595,833,333","2,592,156,863","2,610,000,000",,"2,606,400,000","2,600,000,000","2,596,800,000",,"2,594,285,714","2,605,263,158","2,579,487,179",,"2,575,757,576","2,651,428,571","2,651,428,571",,"2,592,857,143","2,619,354,839","2,612,500,000",,"2,616,666,667","2,614,814,815","2,568,421,053",,"2,650,000,000","2,641,666,667","2,641,666,667",,"2,737,168,000","2,753,536,000","2,761,872,000",,"2,762,976,000","2,765,600,000","2,765,600,000",,"2,844,992,000","2,903,552,000","2,925,632,000",,"2,926,912,000"
TotalExpenses,"69,228,000,000","19,829,000,000","16,672,000,000","17,054,000,000","15,673,000,000","18,303,000,000","15,243,000,000","14,279,000,000","14,845,000,000","16,405,000,000","14,840,000,000","15,152,000,000","14,692,000,000","16,176,000,000","14,640,000,000","15,309,000,000","14,281,000,000","16,903,000,000","14,872,000,000","13,370,000,000","12,183,000,000","13,483,000,000","12,436,000,000","12,776,000,000","12,030,000,000","14,428,000,000","12,459,000,000","12,870,000,000","12,028,000,000","14,310,000,000","12,890,000,000","13,525,000,000","12,469,000,000","14,283,000,000","12,700,000,000","12,811,000,000","12,561,000,000","13,995,000,000","12,748,000,000","12,303,000,000","11,575,000,000","12,951,000,000","12,085,000,000","12,269,000,000","11,572,000,000","12,202,000,000","10,960,000,000","11,034,000,000","10,864,000,000","13,154,000,000","10,818,000,000","10,885,000,000","10,377,000,000","12,145,000,000","11,830,000,000","12,154,000,000","11,449,000,000","12,783,000,000","11,007,000,000","11,253,000,000","10,839,000,000","10,749,000,000","9,660,000,000","9,967,000,000","9,239,000,000","10,162,000,000","8,920,000,000","9,189,000,000","8,872,000,000","10,088,000,000","8,239,000,000","8,055,000,000","8,102,000,000","9,051,000,000","7,585,000,000","7,444,000,000","6,911,000,000","7,389,000,000","6,569,000,000","6,531,000,000","6,131,000,000","6,873,000,000","6,178,000,000","6,166,000,000","5,701,000,000","5,961,000,000","5,546,000,000","5,668,000,000","5,487,000,000","6,152,000,000","5,207,000,000","5,209,000,000","4,977,000,000","5,372,000,000","4,420,000,000","4,449,000,000","4,371,000,000","4,793,000,000","4,415,000,000","4,411,000,000","4,388,000,000","4,719,000,000","4,248,000,000","4,207,000,000","4,143,000,000","4,100,000,000","3,857,000,000","3,799,000,000","3,520,000,000","3,538,000,000","3,281,000,000","3,158,000,000","2,950,000,000","3,088,000,000","2,913,000,000","2,866,000,000","2,880,000,000","3,107,000,000","2,889,000,000","2,756,000,000","2,724,000,000","2,738,000,000","2,593,000,000","2,425,000,000","2,527,000,000","2,246,000,000","2,424,000,000","2,246,000,000","2,265,000,000","2,150,000,000","2,024,000,000",,"1,973,000,000",,,,,,,,,,,,,,
NetIncomeFromContinuingAndDiscontinuedOperation,"20,878,000,000","4,736,000,000","3,667,000,000","6,278,000,000","6,197,000,000","1,738,000,000","3,554,000,000","3,626,000,000","5,796,000,000","4,010,000,000","1,753,000,000","5,607,000,000","3,749,000,000","3,042,000,000","3,934,000,000","3,954,000,000","4,367,000,000","-10,713,000,000","3,764,000,000","3,827,000,000","4,422,000,000","3,814,000,000","4,272,000,000","3,997,000,000","4,292,000,000","3,215,000,000","3,358,000,000","4,516,000,000","4,320,000,000","2,521,000,000","4,749,000,000","4,326,000,000","4,727,000,000","3,519,000,000","2,982,000,000","3,833,000,000","3,497,000,000","2,567,000,000","2,968,000,000","1,408,000,000","3,910,000,000","218,000,000","3,202,000,000","2,776,000,000","3,476,000,000","1,942,000,000","3,417,000,000","3,449,000,000","4,526,000,000","2,206,000,000","3,345,000,000","3,208,000,000","3,507,000,000","2,714,000,000","3,310,000,000","3,327,000,000","3,598,000,000","2,374,000,000","2,548,000,000","3,081,000,000","2,573,000,000","2,168,000,000","2,760,000,000","2,820,000,000","3,305,000,000","2,183,000,000","2,625,000,000","2,676,000,000","2,927,000,000","1,217,000,000","2,341,000,000","2,458,000,000","2,493,000,000","1,845,000,000","2,072,000,000","1,210,000,000","2,070,000,000","1,384,000,000","1,725,000,000","1,654,000,000","1,834,000,000","1,105,000,000","1,529,000,000","1,482,000,000","1,500,000,000","891,000,000","1,264,000,000","1,331,000,000","1,314,000,000","785,000,000","1,099,000,000","1,155,000,000","1,128,000,000","83,000,000","961,000,000","1,005,000,000","1,010,000,000","630,000,000","855,000,000","909,000,000","909,000,000","556,000,000","750,000,000","791,000,000","790,000,000","465,000,000","623,000,000","661,000,000","654,000,000","378,000,000","525,000,000","559,000,000","544,000,000","335,000,000","454,000,000","495,000,000","503,000,000","272,000,000","425,000,000","464,000,000","464,000,000","274,000,000","363,000,000","406,000,000","418,000,000","232,000,000","314,000,000","353,000,000","244,000,000","203,000,000","265,000,000",,"317,000,000",,,,,,,,,,,,,,
NormalizedIncome,"21,934,384,000","4,033,826,302.73","6,296,493,374.903","6,330,772,140.498","6,241,202,000","1,078,810,000","4,850,915,246.535","3,779,690,862.944","5,847,620,000","4,108,871,503.082","1,803,370,000","5,652,391,137.622","4,534,248,000","3,104,360,025.625","5,013,782,048.383","3,999,320,329.781","4,400,474,000","-10,381,800,000","3,818,220,459.29","3,835,866,259.478","4,489,405,000","3,986,000,462.535","4,322,154,137.474","4,113,551,998.369","4,389,320,000","3,833,532,464.077","3,366,146,530.81","4,516,000,000","4,320,000,000","2,666,496,115.427","4,749,000,000","4,329,075,719.872","4,742,678,000","3,738,700,000","3,126,749,386.419","3,833,000,000","3,549,544,000","1,530,263,225.806","3,398,731,849.791","2,797,318,918.919","3,436,459,861.249","2,163,547,169.811","2,962,103,137.923","3,420,921,098.773","3,465,980,487.805","2,900,797,127.469","3,180,506,992.178","3,463,711,374.408","3,377,203,184.713","2,529,614,439.324","3,269,353,356.89","3,212,515,130.19","3,450,350,204.609","2,330,474,836.508","3,137,170,163.17","3,254,756,571.429","3,584,356,856.962","2,944,050,000","3,130,422,276.622","2,991,573,803.027","2,980,931,818.182","2,504,248,153.619","2,880,622,780.661","2,811,390,507.91","2,817,306,608.884","2,165,622,062.168","2,578,467,923.467","2,884,447,971.781","2,903,220,827.179","1,247,600,000","2,383,186,621.869","2,441,541,775.837","2,455,291,952.055","1,703,555,181.129","2,008,062,394.032","1,705,000,000","2,056,572,208.945","1,516,486,749.594","1,817,989,970.748","1,752,095,551.895","1,857,091,186.57","1,227,437,673.13","1,542,781,309.298","1,563,443,870.362","1,525,233,644.86","981,056,350.626","1,254,588,774.341","1,343,125,937.835","1,293,859,408.034","845,620,723.363","1,135,366,644.606","1,179,330,855.019","1,169,465,420.561","573,800,000","932,542,141.23","958,818,380.744","974,783,821.478","660,574,712.644","810,714,285.714","879,496,136.012","903,414,746.544","574,254,445.964","794,617,563.739","809,378,909.741","812,491,103.203","563,018,549.747","606,567,660.55","656,740,064.447","673,882,736.156","427,863,829.787","548,562,412.342","538,459,317.585","527,739,130.435","347,342,105.263","439,958,762.887","474,313,432.836","466,352,857.143","319,735,099.338","403,931,623.932","445,609,756.098","427,662,650.602","320,638,297.872","344,884,836.852","399,689,119.171","401,527,093.596","341,510,489.51","292,344,827.586","409,593,186.373","293,647,642.68","249,211,382.114","280,372,928.177",,"294,599,571.734",,,,,,,,,,,,,,
InterestIncome,"53,000,000","13,000,000","13,000,000","12,000,000","15,000,000","13,000,000","12,000,000","19,000,000","67,000,000","81,000,000","89,000,000","88,000,000","99,000,000","196,000,000","175,000,000","126,000,000","114,000,000","85,000,000","74,000,000","105,000,000","121,000,000","100,000,000","97,000,000","88,000,000","83,000,000","53,000,000","32,000,000","24,000,000","19,000,000","17,000,000","18,000,000","14,000,000","18,000,000","18,000,000","18,000,000","17,000,000","21,000,000","18,000,000","15,000,000","14,000,000","17,000,000","35,000,000","17,000,000","18,000,000","21,000,000","24,000,000","13,000,000","43,000,000","27,000,000","12,000,000","28,000,000","25,000,000","25,000,000",,,,,,,,,,,,,,,,,,,,,,,,,,,,,,,,,,,,,,,,,,,,,,,,,,,,,,,,,,,,,,,,,,,,,,,,,,,,,,,,,,,,,,,,,,,,,,
InterestExpense,"183,000,000","60,000,000","20,000,000","40,000,000","63,000,000","87,000,000","44,000,000","45,000,000","25,000,000","85,000,000","48,000,000","83,000,000","102,000,000","250,000,000","243,000,000","253,000,000","259,000,000","274,000,000","229,000,000","227,000,000","204,000,000","184,000,000","192,000,000","190,000,000","160,000,000","160,000,000","123,000,000","131,000,000","138,000,000","139,000,000","130,000,000","128,000,000","136,000,000","134,000,000","105,000,000","118,000,000","125,000,000","107,000,000","135,000,000","143,000,000","147,000,000","183,000,000","134,000,000","129,000,000","125,000,000","138,000,000","108,000,000","101,000,000","108,000,000","93,000,000","142,000,000","110,000,000","106,000,000",,,,,,,,,,,,,,,,,,,,,,,,,,,,,,,,,,,,,,,,,,,,,,,,,,,,,,,,,,,,,,,,,,,,,,,,,,,,,,,,,,,,,,,,,,,,,,
NetInterestIncome,"-130,000,000","-47,000,000","-7,000,000","-28,000,000","-48,000,000","-74,000,000","-32,000,000","-26,000,000","42,000,000","-4,000,000","41,000,000","5,000,000","-3,000,000","-54,000,000","-68,000,000","-127,000,000","-145,000,000","-189,000,000","-155,000,000","-122,000,000","-83,000,000","-84,000,000","-95,000,000","-102,000,000","-77,000,000","-107,000,000","-91,000,000","-107,000,000","-119,000,000","-122,000,000","-112,000,000","-114,000,000","-118,000,000","-116,000,000","-87,000,000","-101,000,000","-104,000,000","-89,000,000","-120,000,000","-129,000,000","-130,000,000","-148,000,000","-117,000,000","-111,000,000","-104,000,000","-114,000,000","-95,000,000","-58,000,000","-81,000,000","-81,000,000","-114,000,000","-85,000,000","-81,000,000",,,,,,,,,,,,,,,,,,,,,,,,,,,,,,,,,,,,,,,,,,,,,,,,,,,,,,,,,,,,,,,,,,,,,,,,,,,,,,,,,,,,,,,,,,,,,,
EBIT,"22,959,000,000","4,896,000,000","3,869,000,000","6,702,000,000","7,492,000,000","1,734,000,000","4,445,000,000","3,985,000,000","6,534,000,000","4,303,000,000","1,695,000,000","7,124,000,000","4,524,000,000","3,372,000,000","4,666,000,000","5,226,000,000","5,740,000,000","2,834,000,000","5,019,000,000","4,975,000,000","5,779,000,000","4,508,000,000","5,473,000,000","5,094,000,000","5,454,000,000","3,918,000,000","4,245,000,000","5,872,000,000","5,713,000,000","2,842,000,000","6,940,000,000","5,754,000,000","5,560,000,000","2,884,000,000","3,772,000,000","4,911,000,000","4,386,000,000","3,207,000,000","3,730,000,000","2,178,000,000","5,192,000,000","501,000,000","4,245,000,000","3,551,000,000","4,635,000,000","2,366,000,000","4,327,000,000","4,321,000,000","6,388,000,000","2,697,000,000","4,387,000,000","4,373,000,000","4,749,000,000","4,232,000,000","4,091,000,000","4,296,000,000","4,745,000,000","3,174,000,000","3,963,000,000","3,878,000,000","4,198,000,000","2,933,000,000","3,627,000,000","3,396,000,000","3,753,000,000","2,448,000,000","3,390,000,000","3,573,000,000","3,960,000,000","2,664,000,000","3,314,000,000","3,429,000,000","3,457,000,000","2,203,000,000","2,870,000,000","2,888,000,000","2,910,000,000","2,014,000,000","2,510,000,000","2,542,000,000","2,612,000,000","1,530,000,000","2,060,000,000","2,176,000,000","2,090,000,000","1,147,000,000","1,658,000,000","1,840,000,000","1,832,000,000","1,078,000,000","1,542,000,000","1,645,000,000","1,661,000,000","995,000,000","1,304,000,000","1,334,000,000","1,412,000,000","837,000,000","1,171,000,000","1,287,000,000","1,327,000,000","783,000,000","1,154,000,000","1,175,000,000","1,191,000,000","746,000,000","881,000,000","963,000,000","976,000,000","552,000,000","757,000,000","758,000,000","740,000,000","443,000,000","593,000,000","675,000,000","680,000,000","396,000,000","591,000,000","657,000,000","633,000,000","410,000,000","526,000,000","606,000,000","622,000,000","454,000,000","445,000,000","579,000,000","573,000,000","321,000,000","427,000,000","2,390,000,000","472,000,000","-5,396,000,000","2,199,000,000","2,290,000,000","2,311,000,000","-4,774,900,000","1,993,200,000","2,010,000,000","1,980,800,000","-4,273,500,000","1,782,300,000","1,732,300,000","1,742,500,000","-3,923,700,000","1,602,800,000"
EBITDA,"30,349,000,000"
ReconciledCostOfRevenue,"29,855,000,000","7,955,000,000","7,250,000,000","7,587,000,000","7,063,000,000","7,814,000,000","6,972,000,000","6,579,000,000","7,062,000,000","7,134,000,000","6,867,000,000","6,940,000,000","6,615,000,000","6,961,000,000","6,589,000,000","6,927,000,000","6,614,000,000","7,243,000,000","6,902,000,000","5,823,000,000","5,386,000,000","5,534,000,000","5,486,000,000","5,336,000,000","5,329,000,000","5,673,000,000","5,224,000,000","5,357,000,000","5,282,000,000","5,853,000,000","5,399,000,000","6,039,000,000","5,455,000,000","5,955,000,000","5,344,000,000","5,489,000,000","5,554,000,000","6,003,000,000","5,597,000,000","5,143,000,000","4,915,000,000","5,338,000,000","5,072,000,000","5,172,000,000","4,778,000,000","5,040,000,000","4,594,000,000","4,630,000,000","4,528,000,000","5,312,000,000","4,434,000,000","4,450,000,000","4,251,000,000","4,372,000,000","4,774,000,000","4,751,000,000","4,614,000,000","4,734,000,000","4,274,000,000","4,358,000,000","4,385,000,000","4,007,000,000","3,650,000,000","3,788,000,000","3,612,000,000","3,624,000,000","3,340,000,000","3,508,000,000","3,482,000,000","3,706,000,000","3,187,000,000","3,162,000,000","3,367,000,000","3,508,000,000","2,980,000,000","2,966,000,000","2,722,000,000","2,797,000,000","2,611,000,000","2,582,000,000","2,457,000,000","2,489,000,000","2,385,000,000","2,362,000,000","2,279,000,000","1,853,000,000","1,791,000,000","1,892,000,000","1,810,000,000","1,943,000,000","1,655,000,000","1,770,000,000","1,630,000,000","1,758,000,000","1,465,000,000","1,484,000,000","1,483,000,000","1,682,000,000","1,430,000,000","1,481,000,000","1,492,000,000","1,601,000,000","1,449,000,000","1,484,000,000","1,475,000,000","1,430,000,000","1,343,000,000","1,362,000,000","1,243,000,000","1,275,000,000","1,186,000,000","1,108,000,000","1,006,000,000","1,143,000,000","1,036,000,000","990,000,000","1,005,000,000","1,133,000,000","1,041,000,000","972,000,000","972,000,000","987,000,000","958,000,000","855,000,000","911,000,000","873,000,000","891,000,000","875,000,000","796,000,000","835,000,000","769,000,000",,"730,000,000",,,,,,,,,,,,,,
ReconciledDepreciation,"7,390,000,000","1,843,000,000","1,814,000,000","1,839,000,000","1,894,000,000","1,940,000,000","1,818,000,000","1,726,000,000","1,747,000,000","1,816,000,000","1,727,000,000","1,705,000,000","1,761,000,000","1,735,000,000","1,731,000,000","1,717,000,000","1,746,000,000","1,869,000,000","1,711,000,000","1,150,000,000","912,000,000","1,055,000,000","908,000,000","900,000,000","891,000,000","1,033,000,000","929,000,000","889,000,000","895,000,000","991,000,000","939,000,000","952,000,000","1,013,000,000","1,102,000,000","976,000,000","990,000,000","1,036,000,000","1,036,000,000","1,005,000,000","852,000,000","773,000,000","843,000,000","783,000,000","777,000,000","755,000,000","769,000,000","725,000,000","711,000,000","734,000,000","744,000,000","675,000,000","679,000,000","676,000,000","715,000,000","768,000,000","683,000,000","666,000,000","875,000,000","597,000,000","683,000,000","622,000,000","571,000,000","539,000,000","546,000,000","521,000,000","507,000,000","523,000,000","548,000,000","515,000,000","618,000,000","479,000,000","525,000,000","502,000,000","522,000,000","479,000,000","422,000,000","446,000,000","388,000,000","442,000,000","420,000,000","412,000,000","364,000,000","437,000,000","413,000,000","391,000,000","332,000,000","388,000,000","364,000,000","431,000,000","345,000,000","375,000,000","316,000,000","408,000,000","340,000,000","293,000,000","319,000,000","294,000,000","199,000,000","320,000,000","268,000,000","280,000,000","251,000,000","266,000,000","248,000,000","244,000,000","253,000,000","200,000,000","200,000,000","204,000,000","192,000,000","178,000,000","179,000,000","175,000,000","149,000,000","152,000,000","158,000,000","158,000,000","133,000,000","147,000,000","136,000,000","144,000,000","115,000,000","121,000,000","129,000,000","128,000,000","124,000,000","121,000,000","113,000,000","116,000,000","106,000,000","101,000,000",,"110,000,000",,,,,,,,,,,,,,
NetIncomeFromContinuingOperationNetMinorityInterest,"20,878,000,000","4,736,000,000","3,667,000,000","6,278,000,000","6,197,000,000","1,738,000,000","3,554,000,000","3,626,000,000","5,796,000,000","4,010,000,000","1,753,000,000","5,607,000,000","3,749,000,000","3,042,000,000","3,934,000,000","3,954,000,000","4,367,000,000","-10,713,000,000","3,764,000,000","3,827,000,000","4,422,000,000","3,814,000,000","4,272,000,000","3,997,000,000","4,292,000,000","3,215,000,000","3,358,000,000","4,516,000,000","4,320,000,000","2,521,000,000","4,749,000,000","4,326,000,000","4,727,000,000","3,519,000,000","2,982,000,000","3,833,000,000","3,497,000,000","2,567,000,000","2,968,000,000","1,408,000,000","3,910,000,000","218,000,000","3,202,000,000","2,776,000,000","3,476,000,000","1,942,000,000","3,417,000,000","3,449,000,000","4,526,000,000","2,206,000,000","3,345,000,000","3,208,000,000","3,507,000,000","2,714,000,000","3,310,000,000","3,327,000,000","3,598,000,000","2,374,000,000","2,548,000,000","3,081,000,000","2,573,000,000","2,168,000,000","2,760,000,000","2,820,000,000","3,305,000,000","2,183,000,000","2,625,000,000","2,676,000,000","2,927,000,000","1,217,000,000","2,341,000,000","2,458,000,000","2,493,000,000","1,845,000,000","2,072,000,000","1,210,000,000","2,070,000,000","1,384,000,000","1,725,000,000","1,654,000,000","1,834,000,000","1,105,000,000","1,529,000,000","1,482,000,000","1,500,000,000","891,000,000","1,264,000,000","1,331,000,000","1,314,000,000","785,000,000","1,099,000,000","1,155,000,000","1,128,000,000","83,000,000","961,000,000","1,005,000,000","1,010,000,000","630,000,000","855,000,000","909,000,000","909,000,000","556,000,000","750,000,000","791,000,000","790,000,000","465,000,000","623,000,000","661,000,000","654,000,000","378,000,000","525,000,000","559,000,000","544,000,000","335,000,000","454,000,000","495,000,000","503,000,000","272,000,000","425,000,000","464,000,000","464,000,000","274,000,000","363,000,000","406,000,000","418,000,000","232,000,000","314,000,000","353,000,000","244,000,000","203,000,000","265,000,000",,"317,000,000",,,,,,,,,,,,,,
TotalUnusualItemsExcludingGoodwill,"-1,152,000,000","717,000,000","-2,760,000,000","-56,000,000","-53,000,000","903,000,000","-1,606,000,000","-167,000,000","-58,000,000","-104,000,000","-69,000,000","-57,000,000","-926,000,000","-64,000,000","-1,214,000,000","-57,000,000","-42,000,000","-552,000,000","-69,000,000","-11,000,000","-85,000,000","-195,000,000","-62,000,000","-143,000,000","-120,000,000","-723,000,000","-10,000,000","0","0","-156,000,000","0","-4,000,000","-18,000,000","-338,000,000","-178,000,000","0","-64,000,000","1,252,000,000","-589,000,000","-2,008,000,000","611,000,000","-2,838,000,000","308,000,000","-795,000,000","13,000,000","-1,100,000,000","292,000,000","-18,000,000","1,594,000,000","-382,000,000","96,000,000","-6,000,000","75,000,000","497,000,000","224,000,000","95,000,000","18,000,000","-877,000,000","-747,000,000","117,000,000","-579,000,000","-420,000,000","-160,000,000","11,000,000","681,000,000","21,000,000","63,000,000","-265,000,000","33,000,000","-51,000,000","-59,000,000","23,000,000","53,000,000","182,000,000","91,000,000","-825,000,000","19,000,000","-177,000,000","-129,000,000","-144,000,000","-33,000,000","-160,000,000","-19,000,000","-117,000,000","-36,000,000","-113,000,000","13,000,000","-17,000,000","29,000,000","-79,000,000","-50,000,000","-34,000,000","-59,000,000","-818,000,000","39,000,000","63,000,000","50,000,000","-38,000,000","62,000,000","42,000,000","8,000,000","-24,000,000","-63,000,000","-26,000,000","-32,000,000","-125,000,000","23,000,000","6,000,000","-28,000,000","-62,000,000","-32,000,000","28,000,000","22,000,000","-14,000,000","18,000,000","28,000,000","51,000,000","-53,000,000","29,000,000","26,000,000","52,000,000","-56,000,000","26,000,000","9,000,000","24,000,000","-135,000,000","30,000,000","-80,000,000","-82,000,000","-56,000,000","-21,000,000",,"33,000,000",,,,,,,,,,,,,,
TotalUnusualItems,"-1,152,000,000","717,000,000","-2,760,000,000","-56,000,000","-53,000,000","903,000,000","-1,606,000,000","-167,000,000","-58,000,000","-104,000,000","-69,000,000","-57,000,000","-926,000,000","-64,000,000","-1,214,000,000","-57,000,000","-42,000,000","-552,000,000","-69,000,000","-11,000,000","-85,000,000","-195,000,000","-62,000,000","-143,000,000","-120,000,000","-723,000,000","-10,000,000","0","0","-156,000,000","0","-4,000,000","-18,000,000","-338,000,000","-178,000,000","0","-64,000,000","1,252,000,000","-589,000,000","-2,008,000,000","611,000,000","-2,838,000,000","308,000,000","-795,000,000","13,000,000","-1,100,000,000","292,000,000","-18,000,000","1,594,000,000","-382,000,000","96,000,000","-6,000,000","75,000,000","497,000,000","224,000,000","95,000,000","18,000,000","-877,000,000","-747,000,000","117,000,000","-579,000,000","-420,000,000","-160,000,000","11,000,000","681,000,000","21,000,000","63,000,000","-265,000,000","33,000,000","-51,000,000","-59,000,000","23,000,000","53,000,000","182,000,000","91,000,000","-825,000,000","19,000,000","-177,000,000","-129,000,000","-144,000,000","-33,000,000","-160,000,000","-19,000,000","-117,000,000","-36,000,000","-113,000,000","13,000,000","-17,000,000","29,000,000","-79,000,000","-50,000,000","-34,000,000","-59,000,000","-818,000,000","39,000,000","63,000,000","50,000,000","-38,000,000","62,000,000","42,000,000","8,000,000","-24,000,000","-63,000,000","-26,000,000","-32,000,000","-125,000,000","23,000,000","6,000,000","-28,000,000","-62,000,000","-32,000,000","28,000,000","22,000,000","-14,000,000","18,000,000","28,000,000","51,000,000","-53,000,000","29,000,000","26,000,000","52,000,000","-56,000,000","26,000,000","9,000,000","24,000,000","-135,000,000","30,000,000","-80,000,000","-82,000,000","-56,000,000","-21,000,000",,"33,000,000",,,,,,,,,,,,,,
NormalizedEBITDA,"31,501,000,000","6,022,000,000","8,443,000,000","8,597,000,000","9,439,000,000","2,771,000,000","7,869,000,000","5,878,000,000","8,339,000,000","6,223,000,000","3,491,000,000","8,886,000,000","7,211,000,000","5,171,000,000","7,611,000,000","7,000,000,000","7,528,000,000","5,255,000,000","6,799,000,000","6,136,000,000","6,776,000,000","5,758,000,000","6,443,000,000","6,137,000,000","6,465,000,000","5,674,000,000","5,184,000,000","6,761,000,000","6,608,000,000","3,989,000,000","7,879,000,000","6,710,000,000","6,591,000,000","4,324,000,000","4,926,000,000","5,901,000,000","5,486,000,000","2,991,000,000","5,324,000,000","5,038,000,000","5,354,000,000","4,182,000,000","4,720,000,000","5,123,000,000","5,377,000,000","4,235,000,000","4,760,000,000","5,050,000,000","5,528,000,000","3,823,000,000","4,966,000,000","5,058,000,000","5,350,000,000","4,450,000,000","4,635,000,000","4,884,000,000","5,393,000,000","4,926,000,000","5,307,000,000","4,444,000,000","5,399,000,000","3,924,000,000","4,326,000,000","3,931,000,000","3,593,000,000","2,934,000,000","3,850,000,000","4,386,000,000","4,442,000,000","3,333,000,000","3,852,000,000","3,931,000,000","3,906,000,000","2,543,000,000","3,258,000,000","4,135,000,000","3,337,000,000","2,579,000,000","3,081,000,000","3,106,000,000","3,057,000,000","2,054,000,000","2,516,000,000","2,706,000,000","2,517,000,000","1,592,000,000","2,033,000,000","2,221,000,000","2,234,000,000","1,502,000,000","1,967,000,000","1,995,000,000","2,128,000,000","2,153,000,000","1,558,000,000","1,590,000,000","1,656,000,000","1,074,000,000","1,429,000,000","1,513,000,000","1,599,000,000","1,058,000,000","1,483,000,000","1,449,000,000","1,467,000,000","1,124,000,000","1,058,000,000","1,157,000,000","1,208,000,000","806,000,000","969,000,000","909,000,000","893,000,000","606,000,000","731,000,000","805,000,000","787,000,000","582,000,000","709,000,000","767,000,000","725,000,000","581,000,000","621,000,000","726,000,000","726,000,000","713,000,000","536,000,000","772,000,000","771,000,000","483,000,000","549,000,000","2,390,000,000","549,000,000","-5,396,000,000","2,199,000,000","2,290,000,000","2,311,000,000","-4,774,900,000","1,993,200,000","2,010,000,000","1,980,800,000","-4,273,500,000","1,782,300,000","1,732,300,000","1,742,500,000","-3,923,700,000","1,602,800,000"
TaxRateForCalcs,"0.083","0.021","0.047","0.058","0.166","0.27","0.192","0.08","0.11","0.049","0.27","0.204","0.152","0.026","0.111","0.205","0.203","0.4","0.214","0.194","0.207","0.118","0.191","0.185","0.189","0.144","0.185","0.213","0.225","0.067","0.303","0.231","0.129","0.35","0.187","0.2","0.179","0.172","0.269","0.308","0.225","0.314","0.221","0.189","0.229","0.128","0.19","0.183","0.279","0.153","0.212","0.247","0.245","0.228","0.228","0.24","0.242","0.35","0.22","0.236","0.295","0.199","0.246","0.217","0.284","0.172","0.261","0.213","0.279","0.4","0.285","0.284","0.289","0.223","0.297","0.4","0.293","0.251","0.279","0.319","0.3","0.235","0.275","0.304","0.299","0.203","0.276","0.287","0.305","0.233","0.273","0.284","0.297","0.4","0.27","0.267","0.296","0.195","0.286","0.298","0.302","0.239","0.292","0.293","0.297","0.216","0.286","0.29","0.29","0.196","0.264","0.266","0.261","0.118","0.22","0.261","0.281","0.099","0.274","0.293","0.301","0.167","0.303","0.299","0.314","0.189","0.278","0.293","0.395","0.175","0.268",,"0.321",,,,,,,,,,,,,,
TaxEffectOfUnusualItems,"-95,616,000","14,826,302.73","-130,506,625.097","-3,227,859.502","-8,798,000","243,810,000","-309,084,753.465","-13,309,137.056","-6,380,000","-5,128,496.918","-18,630,000","-11,608,862.378","-140,752,000","-1,639,974.375","-134,217,951.617","-11,679,670.219","-8,526,000","-220,800,000","-14,779,540.71","-2,133,740.522","-17,595,000","-22,999,537.465","-11,845,862.526","-26,448,001.631","-22,680,000","-104,467,535.923","-1,853,469.19","0","0","-10,503,884.573","0","-924,280.128","-2,322,000","-118,300,000","-33,250,613.581","0","-11,456,000","215,263,225.806","-158,268,150.209","-618,681,081.081","137,459,861.249","-892,452,830.189","68,103,137.923","-150,078,901.227","2,980,487.805","-141,202,872.531","55,506,992.178","-3,288,625.592","445,203,184.713","-58,385,560.676","20,353,356.89","-1,484,869.81","18,350,204.609","113,474,836.508","51,170,163.17","22,756,571.429","4,356,856.962","-306,950,000","-164,577,723.378","27,573,803.027","-171,068,181.818","-83,751,846.381","-39,377,219.339","2,390,507.91","193,306,608.884","3,622,062.168","16,467,923.467","-56,552,028.219","9,220,827.179","-20,400,000","-16,813,378.131","6,541,775.837","15,291,952.055","40,555,181.129","27,062,394.032","-330,000,000","5,572,208.945","-44,513,250.406","-36,010,029.252","-45,904,448.105","-9,908,813.43","-37,562,326.87","-5,218,690.702","-35,556,129.638","-10,766,355.14","-22,943,649.374","3,588,774.341","-4,874,062.165","8,859,408.034","-18,379,276.637","-13,633,355.394","-9,669,144.981","-17,534,579.439","-327,200,000","10,542,141.23","16,818,380.744","14,783,821.478","-7,425,287.356","17,714,285.714","12,496,136.012","2,414,746.544","-5,745,554.036","-18,382,436.261","-7,621,090.259","-9,508,896.797","-26,981,450.253","6,567,660.55","1,740,064.447","-8,117,263.844","-12,136,170.213","-8,437,587.658","7,459,317.585","5,739,130.435","-1,657,894.737","3,958,762.887","7,313,432.836","14,352,857.143","-5,264,900.662","7,931,623.932","7,609,756.098","15,662,650.602","-9,361,702.128","7,884,836.852","2,689,119.171","7,527,093.596","-25,489,510.49","8,344,827.586","-23,406,813.627","-32,352,357.32","-9,788,617.886","-5,627,071.823",,"10,599,571.734",,,,,,,,,,,,,,