name,ttm,12/31/2021,09/30/2021,06/30/2021,03/31/2021,12/31/2020,09/30/2020,06/30/2020,03/31/2020,12/31/2019,09/30/2019,06/30/2019,03/31/2019,12/31/2018,09/30/2018,06/30/2018,03/31/2018,12/31/2017,09/30/2017,06/30/2017,03/31/2017,12/31/2016,09/30/2016,06/30/2016,03/31/2016,12/31/2015,09/30/2015,06/30/2015,03/31/2015,12/31/2014,09/30/2014,06/30/2014,03/31/2014,12/31/2013,09/30/2013,06/30/2013,03/31/2013,12/31/2012,09/30/2012,06/30/2012,03/31/2012,12/31/2011,09/30/2011,06/30/2011,03/31/2011,12/31/2010,09/30/2010,06/30/2010,03/31/2010,12/31/2009,09/30/2009,06/30/2009,03/31/2009,12/31/2008,09/30/2008,06/30/2008,03/31/2008,12/31/2007,09/30/2007,06/30/2007,03/31/2007,12/31/2006,09/30/2006,06/30/2006,03/31/2006,12/31/2005,09/30/2005,06/30/2005,03/31/2005,12/31/2004,09/30/2004,06/30/2004,03/31/2004,12/31/2003,09/30/2003,06/30/2003,03/31/2003,12/31/2002,09/30/2002,06/30/2002,03/31/2002,12/31/2001,09/30/2001,06/30/2001,03/31/2001,12/31/2000,09/30/2000,06/30/2000,03/31/2000,12/31/1999,09/30/1999,06/30/1999,03/31/1999,12/31/1998,09/30/1998,06/30/1998,03/31/1998,12/31/1997,09/30/1997,06/30/1997,03/31/1997,12/31/1996,09/30/1996,06/30/1996,03/31/1996,12/31/1995,09/30/1995,06/30/1995,03/31/1995,12/31/1994,09/30/1994,06/30/1994,03/31/1994,12/31/1993,09/30/1993,06/30/1993,03/31/1993,12/31/1992,09/30/1992,06/30/1992,03/31/1992,12/31/1991,09/30/1991,06/30/1991,03/31/1991,12/31/1990,09/30/1990,06/30/1990,03/31/1990,12/31/1989,09/30/1989,06/30/1989,03/31/1989,12/31/1988,09/30/1988,06/30/1988,03/31/1988,12/31/1987,09/30/1987,06/30/1987,03/31/1987,12/31/1986,09/30/1986,06/30/1986,03/31/1986,12/31/1985,09/30/1985
TotalRevenue,"14,181,000,000","3,420,000,000","3,622,000,000","3,555,000,000","3,584,000,000","3,464,000,000","3,429,000,000","3,465,000,000","3,412,000,000","3,223,000,000","3,372,000,000","3,461,000,000","3,522,000,000","3,317,000,000","3,469,000,000","3,360,000,000","3,401,000,000","3,209,000,000","3,273,000,000","3,187,000,000","3,254,000,000","3,097,000,000","3,254,000,000","3,268,000,000","3,395,000,000","3,142,000,000","3,329,000,000","3,498,000,000","3,556,000,000","3,514,000,000","3,639,000,000","3,685,000,000","3,742,000,000","3,501,000,000","3,716,000,000","3,714,000,000","3,861,000,000","3,563,000,000","3,720,000,000","3,474,000,000","3,440,000,000","3,015,000,000","3,312,000,000","3,386,000,000","3,485,000,000","2,860,000,000","3,157,000,000","3,062,000,000","3,318,000,000","2,900,000,000","3,277,000,000","3,229,000,000","3,169,000,000","2,933,000,000","3,288,000,000","3,343,000,000","3,258,000,000","2,794,000,000","3,004,000,000","3,015,000,000","2,963,000,000","2,583,900,000","2,822,400,000","2,773,900,000","2,726,500,000","2,394,300,000","2,623,400,000","2,587,200,000","2,572,300,000","2,390,800,000","2,445,300,000","2,387,300,000","2,390,500,000","2,135,000,000","2,281,600,000","2,247,400,000","2,147,500,000","1,980,700,000","2,136,500,000","2,125,100,000","2,061,800,000","2,213,000,000","2,590,100,000","2,342,900,000","1,707,300,000","1,556,000,000","1,845,700,000","1,801,100,000","1,751,900,000","1,586,100,000","1,868,400,000","1,784,400,000","1,745,300,000","1,599,800,000","1,805,800,000","1,713,500,000","1,642,900,000","1,617,700,000","1,803,800,000","1,719,700,000","1,688,900,000","1,557,700,000","1,681,600,000","1,651,400,000","1,785,900,000","1,662,900,000","1,844,700,000","1,780,100,000","1,716,000,000","1,592,000,000","1,741,900,000","1,616,900,000","1,611,200,000","1,566,200,000","1,669,200,000","1,541,600,000","1,518,400,000","1,420,800,000","1,670,700,000","1,584,000,000","1,515,100,000","1,445,300,000","1,506,300,000","1,413,700,000","1,421,300,000","1,363,400,000","1,351,600,000","1,257,600,000","1,208,800,000","1,088,200,000","1,195,400,000","1,234,000,000","1,134,100,000","1,092,000,000","1,140,300,000","1,086,700,000","1,029,800,000","965,000,000","1,008,900,000","923,100,000","896,000,000","809,300,000","866,200,000","867,200,000","798,000,000","718,000,000","794,900,000"
	OperatingRevenue,"14,181,000,000","3,420,000,000","3,622,000,000","3,555,000,000","3,584,000,000","3,464,000,000","3,429,000,000","3,465,000,000","3,412,000,000","3,223,000,000","3,372,000,000","3,461,000,000","3,522,000,000","3,317,000,000","3,469,000,000","3,360,000,000","3,401,000,000","3,209,000,000","3,273,000,000","3,187,000,000","3,254,000,000","3,097,000,000","3,254,000,000","3,268,000,000","3,395,000,000","3,142,000,000","3,329,000,000","3,498,000,000","3,556,000,000","3,514,000,000","3,639,000,000","3,685,000,000","3,742,000,000","3,501,000,000","3,716,000,000","3,714,000,000","3,861,000,000","3,563,000,000","3,720,000,000","3,474,000,000","3,440,000,000","3,015,000,000","3,312,000,000","3,386,000,000","3,485,000,000","2,860,000,000","3,157,000,000","3,062,000,000","3,318,000,000","2,900,000,000","3,277,000,000","3,229,000,000","3,169,000,000","2,933,000,000","3,288,000,000","3,343,000,000","3,258,000,000","2,794,000,000","3,004,000,000","3,015,000,000","2,963,000,000","2,583,900,000","2,822,400,000","2,773,900,000","2,726,500,000","2,394,300,000","2,623,400,000","2,587,200,000","2,572,300,000","2,390,800,000","2,445,300,000","2,387,300,000","2,390,500,000","2,135,000,000","2,281,600,000","2,247,400,000","2,147,500,000","1,980,700,000","2,136,500,000","2,125,100,000","2,061,800,000","2,213,000,000","2,590,100,000","2,342,900,000","1,707,300,000","1,556,000,000","1,845,700,000","1,801,100,000","1,751,900,000","1,586,100,000","1,868,400,000","1,784,400,000","1,745,300,000","1,599,800,000","1,805,800,000","1,713,500,000","1,642,900,000","1,617,700,000","1,803,800,000","1,719,700,000","1,688,900,000","1,557,700,000","1,681,600,000","1,651,400,000","1,785,900,000","1,662,900,000","1,844,700,000","1,780,100,000","1,716,000,000","1,592,000,000","1,741,900,000","1,616,900,000","1,611,200,000","1,566,200,000","1,669,200,000","1,541,600,000","1,518,400,000","1,420,800,000","1,670,700,000","1,584,000,000","1,515,100,000","1,445,300,000","1,506,300,000","1,413,700,000","1,421,300,000","1,363,400,000","1,351,600,000","1,257,600,000","1,208,800,000","1,088,200,000","1,195,400,000","1,234,000,000","1,134,100,000","1,092,000,000","1,140,300,000","1,086,700,000","1,029,800,000","965,000,000","1,008,900,000","923,100,000","896,000,000","809,300,000","866,200,000","867,200,000","798,000,000","718,000,000","794,900,000"
CostOfRevenue,"9,621,000,000","2,415,000,000","2,457,000,000","2,331,000,000","2,418,000,000","2,279,000,000","2,228,000,000","2,268,000,000","2,268,000,000","2,135,000,000","2,372,000,000","2,275,000,000","2,415,000,000","2,228,000,000","2,293,000,000","2,151,000,000","2,149,000,000","1,888,000,000","2,041,000,000","1,922,000,000","2,050,000,000","2,121,000,000","1,990,000,000","1,998,000,000","2,150,000,000","2,180,000,000","2,096,000,000","2,257,000,000","2,311,000,000","2,658,000,000","2,347,000,000","2,274,000,000","2,238,000,000","1,718,000,000","2,266,000,000","2,237,000,000","2,468,000,000","2,356,000,000","2,278,000,000","2,060,000,000","2,069,000,000","1,781,000,000","1,962,000,000","1,943,000,000","2,064,000,000","1,670,000,000","1,788,000,000","1,757,000,000","1,893,000,000","1,655,000,000","1,837,000,000","1,825,000,000","1,867,000,000","1,777,000,000","1,885,000,000","1,899,000,000","1,894,000,000","1,598,000,000","1,662,000,000","1,638,000,000","1,699,000,000","1,464,200,000","1,549,100,000","1,538,400,000","1,529,800,000","1,349,200,000","1,437,400,000","1,388,600,000","1,436,400,000","1,317,000,000","1,319,100,000","1,307,100,000","1,355,500,000","1,188,100,000","1,247,600,000","1,232,100,000","1,231,100,000","1,066,900,000","1,163,400,000","1,161,500,000","1,177,200,000","1,022,500,000","1,180,700,000","1,101,500,000","823,800,000","982,200,000","801,600,000","775,200,000","768,000,000","693,900,000","809,100,000","765,700,000","768,400,000","739,500,000","799,400,000","751,600,000","714,500,000","694,300,000","790,400,000","738,500,000","759,600,000","675,300,000","756,500,000","713,000,000","726,600,000","699,700,000","767,200,000","749,900,000","702,100,000","477,700,000","756,200,000","728,700,000","732,000,000","654,600,000","710,700,000","693,700,000","660,200,000","681,000,000","731,100,000","682,000,000","662,100,000","660,300,000","677,300,000","626,400,000","642,500,000","662,500,000","631,200,000","607,500,000","578,400,000","567,100,000","571,900,000","567,700,000","543,900,000",,,,,,,,,,,,,,
GrossProfit,"4,560,000,000","1,005,000,000","1,165,000,000","1,224,000,000","1,166,000,000","1,185,000,000","1,201,000,000","1,197,000,000","1,144,000,000","1,088,000,000","1,000,000,000","1,186,000,000","1,107,000,000","1,089,000,000","1,176,000,000","1,209,000,000","1,252,000,000","1,321,000,000","1,232,000,000","1,265,000,000","1,204,000,000","976,000,000","1,264,000,000","1,270,000,000","1,245,000,000","962,000,000","1,233,000,000","1,241,000,000","1,245,000,000","856,000,000","1,292,000,000","1,411,000,000","1,504,000,000","1,783,000,000","1,450,000,000","1,477,000,000","1,393,000,000","1,207,000,000","1,442,000,000","1,414,000,000","1,371,000,000","1,234,000,000","1,350,000,000","1,443,000,000","1,421,000,000","1,190,000,000","1,369,000,000","1,305,000,000","1,425,000,000","1,245,000,000","1,440,000,000","1,404,000,000","1,302,000,000","1,156,000,000","1,403,000,000","1,444,000,000","1,364,000,000","1,196,000,000","1,342,000,000","1,377,000,000","1,264,000,000","1,119,700,000","1,273,300,000","1,235,500,000","1,196,700,000","1,045,100,000","1,186,000,000","1,198,600,000","1,135,900,000","1,073,800,000","1,126,200,000","1,080,200,000","1,035,000,000","946,900,000","1,034,000,000","1,015,300,000","916,400,000","913,800,000","973,100,000","963,600,000","884,600,000","1,190,500,000","1,409,400,000","1,241,400,000","883,500,000","573,800,000","1,044,100,000","1,025,900,000","983,900,000","892,200,000","1,059,300,000","1,018,700,000","976,900,000","860,300,000","1,006,400,000","961,900,000","928,400,000","923,400,000","1,013,400,000","981,200,000","929,300,000","882,400,000","925,100,000","938,400,000","1,059,300,000","963,200,000","1,077,500,000","1,030,200,000","1,013,900,000","1,114,300,000","985,700,000","888,200,000","879,200,000","911,600,000","958,500,000","847,900,000","858,200,000","739,800,000","939,600,000","902,000,000","853,000,000","785,000,000","829,000,000","787,300,000","778,800,000","700,900,000","720,400,000","650,100,000","630,400,000","521,100,000","623,500,000","666,300,000","590,200,000",,,,,,,,,,,,,,
OperatingExpense,"2,808,000,000","676,000,000","718,000,000","720,000,000","694,000,000","800,000,000","790,000,000","691,000,000","685,000,000","728,000,000","737,000,000","789,000,000","726,000,000","763,000,000","780,000,000","735,000,000","742,000,000","652,000,000","768,000,000","812,000,000","844,000,000","878,000,000","854,000,000","821,000,000","807,000,000","1,001,000,000","899,000,000","829,000,000","861,000,000","1,278,000,000","927,000,000","944,000,000","890,000,000","523,000,000","946,000,000","907,000,000","890,000,000","1,144,000,000","963,000,000","929,000,000","836,000,000","837,000,000","886,000,000","900,000,000","849,000,000","861,000,000","828,000,000","822,000,000","788,000,000","893,000,000","873,000,000","851,000,000","773,000,000","811,000,000","870,000,000","914,000,000","819,000,000","837,000,000","850,000,000","859,000,000","765,000,000","775,200,000","785,700,000","774,300,000","724,200,000","700,800,000","720,300,000","726,100,000","668,100,000","708,100,000","669,400,000","641,800,000","614,800,000","595,100,000","603,200,000","601,200,000","569,000,000","520,000,000","558,300,000","591,200,000","557,500,000","893,100,000","1,062,400,000","940,100,000","628,000,000","370,700,000","736,000,000","746,000,000","698,700,000","646,500,000","762,400,000","747,400,000","717,400,000","684,600,000","760,500,000","717,300,000","629,600,000","655,400,000","656,800,000","689,800,000","652,100,000","606,700,000","621,800,000","770,700,000","711,000,000","686,900,000","701,700,000","745,800,000","691,100,000","871,000,000","626,600,000","627,100,000","580,100,000","673,200,000","622,600,000","624,300,000","587,200,000","547,700,000","617,800,000","633,700,000","572,400,000","584,300,000","549,500,000","526,400,000","492,000,000","491,500,000","443,100,000","429,400,000","451,800,000","408,700,000","414,700,000","438,800,000","406,400,000",,,,,,,,,,,,,,
	SellingGeneralAndAdministration,"2,808,000,000","676,000,000","718,000,000","720,000,000","694,000,000","800,000,000","790,000,000","691,000,000","685,000,000","728,000,000","737,000,000","789,000,000","726,000,000","763,000,000","780,000,000","735,000,000","742,000,000","652,000,000","768,000,000","812,000,000","844,000,000","878,000,000","854,000,000","821,000,000","807,000,000","1,001,000,000","899,000,000","829,000,000","861,000,000","1,278,000,000","927,000,000","944,000,000","890,000,000","523,000,000","946,000,000","907,000,000","890,000,000","1,144,000,000","963,000,000","929,000,000","836,000,000","837,000,000","886,000,000","900,000,000","849,000,000","861,000,000","828,000,000","822,000,000","788,000,000","893,000,000","873,000,000","851,000,000","773,000,000","811,000,000","870,000,000","914,000,000","819,000,000","837,000,000","850,000,000","859,000,000","765,000,000","775,200,000","785,700,000","774,300,000","724,200,000","700,800,000","720,300,000","726,100,000","668,100,000","708,100,000","669,400,000","641,800,000","614,800,000","595,100,000","603,200,000","601,200,000","569,000,000","520,000,000","558,300,000","591,200,000","557,500,000","893,100,000","1,062,400,000","940,100,000","628,000,000","588,000,000","661,900,000","671,700,000","629,800,000","573,700,000","687,800,000","674,800,000","649,400,000","611,400,000","691,000,000","649,300,000","562,300,000","577,800,000","587,800,000","617,500,000","583,700,000","540,700,000","562,300,000","708,500,000","647,200,000","633,500,000","633,300,000","676,000,000","623,900,000","614,900,000","626,600,000","627,100,000","580,100,000","591,600,000","561,400,000","562,100,000","522,400,000","490,100,000","558,000,000","576,200,000","515,800,000","525,500,000","494,900,000","473,300,000","436,300,000","434,400,000","395,400,000","382,800,000","406,200,000","360,800,000","374,800,000","400,300,000","369,500,000",,,,,,,,,,,,,,
	DepreciationAmortizationDepletionIncomeStatement,,,,,,,,,,,,,,,,,,,,,,,,,,,,,,,,,,,,,,,,,,,,,,,,,,,,,,,,,,,,,,,,,,,,,,,,,,,,,,,,,,,,,,,"74,100,000","74,300,000","68,900,000","72,800,000","74,600,000","72,600,000","68,000,000","73,200,000","69,500,000","68,000,000","67,300,000","77,600,000","69,000,000","72,300,000","68,400,000","66,000,000","59,500,000","62,200,000","63,800,000","53,400,000","68,400,000","69,800,000","67,200,000",,,,,"81,600,000","61,200,000","62,200,000","64,800,000","57,600,000","59,800,000","57,500,000","56,600,000","58,800,000","54,600,000","53,100,000","55,700,000","57,100,000","47,700,000","46,600,000","45,600,000","47,900,000","39,900,000","38,500,000","36,900,000",,,,,,,,,,,,,,
		DepreciationAndAmortizationInIncomeStatement,,,,,,,,,,,,,,,,,,,,,,,,,,,,,,,,,,,,,,,,,,,,,,,,,,,,,,,,,,,,,,,,,,,,,,,,,,,,,,,,,,,,,,,"74,100,000","74,300,000","68,900,000","72,800,000","74,600,000","72,600,000","68,000,000","73,200,000","69,500,000","68,000,000","67,300,000","77,600,000","69,000,000","72,300,000","68,400,000","66,000,000","59,500,000","62,200,000","63,800,000","53,400,000","68,400,000","69,800,000","67,200,000",,,,,"81,600,000","61,200,000","62,200,000","64,800,000","57,600,000","59,800,000","57,500,000","56,600,000","58,800,000","54,600,000","53,100,000","55,700,000","57,100,000","47,700,000","46,600,000","45,600,000","47,900,000","39,900,000","38,500,000","36,900,000",,,,,,,,,,,,,,
OperatingIncome,"1,752,000,000","329,000,000","447,000,000","504,000,000","472,000,000","385,000,000","411,000,000","506,000,000","459,000,000","360,000,000","263,000,000","397,000,000","381,000,000","326,000,000","396,000,000","474,000,000","510,000,000","669,000,000","464,000,000","453,000,000","360,000,000","98,000,000","410,000,000","449,000,000","438,000,000","-39,000,000","334,000,000","412,000,000","384,000,000","-422,000,000","365,000,000","467,000,000","614,000,000","1,260,000,000","504,000,000","570,000,000","503,000,000","63,000,000","479,000,000","485,000,000","535,000,000","397,000,000","464,000,000","543,000,000","572,000,000","329,000,000","541,000,000","483,000,000","637,000,000","352,000,000","567,000,000","553,000,000","529,000,000","345,000,000","533,000,000","530,000,000","545,000,000","359,000,000","492,000,000","518,000,000","499,000,000","344,500,000","487,600,000","461,200,000","472,500,000","344,300,000","465,700,000","472,500,000","467,800,000","365,700,000","456,800,000","438,400,000","420,200,000","351,800,000","430,800,000","414,100,000","347,400,000","393,800,000","414,800,000","372,400,000","327,100,000","297,400,000","347,000,000","301,300,000","255,500,000","203,100,000","308,100,000","279,900,000","285,200,000","245,700,000","296,900,000","271,300,000","259,500,000","175,700,000","245,900,000","244,600,000","298,800,000","268,000,000","356,600,000","291,400,000","277,200,000","275,700,000","303,300,000","167,700,000","348,300,000","276,300,000","375,800,000","284,400,000","322,800,000","243,300,000","359,100,000","261,100,000","299,100,000","238,400,000","335,900,000","223,600,000","271,000,000","192,100,000","321,800,000","268,300,000","280,600,000","200,700,000","279,500,000","260,900,000","286,800,000","209,400,000","277,300,000","220,700,000","178,600,000","112,400,000","208,800,000","227,500,000","183,800,000","-2,462,700,000","1,140,300,000","1,086,700,000","1,029,800,000","-2,136,800,000","1,008,900,000","923,100,000","896,000,000","-1,884,000,000","866,200,000","867,200,000","798,000,000","-1,653,700,000","794,900,000"
NetNonOperatingInterestIncomeExpense,"-223,000,000","-51,000,000","-55,000,000","-58,000,000","-59,000,000","-85,000,000","-63,000,000","-69,000,000","-64,000,000","-63,000,000","-72,000,000","-75,000,000","-74,000,000","-74,000,000","-72,000,000","-72,000,000","-69,000,000","-68,000,000","-64,000,000","-63,000,000","-61,000,000","-63,000,000","-58,000,000","-68,000,000","-217,000,000","-59,000,000","-56,000,000","-58,000,000","-54,000,000","-53,000,000","-54,000,000","-50,000,000","-52,000,000","-58,000,000","-56,000,000","-61,000,000","-60,000,000","-66,000,000","-73,000,000","-89,000,000","-33,000,000","-55,000,000","-58,000,000","-53,000,000","-67,000,000","-60,000,000","-62,000,000","-61,000,000","-65,000,000","-96,000,000","-65,000,000","-67,000,000","-67,000,000",,,,"-82,000,000",,,,,,,,,,,,,,,,,,,,,,,,,,,,,,,,,,,,,,,,,,,,,,,,,,,,,,,,,,,,,,,,,,,,,,,,,,,,,,,,,,,,,,,,,,
	InterestExpenseNonOperating,"223,000,000","51,000,000","55,000,000","58,000,000","59,000,000","85,000,000","63,000,000","69,000,000","64,000,000","63,000,000","72,000,000","75,000,000","74,000,000","74,000,000","72,000,000","72,000,000","69,000,000","68,000,000","64,000,000","63,000,000","61,000,000","63,000,000","58,000,000","68,000,000","217,000,000","59,000,000","56,000,000","58,000,000","54,000,000","53,000,000","54,000,000","50,000,000","52,000,000","58,000,000","56,000,000","61,000,000","60,000,000","66,000,000","73,000,000","89,000,000","33,000,000","55,000,000","58,000,000","53,000,000","67,000,000","60,000,000","62,000,000","61,000,000","65,000,000","96,000,000","65,000,000","67,000,000","67,000,000",,,,"82,000,000",,,,,,,,,,,,,,,,,,,,,,,,,,,,,,,,,,,,,,,,,,,,,,,,,,,,,,,,,,,,,,,,,,,,,,,,,,,,,,,,,,,,,,,,,,
OtherIncomeExpense,"437,000,000","282,000,000",,"86,000,000","69,000,000","-30,000,000","70,000,000","30,000,000","51,000,000","-59,000,000","150,000,000","45,000,000","52,000,000","-359,000,000","130,000,000","69,000,000","70,000,000","-11,000,000","-2,000,000","-6,000,000","3,000,000","-69,000,000","3,000,000","4,000,000",,"-13,000,000","-6,000,000","-46,000,000","-26,000,000","-4,000,000","1,000,000","3,000,000","10,000,000","12,000,000","4,000,000","-5,000,000","-7,000,000","-7,000,000","11,000,000","7,000,000","13,000,000","-1,000,000","-9,000,000","-1,000,000",,,"1,000,000","7,000,000","1,000,000","-21,000,000","-10,000,000","9,000,000",,"-6,000,000","13,000,000","-8,000,000","-11,000,000","-7,000,000","3,000,000",,"2,000,000","1,400,000","1,700,000","4,000,000","5,100,000","-5,700,000","-5,700,000","3,900,000","-17,400,000","3,200,000","-3,500,000","-5,000,000","-1,300,000","-5,400,000","7,600,000","-6,100,000","700,000","2,900,000","8,100,000","2,000,000","14,400,000","8,600,000","1,100,000","-8,900,000","-46,400,000","-57,600,000","200,000","-12,900,000","-800,000","-59,600,000","-315,300,000","-3,500,000","-39,500,000","-68,800,000","-100,000","4,500,000","400,000","-158,000,000","-12,400,000","-10,200,000","200,000","-107,200,000","-27,400,000","-25,800,000","-9,100,000","-369,700,000","5,500,000","-47,100,000","10,600,000","8,000,000","800,000","-4,100,000","8,100,000","-4,300,000","-3,800,000","100,000","6,500,000","-3,500,000","3,700,000","1,300,000","35,300,000","5,600,000","7,300,000","1,500,000","200,000","-13,900,000","6,300,000","4,700,000","-2,200,000","-3,700,000","-11,800,000","-2,100,000","400,000",,,,,,,,,,,,,,
	EarningsFromEquityInterest,,,,,,,,,,,,,,,,,,,,,,,,,,,,,,,,,,,,,,,,,,,,,,,,,,,,,,,,,,,,,,"-500,000","-200,000","-300,000",,,,,,,,,,,,,,,,,,,,,,,,,,,,,,,,,,,,,,,,,,,,,,,,,,,,,,,,,,,,,,,,,,,,,,,,,,,,,,,,,,,
	SpecialIncomeCharges,,,,,,,,,,,,,,,,,,,,,,,,,,,,,,,,,,,,,,,,,,,"-9,000,000","-1,000,000","0",,"1,000,000","7,000,000","1,000,000","-21,000,000","-10,000,000","9,000,000","0",,"13,000,000","-8,000,000",,"-7,000,000","3,000,000",,"2,000,000","1,900,000","1,900,000","4,300,000","5,100,000","-5,700,000","-5,700,000","3,900,000","-17,400,000","3,200,000","-3,500,000","-5,000,000","-1,300,000","-5,400,000","7,600,000","-6,100,000","700,000","2,900,000","8,100,000","2,000,000","14,400,000","8,600,000","1,100,000","-8,900,000","-46,400,000","-57,600,000","200,000","-12,900,000","-800,000","-59,600,000","-315,300,000","-3,500,000","-39,500,000","-68,800,000","-100,000","4,500,000","400,000","-158,000,000","-12,400,000","-10,200,000","200,000","-107,200,000","-27,400,000","-25,800,000","-9,100,000","-369,700,000","5,500,000","-47,100,000","10,600,000","8,000,000","800,000","-4,100,000","8,100,000","-4,300,000","-3,800,000","100,000","6,500,000","-3,500,000","3,700,000","1,300,000","35,300,000","5,600,000","7,300,000","1,500,000","200,000","-13,900,000","6,300,000","4,700,000","-2,200,000","-3,700,000","-11,800,000","-2,100,000","400,000",,,,,,,,,,,,,,
		RestructuringAndMergernAcquisition,,,,,,,,,,,,,,,,,,,,,,,,,,,,,,,,,,,,,,,,,,,,,,,,,,,,,,,,,,,,,,,,,,,,,,,,,,,,,,,,,,"-15,000,000",,,"48,300,000",,,,,,,,,,,,,,,,,,,,,,,,,,,,,,,,,,,,,,,,,,,,,,,,,,,,,,,,,,,,,,
		OtherSpecialCharges,,,,,,,,,,,,,,,,,,,,,,,,,,,,,,,,,,,,,,,,,,,,,,,,,,,,,,,,,,,,,,,,,,,,,,,,,,,,,,,,,,"6,400,000",,,"-1,900,000",,,,,,,,,,,,,,,,,,,,,,,,,,,,,,,,,,,,,,,,,,,,,,,,,,,,,,,,,,,,,,
	OtherNonOperatingIncomeExpenses,"437,000,000","282,000,000",,"86,000,000","69,000,000","-30,000,000","70,000,000","30,000,000","51,000,000","-59,000,000","150,000,000","45,000,000","52,000,000","-359,000,000","130,000,000","69,000,000","70,000,000","-11,000,000","-2,000,000","-6,000,000","3,000,000","-69,000,000","3,000,000","4,000,000",,"-13,000,000","-6,000,000","-46,000,000","-26,000,000","-4,000,000","1,000,000","3,000,000","10,000,000","12,000,000","4,000,000","-5,000,000","-7,000,000","-7,000,000","11,000,000","7,000,000","13,000,000","-1,000,000",,,,,"1,000,000","7,000,000","1,000,000",,,,,,,,"-11,000,000",,,,,,,,,,,,,,,,,,,,,,,,,,,,,,,,,,,,,,,,,,,,,,,,,,,,,,,,,,,,,,,,,,,,,,,,,,,,,,,,,,,,,,,,,,
PretaxIncome,"1,966,000,000","560,000,000","392,000,000","532,000,000","482,000,000","270,000,000","418,000,000","467,000,000","446,000,000","238,000,000","341,000,000","367,000,000","359,000,000","-107,000,000","454,000,000","471,000,000","511,000,000","590,000,000","398,000,000","384,000,000","302,000,000","-34,000,000","355,000,000","385,000,000","221,000,000","-111,000,000","272,000,000","308,000,000","304,000,000","-479,000,000","312,000,000","420,000,000","572,000,000","1,214,000,000","452,000,000","504,000,000","436,000,000","-10,000,000","417,000,000","403,000,000","515,000,000","341,000,000","397,000,000","489,000,000","505,000,000","260,000,000","480,000,000","429,000,000","573,000,000","235,000,000","492,000,000","495,000,000","462,000,000","261,000,000","475,000,000","445,000,000","452,000,000","266,000,000","416,000,000","442,000,000","423,000,000","266,500,000","413,700,000","388,300,000","403,100,000","271,400,000","392,000,000","387,200,000","374,500,000","290,800,000","377,100,000","357,300,000","340,700,000","243,500,000","351,400,000","318,500,000","256,100,000","302,700,000","320,700,000","277,500,000","243,400,000","206,300,000","243,900,000","185,500,000","168,400,000","110,400,000","271,900,000","232,800,000","252,600,000","154,800,000","-47,900,000","238,800,000","191,000,000","77,500,000","215,300,000","220,100,000","270,100,000","81,800,000","316,500,000","254,200,000","252,000,000","149,500,000","259,100,000","125,800,000","325,500,000","-105,700,000","365,500,000","220,800,000","315,400,000","239,700,000","347,300,000","245,500,000","297,500,000","228,000,000","322,700,000","214,500,000","268,900,000","180,800,000","317,600,000","263,300,000","308,700,000","193,400,000","272,500,000","247,400,000","270,900,000","177,800,000","267,600,000","208,200,000","161,100,000","95,300,000","190,000,000","209,100,000","172,600,000",,,,,,,,,,,,,,
TaxProvision,"474,000,000","129,000,000","92,000,000","144,000,000","109,000,000","55,000,000","65,000,000","109,000,000","94,000,000","84,000,000","91,000,000","74,000,000","72,000,000","-25,000,000","69,000,000","70,000,000","67,000,000","164,000,000","104,000,000","102,000,000","42,000,000","18,000,000","62,000,000","106,000,000","47,000,000","-68,000,000","66,000,000","85,000,000","76,000,000","-187,000,000","86,000,000","122,000,000","165,000,000","394,000,000","124,000,000","150,000,000","124,000,000","-16,000,000","120,000,000","102,000,000","157,000,000","109,000,000","107,000,000","147,000,000","140,000,000","75,000,000","143,000,000","128,000,000","156,000,000","60,000,000","132,000,000","-141,000,000","143,000,000","82,000,000","133,000,000","133,000,000","137,000,000","90,000,000","111,000,000","141,000,000","102,000,000","83,600,000","132,400,000","121,500,000","129,000,000","79,000,000","117,700,000","128,200,000","119,800,000","104,400,000","130,100,000","119,900,000","120,900,000","55,500,000","120,100,000","114,600,000","92,200,000","111,700,000","117,200,000","103,700,000","90,800,000","81,700,000","93,600,000","70,900,000","75,900,000","17,200,000","90,000,000","81,900,000","90,900,000","53,900,000","-12,300,000","84,600,000","72,200,000","30,300,000","73,400,000","76,900,000","99,400,000","49,200,000","109,300,000","90,600,000","91,400,000","62,200,000","99,600,000","47,700,000","119,400,000","-34,100,000","135,500,000","84,900,000","119,400,000","86,400,000","130,600,000","94,000,000","113,600,000","78,500,000","113,400,000","71,800,000","89,700,000","66,500,000","113,400,000","95,200,000","112,500,000","75,200,000","100,100,000","95,100,000","107,800,000","69,300,000","105,300,000","72,500,000","64,800,000","37,400,000","66,900,000","79,400,000","61,200,000",,,,,,,,,,,,,,
EarningsFromEquityInterestNetOfTax,"3,000,000","3,000,000","5,000,000","-3,000,000","-2,000,000","-7,000,000","-1,000,000","-4,000,000","-2,000,000","-2,000,000","-2,000,000","-1,000,000","-2,000,000","0","-2,000,000","198,000,000","0","2,000,000","3,000,000","0","2,000,000","0","-1,000,000","1,000,000","1,000,000","3,000,000","-1,000,000","-1,000,000","-1,000,000","-1,000,000","-1,000,000","-3,000,000","-1,000,000","-1,000,000","-2,000,000","-2,000,000","-1,000,000","0","-1,000,000",,,,,,,,"0","0",,,"0","-1,000,000",,,,,,,,,,,,,,,,,,,,,,,,,,,,,,,,,,,,,,,,,,,,,,,,,,,,,,,,,,,,,,,,,,,,,,,,,,,,,,,,,,,,,,,,,,,,,,,
NetIncomeCommonStockholders,"1,488,000,000","433,000,000","307,000,000","380,000,000","368,000,000","205,000,000","348,000,000","351,000,000","347,000,000","145,000,000","247,000,000","286,000,000","282,000,000","-84,000,000","380,000,000","596,000,000","444,000,000","428,000,000","297,000,000","282,000,000","262,000,000","-53,000,000","292,000,000","280,000,000","175,000,000","-41,000,000","205,000,000","223,000,000","227,000,000","-293,000,000","224,000,000","295,000,000","406,000,000","818,000,000","326,000,000","352,000,000","311,000,000","6,000,000","296,000,000","301,000,000","358,000,000","232,000,000","290,000,000","343,000,000","366,000,000","189,000,000","338,000,000","302,000,000","418,000,000","176,000,000","361,000,000","354,000,000","321,000,000","179,000,000","342,000,000","312,000,000","315,000,000","176,000,000","305,000,000","301,000,000","321,000,000","182,400,000","281,100,000","266,500,000","274,100,000","192,400,000","274,300,000","259,000,000","254,700,000","186,400,000","247,000,000","237,400,000","219,800,000","188,000,000","231,300,000","203,900,000","163,900,000","191,000,000","203,500,000","173,800,000","152,600,000","124,600,000","150,300,000","114,600,000","84,100,000","93,200,000","181,900,000","150,900,000","161,700,000","100,900,000","-35,600,000","154,200,000","118,800,000","47,200,000","141,900,000","143,200,000","170,700,000","14,600,000","207,200,000","163,600,000","160,600,000","87,300,000","159,500,000","78,100,000","206,100,000","-71,600,000","230,000,000","135,900,000","196,000,000","153,300,000","216,700,000","151,500,000","183,900,000","149,500,000","209,300,000","142,700,000","179,200,000","-137,300,000","204,200,000","168,100,000","196,200,000","118,200,000","172,400,000","152,300,000","163,100,000","108,500,000","162,300,000","135,700,000","96,300,000","57,900,000","123,100,000","129,700,000","111,400,000",,,,,,,,,,,,,,
	NetIncome,"1,488,000,000","433,000,000","307,000,000","380,000,000","368,000,000","205,000,000","348,000,000","351,000,000","347,000,000","145,000,000","247,000,000","286,000,000","282,000,000","-84,000,000","380,000,000","596,000,000","444,000,000","428,000,000","297,000,000","282,000,000","262,000,000","-53,000,000","292,000,000","280,000,000","175,000,000","-41,000,000","205,000,000","223,000,000","227,000,000","-293,000,000","224,000,000","295,000,000","406,000,000","818,000,000","326,000,000","352,000,000","311,000,000","6,000,000","296,000,000","301,000,000","358,000,000","232,000,000","290,000,000","343,000,000","366,000,000","189,000,000","338,000,000","302,000,000","418,000,000","176,000,000","361,000,000","354,000,000","321,000,000","179,000,000","342,000,000","312,000,000","315,000,000","176,000,000","305,000,000","301,000,000","321,000,000","182,400,000","281,100,000","266,500,000","274,100,000","192,400,000","274,300,000","259,000,000","254,700,000","186,400,000","247,000,000","237,400,000","219,800,000","188,000,000","231,300,000","203,900,000","163,900,000","191,000,000","203,500,000","173,800,000","152,600,000","124,600,000","150,300,000","114,600,000","84,100,000","93,200,000","181,900,000","150,900,000","161,700,000","100,900,000","-35,600,000","154,200,000","118,800,000","47,200,000","141,900,000","143,200,000","170,700,000","14,600,000","207,200,000","163,600,000","160,600,000","87,300,000","159,500,000","78,100,000","206,100,000","-71,600,000","230,000,000","135,900,000","196,000,000","153,300,000","216,700,000","151,500,000","183,900,000","149,500,000","209,300,000","142,700,000","179,200,000","-137,300,000","204,200,000","168,100,000","196,200,000","118,200,000","172,400,000","152,300,000","163,100,000","108,500,000","162,300,000","135,700,000","96,300,000","57,900,000","123,100,000","129,700,000","111,400,000",,,,,,,,,,,,,,
		NetIncomeIncludingNoncontrollingInterests,"1,495,000,000","434,000,000","305,000,000","385,000,000","371,000,000","208,000,000","352,000,000","354,000,000","350,000,000","152,000,000","248,000,000","292,000,000","285,000,000","-82,000,000","383,000,000","599,000,000","444,000,000","428,000,000","297,000,000","282,000,000","262,000,000","-52,000,000","292,000,000","280,000,000","175,000,000","-40,000,000","205,000,000","222,000,000","227,000,000","-293,000,000","225,000,000","295,000,000","406,000,000","819,000,000","326,000,000","352,000,000","311,000,000","6,000,000","296,000,000","301,000,000","358,000,000","232,000,000","290,000,000","342,000,000","365,000,000","185,000,000","337,000,000","301,000,000","417,000,000","176,000,000","360,000,000","353,000,000","319,000,000","179,000,000","342,000,000","312,000,000","315,000,000","176,000,000","305,000,000","301,000,000","321,000,000","182,400,000","281,100,000","266,500,000","274,100,000","192,400,000","274,300,000","259,000,000","254,700,000","186,400,000","247,000,000","237,400,000","219,800,000","188,000,000","231,300,000","203,900,000","163,900,000","191,000,000","203,500,000","173,800,000","152,600,000","124,600,000","150,300,000","114,600,000","84,100,000","93,200,000","181,900,000","150,900,000","161,700,000","100,900,000","-35,600,000","154,200,000","118,800,000","47,200,000","141,900,000","143,200,000","170,700,000","14,600,000","207,200,000","163,600,000","160,600,000","87,300,000","159,500,000","78,100,000","206,100,000","-71,600,000","230,000,000","135,900,000","196,000,000","153,300,000","216,700,000","151,500,000","183,900,000","149,500,000","209,300,000","142,700,000","179,200,000","-137,300,000","204,200,000","168,100,000","196,200,000","118,200,000","172,400,000","152,300,000","163,100,000","108,500,000","162,300,000","135,700,000","96,300,000","57,900,000","123,100,000","129,700,000","111,400,000","100,900,000","145,700,000","112,700,000","121,100,000","82,300,000","119,300,000","89,800,000","104,500,000","70,400,000","102,800,000","69,200,000","76,500,000","54,200,000","93,600,000"
			NetIncomeContinuousOperations,"1,495,000,000","434,000,000","305,000,000","385,000,000","371,000,000","208,000,000","352,000,000","354,000,000","350,000,000","152,000,000","248,000,000","292,000,000","285,000,000","-82,000,000","383,000,000","599,000,000","444,000,000","428,000,000","297,000,000","282,000,000","262,000,000","-52,000,000","292,000,000","280,000,000","175,000,000","-40,000,000","205,000,000","222,000,000","227,000,000","-293,000,000","225,000,000","295,000,000","406,000,000","819,000,000","326,000,000","352,000,000","311,000,000","6,000,000","296,000,000","301,000,000","358,000,000","232,000,000","290,000,000","342,000,000","365,000,000","185,000,000","337,000,000","301,000,000","417,000,000","176,000,000","360,000,000","353,000,000","319,000,000","179,000,000","342,000,000","312,000,000","315,000,000","176,000,000","305,000,000","301,000,000","321,000,000","182,400,000","281,100,000","266,500,000","274,100,000","192,400,000","274,300,000","259,000,000","254,700,000","186,400,000","247,000,000","237,400,000","219,800,000","188,000,000","231,300,000","203,900,000","163,900,000","191,000,000","203,500,000","173,800,000","152,600,000","124,600,000","150,300,000","114,600,000","92,500,000","93,200,000","181,900,000","150,900,000","161,700,000","100,900,000","-35,600,000","154,200,000","118,800,000","47,200,000","141,900,000","143,200,000","170,700,000","32,600,000","207,200,000","163,600,000","160,600,000","87,300,000","159,500,000","78,100,000","206,100,000","-71,600,000","230,000,000","135,900,000","196,000,000","153,300,000","216,700,000","151,500,000","183,900,000","149,500,000","209,300,000","142,700,000","179,200,000","114,300,000","204,200,000","168,100,000","196,200,000","118,200,000","172,400,000","152,300,000","163,100,000","108,500,000","162,300,000","135,700,000","96,300,000","57,900,000","123,100,000","129,700,000","111,400,000","100,900,000","145,700,000","112,700,000","121,100,000","82,300,000","119,300,000","89,800,000","104,500,000","70,400,000","102,800,000","69,200,000","76,500,000","54,200,000","93,600,000"
			NetIncomeExtraordinary,,,,,,,,,,,,,,,,,,,,,,,,,,,,,,,,,,,,,,,,,,,,,,,,,,,,,,,,,,,,,,,,,,,,,,,,,,,,,,,,,,"0",,,"-1,000,000",,,,,,,,,,,,,,,,,,,,,,,,,,,,,,,,,,,,,,,,,,,,,,,,,,,,,,,,,,,,,,
			NetIncomeFromTaxLossCarryforward,,,,,,,,,,,,,,,,,,,,,,,,,,,,,,,,,,,,,,,,,,,,,,,,,,,,,,,,,,,,,,,,,,,,,,,,,,,,,,,,,,"0",,,"-7,400,000",,,,,,,,,,,,,,,,,,,,,,,,,,,,,,,,,,,,,,,,,,,,,,,,,,,,,,,,,,,,,,
		MinorityInterests,"-7,000,000","-1,000,000","2,000,000","-5,000,000","-3,000,000","-3,000,000","-4,000,000","-3,000,000","-3,000,000","-7,000,000","-1,000,000","-6,000,000","-3,000,000","-2,000,000","-3,000,000","-3,000,000",,,,,,"-1,000,000",,"0","0","-1,000,000","0","1,000,000","0","0","-1,000,000","0","0","-1,000,000","0","0","0","0","0","0","0","0","0","1,000,000","1,000,000","4,000,000","1,000,000","1,000,000","1,000,000","0","1,000,000","1,000,000","2,000,000",,,,,,,,,,,,,,,,,,,,,,,,,,,,,,,,,,,,,,,,,,,,,,,,,,,,,,,,,,,,,,,,,,,,,,,,,,,,,,,,,,,,,,,,,,,,,,
DilutedNIAvailtoComStockholders,"1,488,000,000","433,000,000","307,000,000","380,000,000","368,000,000","205,000,000","348,000,000","351,000,000","347,000,000","145,000,000","247,000,000","286,000,000","282,000,000","-84,000,000","380,000,000","596,000,000","444,000,000","428,000,000","297,000,000","282,000,000","262,000,000","-53,000,000","292,000,000","280,000,000","175,000,000","-41,000,000","205,000,000","223,000,000","227,000,000","-293,000,000","224,000,000","295,000,000","406,000,000","818,000,000","326,000,000","352,000,000","311,000,000","6,000,000","296,000,000","301,000,000","358,000,000","232,000,000","290,000,000","343,000,000","366,000,000","189,000,000","338,000,000","302,000,000","418,000,000","176,000,000","361,000,000","354,000,000","321,000,000","179,000,000","342,000,000","312,000,000","315,000,000","176,000,000","305,000,000","301,000,000","321,000,000","182,400,000","281,100,000","266,500,000","274,100,000","192,400,000","274,300,000","259,000,000","254,700,000","186,400,000","247,000,000","237,400,000","219,800,000","188,000,000","231,300,000","203,900,000","163,900,000","191,000,000","203,500,000","173,800,000","152,600,000","124,600,000","150,300,000","114,600,000","84,100,000","93,200,000","181,900,000","150,900,000","161,700,000","100,900,000","-35,600,000","154,200,000","118,800,000","47,200,000","141,900,000","143,200,000","170,700,000","14,600,000","207,200,000","163,600,000","160,600,000","87,300,000","159,500,000","78,100,000","206,100,000","-71,600,000","230,000,000","135,900,000","196,000,000","153,300,000","216,700,000","151,500,000","183,900,000","149,500,000","209,300,000","142,700,000","179,200,000","-137,300,000","204,200,000","168,100,000","196,200,000","118,200,000","172,400,000","152,300,000","163,100,000","108,500,000","162,300,000","135,700,000","96,300,000","57,900,000","123,100,000","129,700,000","111,400,000",,,,,,,,,,,,,,
BasicEPS,,"1.27","0.9","1.12","1.07","0.6","1.02","1.02","1.01","0.43","0.73","0.84","0.82","-0.24","1.1","1.72","1.28","1.24","0.86","0.81","0.75","-0.15","0.83","0.8","0.5","-0.12","0.58","0.63","0.64","-0.82","0.63","0.82","1.13","2.26","0.9","0.96","0.86","-0.09","0.83","0.84","1","0.65","0.81","0.94","1",,"0.91","0.8","1.1",,"0.94","0.93","0.84",,"0.9","0.82","0.82",,"0.77","0.76","0.81",,"0.71","0.68","0.69",,"0.66","0.63","0.62",,"0.6","0.58","0.54",,"0.57","0.5","0.4",,"0.5","0.42","0.37",,"0.37","0.28","0.21",,"0.45","0.37","0.4",,"-0.08","0.38","0.29",,"0.35","0.35","0.42",,"0.5","0.39","0.38",,"0.38","0.19","0.48",,"0.53","0.31","0.45",,"0.48","0.34","0.41",,"0.45","0.31","0.38",,"0.43","0.35","0.41",,"0.36","0.32","0.34",,"0.34","0.29","0.2",,"0.26","0.27","0.23",,"0.3","0.23","0.25",,"0.24","0.18","0.22",,"0.21","0.14","0.16",,"0.19"
DilutedEPS,,"1.26","0.89","1.11","1.07","0.59","1.01","1.02","1.01","0.42","0.72","0.84","0.82","-0.24","1.09","1.71","1.27","1.23","0.85","0.8","0.74","-0.15","0.82","0.79","0.49","-0.12","0.58","0.63","0.64","-0.82","0.62","0.82","1.12","2.24","0.9","0.96","0.85","-0.09","0.82","0.84","1","0.64","0.8","0.94","1",,"0.9","0.79","1.09",,"0.94","0.92","0.84",,"0.89","0.82","0.81",,"0.76","0.75","0.8",,"0.7","0.67","0.68",,"0.66","0.62","0.61",,"0.59","0.57","0.53",,"0.56","0.5","0.4",,"0.49","0.42","0.37",,"0.37","0.28","0.21",,"0.45","0.37","0.4",,"-0.08","0.38","0.29",,"0.35","0.35","0.42",,"0.5","0.39","0.38",,"0.38","0.19","0.48",,"0.53","0.31","0.45",,"0.48","0.34","0.41",,"0.45","0.31","0.38",,"0.43","0.35","0.41",,"0.36","0.32","0.34",,"0.34","0.29","0.2",,"0.26","0.27","0.23",,"0.3","0.23","0.25",,"0.24","0.18","0.22",,"0.21","0.14","0.16",,"0.19"
BasicAverageShares,,"341,000,000","341,000,000","341,000,000","342,000,000","344,000,000","343,000,000","343,000,000","342,000,000","341,000,000","341,000,000","340,000,000","342,000,000","346,000,000","347,000,000","347,000,000","346,000,000","345,161,290","345,000,000","349,000,000","351,000,000","351,000,000","350,000,000","350,000,000","351,000,000","353,000,000","354,000,000","353,000,000","355,000,000","355,000,000","358,000,000","359,000,000","360,000,000","363,000,000","362,000,000","364,000,000","363,000,000","359,000,000","358,000,000","357,000,000","357,000,000","358,000,000","360,000,000","363,000,000","365,000,000",,"373,000,000","381,000,000","380,000,000",,"382,000,000","383,000,000","382,000,000",,"380,000,000","379,000,000","386,000,000",,"395,000,000","397,000,000","398,000,000",,"397,000,000","394,100,000","399,000,000",,"413,400,000","412,000,000","413,100,000",,"412,400,000","411,800,000","410,800,000",,"408,300,000","406,900,000","407,700,000",,"409,400,000","409,200,000","407,100,000",,"406,200,000","405,900,000","405,700,000",,"405,600,000","405,600,000","405,500,000",,"445,000,000","405,789,474","409,655,172",,"405,428,571","409,142,857","406,428,571",,"414,400,000","419,487,179","422,631,579",,"419,736,842","411,052,632","429,375,000",,"433,962,264","438,387,097","435,555,556",,"450,000,000","451,800,000","454,000,000",,"465,111,111","460,322,581","471,578,947",,"474,883,721","480,285,714","478,536,585",,"478,888,889","475,937,500","479,705,882",,"477,352,941","467,931,034","481,500,000",,"473,461,538","480,370,370","484,347,826",,"492,272,000","493,632,000","494,936,000",,"494,936,000","494,248,000","494,084,000",,"493,860,000","493,860,000","493,400,000",,"492,928,000"
DilutedAverageShares,,"344,000,000","343,000,000","343,000,000","344,000,000","346,000,000","346,000,000","345,000,000","344,000,000","343,000,000","342,000,000","341,000,000","343,000,000","348,000,000","349,000,000","348,000,000","348,000,000","347,967,480","348,000,000","352,000,000","354,000,000","351,000,000","354,000,000","354,000,000","355,000,000","353,000,000","356,000,000","355,000,000","357,000,000","355,000,000","360,000,000","362,000,000","362,000,000","364,000,000","364,000,000","367,000,000","366,000,000","359,000,000","359,000,000","359,000,000","359,000,000","360,000,000","363,000,000","366,000,000","368,000,000",,"376,000,000","384,000,000","384,000,000",,"384,000,000","383,000,000","383,000,000",,"384,000,000","382,000,000","389,000,000",,"399,000,000","401,000,000","401,000,000",,"399,700,000","396,600,000","401,600,000",,"416,700,000","415,800,000","417,200,000",,"416,700,000","416,500,000","414,400,000",,"410,900,000","409,200,000","409,300,000",,"412,000,000","412,600,000","409,400,000",,"406,200,000","405,900,000","405,700,000",,"405,600,000","405,600,000","405,500,000",,"445,000,000","405,789,474","409,655,172",,"405,428,571","409,142,857","406,428,571",,"414,400,000","419,487,179","422,631,579",,"419,736,842","411,052,632","429,375,000",,"433,962,264","438,387,097","435,555,556",,"450,000,000","451,800,000","454,000,000",,"465,111,111","460,322,581","471,578,947",,"474,883,721","480,285,714","478,536,585",,"478,888,889","475,937,500","479,705,882",,"477,352,941","467,931,034","481,500,000",,"473,461,538","480,370,370","484,347,826",,"492,272,000","493,632,000","494,936,000",,"494,936,000","494,248,000","494,084,000",,"493,860,000","493,860,000","493,400,000",,"492,928,000"
TotalOperatingIncomeAsReported,"1,752,000,000","329,000,000","447,000,000","504,000,000","472,000,000","385,000,000","411,000,000","506,000,000","459,000,000","360,000,000","263,000,000","397,000,000","381,000,000","326,000,000","396,000,000","474,000,000","510,000,000","669,000,000",,"453,000,000","360,000,000","98,000,000","410,000,000","449,000,000","438,000,000","-39,000,000","334,000,000","412,000,000","384,000,000","-422,000,000","365,000,000","467,000,000","614,000,000","1,260,000,000","504,000,000","570,000,000","503,000,000","63,000,000","479,000,000","485,000,000","535,000,000","397,000,000","464,000,000","543,000,000","572,000,000","329,000,000","541,000,000","483,000,000","637,000,000","352,000,000","567,000,000","553,000,000","529,000,000","345,000,000","533,000,000","530,000,000","545,000,000","359,000,000","492,000,000","518,000,000","499,000,000","344,500,000","487,600,000","461,200,000","472,500,000","344,300,000","465,700,000","472,500,000","467,800,000","365,700,000","456,800,000","438,400,000","420,200,000","351,800,000","430,800,000","414,100,000","347,400,000","393,800,000","414,800,000","372,400,000","327,100,000","312,400,000","347,000,000","301,300,000","207,200,000","203,100,000","308,100,000","279,900,000","285,200,000","245,700,000","296,900,000","271,300,000","259,500,000","175,700,000","245,900,000","244,600,000","298,800,000","268,000,000","356,600,000","291,400,000","277,200,000","275,700,000","303,300,000","167,700,000","348,300,000","276,300,000","375,800,000","284,400,000","322,800,000","243,300,000","359,100,000","261,100,000","299,100,000","238,400,000","335,900,000","223,600,000","271,000,000","192,100,000","321,800,000","268,300,000","280,600,000","200,700,000","279,500,000","260,900,000","286,800,000","209,400,000","277,300,000","220,700,000","178,600,000","112,400,000","208,800,000","227,500,000","183,800,000",,,,,,,,,,,,,,
TotalExpenses,"12,429,000,000","3,091,000,000","3,175,000,000","3,051,000,000","3,112,000,000","3,079,000,000","3,018,000,000","2,959,000,000","2,953,000,000","2,863,000,000","3,109,000,000","3,064,000,000","3,141,000,000","2,991,000,000","3,073,000,000","2,886,000,000","2,891,000,000","2,540,000,000","2,809,000,000","2,734,000,000","2,894,000,000","2,999,000,000","2,844,000,000","2,819,000,000","2,957,000,000","3,181,000,000","2,995,000,000","3,086,000,000","3,172,000,000","3,936,000,000","3,274,000,000","3,218,000,000","3,128,000,000","2,241,000,000","3,212,000,000","3,144,000,000","3,358,000,000","3,500,000,000","3,241,000,000","2,989,000,000","2,905,000,000","2,618,000,000","2,848,000,000","2,843,000,000","2,913,000,000","2,531,000,000","2,616,000,000","2,579,000,000","2,681,000,000","2,548,000,000","2,710,000,000","2,676,000,000","2,640,000,000","2,588,000,000","2,755,000,000","2,813,000,000","2,713,000,000","2,435,000,000","2,512,000,000","2,497,000,000","2,464,000,000","2,239,400,000","2,334,800,000","2,312,700,000","2,254,000,000","2,050,000,000","2,157,700,000","2,114,700,000","2,104,500,000","2,025,100,000","1,988,500,000","1,948,900,000","1,970,300,000","1,783,200,000","1,850,800,000","1,833,300,000","1,800,100,000","1,586,900,000","1,721,700,000","1,752,700,000","1,734,700,000","1,915,600,000","2,243,100,000","2,041,600,000","1,451,800,000","1,352,900,000","1,537,600,000","1,521,200,000","1,466,700,000","1,340,400,000","1,571,500,000","1,513,100,000","1,485,800,000","1,424,100,000","1,559,900,000","1,468,900,000","1,344,100,000","1,349,700,000","1,447,200,000","1,428,300,000","1,411,700,000","1,282,000,000","1,378,300,000","1,483,700,000","1,437,600,000","1,386,600,000","1,468,900,000","1,495,700,000","1,393,200,000","1,348,700,000","1,382,800,000","1,355,800,000","1,312,100,000","1,327,800,000","1,333,300,000","1,318,000,000","1,247,400,000","1,228,700,000","1,348,900,000","1,315,700,000","1,234,500,000","1,244,600,000","1,226,800,000","1,152,800,000","1,134,500,000","1,154,000,000","1,074,300,000","1,036,900,000","1,030,200,000","975,800,000","986,600,000","1,006,500,000","950,300,000",,,,,,,,,,,,,,
NetIncomeFromContinuingAndDiscontinuedOperation,"1,488,000,000","433,000,000","307,000,000","380,000,000","368,000,000","205,000,000","348,000,000","351,000,000","347,000,000","145,000,000","247,000,000","286,000,000","282,000,000","-84,000,000","380,000,000","596,000,000","444,000,000","428,000,000","297,000,000","282,000,000","262,000,000","-53,000,000","292,000,000","280,000,000","175,000,000","-41,000,000","205,000,000","223,000,000","227,000,000","-293,000,000","224,000,000","295,000,000","406,000,000","818,000,000","326,000,000","352,000,000","311,000,000","6,000,000","296,000,000","301,000,000","358,000,000","232,000,000","290,000,000","343,000,000","366,000,000","189,000,000","338,000,000","302,000,000","418,000,000","176,000,000","361,000,000","354,000,000","321,000,000","179,000,000","342,000,000","312,000,000","315,000,000","176,000,000","305,000,000","301,000,000","321,000,000","182,400,000","281,100,000","266,500,000","274,100,000","192,400,000","274,300,000","259,000,000","254,700,000","186,400,000","247,000,000","237,400,000","219,800,000","188,000,000","231,300,000","203,900,000","163,900,000","191,000,000","203,500,000","173,800,000","152,600,000","124,600,000","150,300,000","114,600,000","92,500,000","93,200,000","181,900,000","150,900,000","161,700,000","100,900,000","-35,600,000","154,200,000","118,800,000","47,200,000","141,900,000","143,200,000","170,700,000","32,600,000","207,200,000","163,600,000","160,600,000","87,300,000","159,500,000","78,100,000","206,100,000","-71,600,000","230,000,000","135,900,000","196,000,000","153,300,000","216,700,000","151,500,000","183,900,000","149,500,000","209,300,000","142,700,000","179,200,000","114,300,000","204,200,000","168,100,000","196,200,000","118,200,000","172,400,000","152,300,000","163,100,000","108,500,000","162,300,000","135,700,000","96,300,000","57,900,000","123,100,000","129,700,000","111,400,000",,,,,,,,,,,,,,
NormalizedIncome,"1,488,000,000","433,000,000","307,000,000","380,000,000","368,000,000","205,000,000","348,000,000","351,000,000","347,000,000","145,000,000","247,000,000","286,000,000","282,000,000","-84,000,000","380,000,000","596,000,000","444,000,000","428,000,000","297,000,000","282,000,000","262,000,000","-53,000,000","292,000,000","280,000,000","175,000,000","-41,000,000","205,000,000","223,000,000","227,000,000","-293,000,000","224,000,000","295,000,000","406,000,000","818,000,000","326,000,000","352,000,000","311,000,000","6,000,000","296,000,000","301,000,000","358,000,000","232,000,000","296,574,307.305","343,699,386.503","366,000,000","189,000,000","338,000,000","302,000,000","418,000,000","191,638,297.872","368,317,073.171","348,150,000","321,000,000","179,000,000","332,640,000","317,608,988.764","315,000,000","180,631,578.947","302,800,480.769","301,000,000","319,482,269.504","181,096,022.514","279,808,073.483","263,545,480.299","270,632,101.216","196,440,825.35","278,288,545.918","256,391,270.661","266,533,858.478","184,348,830.812","249,292,495.359","240,722,138.259","220,638,685.06","192,169,199.179","226,297,495.731","207,805,149.137","163,452,010.933","189,170,135.448","198,360,149.673","172,547,387.387","143,571,898.11","119,405,816.772","149,622,140.221","120,098,328.841","120,340,000","141,826,086.957","181,766,200.809","159,261,726.804","162,212,114.014","139,747,803.618","198,735,699.374","156,460,050.251","143,368,586.387","89,101,419.355","141,965,908.035","140,272,239.891","170,447,204.739","127,400,000","215,317,788.31","170,164,594.807","160,472,539.683","151,620,000","176,367,232.729","94,117,329.094","211,861,935.484","178,830,652.791","226,538,987.688","164,889,538.043","189,412,809.131","148,183,604.506","216,200,835.013","154,030,142.566","178,892,974.79","152,319,517.544","211,764,642.082","142,633,473.193","174,868,278.17","116,512,665.929","201,821,095.718","167,270,034.182","173,764,431.487","114,777,456.05","167,781,577.982","151,376,596.605","162,979,586.563","116,982,283.465","158,479,035.874","132,636,647.454","97,620,000","60,147,953.83","130,745,157.895","131,002,582.496","111,141,830.823",,,,,,,,,,,,,,
InterestExpense,"223,000,000","51,000,000","55,000,000","58,000,000","59,000,000","85,000,000","63,000,000","69,000,000","64,000,000","63,000,000","72,000,000","75,000,000","74,000,000","74,000,000","72,000,000","72,000,000","69,000,000","68,000,000","64,000,000","63,000,000","61,000,000","63,000,000","58,000,000","68,000,000","217,000,000","59,000,000","56,000,000","58,000,000","54,000,000","53,000,000","54,000,000","50,000,000","52,000,000","58,000,000","56,000,000","61,000,000","60,000,000","66,000,000","73,000,000","89,000,000","33,000,000","55,000,000","58,000,000","53,000,000","67,000,000","60,000,000","62,000,000","61,000,000","65,000,000","96,000,000","65,000,000","67,000,000","67,000,000",,,,"82,000,000",,,,,,,,,,,,,,,,,,,,,,,,,,,,,,,,,,,,,,,,,,,,,,,,,,,,,,,,,,,,,,,,,,,,,,,,,,,,,,,,,,,,,,,,,,
NetInterestIncome,"-223,000,000","-51,000,000","-55,000,000","-58,000,000","-59,000,000","-85,000,000","-63,000,000","-69,000,000","-64,000,000","-63,000,000","-72,000,000","-75,000,000","-74,000,000","-74,000,000","-72,000,000","-72,000,000","-69,000,000","-68,000,000","-64,000,000","-63,000,000","-61,000,000","-63,000,000","-58,000,000","-68,000,000","-217,000,000","-59,000,000","-56,000,000","-58,000,000","-54,000,000","-53,000,000","-54,000,000","-50,000,000","-52,000,000","-58,000,000","-56,000,000","-61,000,000","-60,000,000","-66,000,000","-73,000,000","-89,000,000","-33,000,000","-55,000,000","-58,000,000","-53,000,000","-67,000,000","-60,000,000","-62,000,000","-61,000,000","-65,000,000","-96,000,000","-65,000,000","-67,000,000","-67,000,000",,,,"-82,000,000",,,,,,,,,,,,,,,,,,,,,,,,,,,,,,,,,,,,,,,,,,,,,,,,,,,,,,,,,,,,,,,,,,,,,,,,,,,,,,,,,,,,,,,,,,
EBIT,"2,189,000,000","611,000,000","447,000,000","590,000,000","541,000,000","355,000,000","481,000,000","536,000,000","510,000,000","301,000,000","413,000,000","442,000,000","433,000,000","-33,000,000","526,000,000","543,000,000","580,000,000","658,000,000","462,000,000","447,000,000","363,000,000","29,000,000","413,000,000","453,000,000","438,000,000","-52,000,000","328,000,000","366,000,000","358,000,000","-426,000,000","366,000,000","470,000,000","624,000,000","1,272,000,000","508,000,000","565,000,000","496,000,000","56,000,000","490,000,000","492,000,000","548,000,000","396,000,000","455,000,000","542,000,000","572,000,000","320,000,000","542,000,000","490,000,000","638,000,000","331,000,000","557,000,000","562,000,000","529,000,000","333,000,000","533,000,000","530,000,000","534,000,000","359,000,000","492,000,000","518,000,000","499,000,000","344,500,000","487,600,000","461,200,000","472,500,000","344,300,000","465,700,000","472,500,000","467,800,000","365,700,000","456,800,000","438,400,000","420,200,000","351,800,000","430,800,000","414,100,000","347,400,000","393,800,000","414,800,000","372,400,000","327,100,000","297,400,000","347,000,000","301,300,000","255,500,000","203,100,000","308,100,000","279,900,000","285,200,000","245,700,000","296,900,000","271,300,000","259,500,000","175,700,000","245,900,000","244,600,000","298,800,000","268,000,000","356,600,000","291,400,000","277,200,000","275,700,000","303,300,000","167,700,000","348,300,000","276,300,000","375,800,000","284,400,000","322,800,000","243,300,000","359,100,000","261,100,000","299,100,000","238,400,000","335,900,000","223,600,000","271,000,000","192,100,000","321,800,000","268,300,000","280,600,000","200,700,000","279,500,000","260,900,000","286,800,000","209,400,000","277,300,000","220,700,000","178,600,000","112,400,000","208,800,000","227,500,000","183,800,000","-2,462,700,000","1,140,300,000","1,086,700,000","1,029,800,000","-2,136,800,000","1,008,900,000","923,100,000","896,000,000","-1,884,000,000","866,200,000","867,200,000","798,000,000","-1,653,700,000","794,900,000"
EBITDA,"2,656,000,000"
ReconciledCostOfRevenue,"9,621,000,000","2,415,000,000","2,457,000,000","2,331,000,000","2,418,000,000","2,279,000,000","2,228,000,000","2,268,000,000","2,268,000,000","2,135,000,000","2,372,000,000","2,275,000,000","2,415,000,000","2,228,000,000","2,293,000,000","2,151,000,000","2,149,000,000","1,888,000,000","2,041,000,000","1,922,000,000","2,050,000,000","2,121,000,000","1,990,000,000","1,998,000,000","2,150,000,000","2,180,000,000","2,096,000,000","2,257,000,000","2,311,000,000","2,658,000,000","2,347,000,000","2,274,000,000","2,238,000,000","1,718,000,000","2,266,000,000","2,237,000,000","2,468,000,000","2,356,000,000","2,278,000,000","2,060,000,000","2,069,000,000","1,781,000,000","1,962,000,000","1,943,000,000","2,064,000,000","1,670,000,000","1,788,000,000","1,757,000,000","1,893,000,000","1,655,000,000","1,837,000,000","1,825,000,000","1,867,000,000","1,777,000,000","1,885,000,000","1,899,000,000","1,894,000,000","1,598,000,000","1,662,000,000","1,638,000,000","1,699,000,000","1,464,200,000","1,549,100,000","1,538,400,000","1,529,800,000","1,349,200,000","1,437,400,000","1,388,600,000","1,436,400,000","1,317,000,000","1,319,100,000","1,307,100,000","1,355,500,000","1,188,100,000","1,247,600,000","1,232,100,000","1,231,100,000","1,066,900,000","1,163,400,000","1,161,500,000","1,177,200,000","1,022,500,000","1,180,700,000","1,101,500,000","823,800,000","982,200,000","801,600,000","775,200,000","768,000,000","693,900,000","809,100,000","765,700,000","768,400,000","739,500,000","799,400,000","751,600,000","714,500,000","694,300,000","790,400,000","738,500,000","759,600,000","675,300,000","756,500,000","713,000,000","726,600,000","699,700,000","767,200,000","749,900,000","702,100,000","477,700,000","756,200,000","728,700,000","732,000,000","654,600,000","712,700,000","696,300,000","660,200,000","681,000,000","731,900,000","681,200,000","662,100,000","660,300,000","676,700,000","626,400,000","642,500,000","662,500,000","629,000,000","606,500,000","578,400,000","567,100,000","569,200,000","566,000,000","543,900,000",,,,,,,,,,,,,,
ReconciledDepreciation,"467,000,000","121,000,000","114,000,000","120,000,000","112,000,000","124,000,000","121,000,000","117,000,000","117,000,000","124,000,000","117,000,000","119,000,000","124,000,000","142,000,000","140,000,000","112,000,000","122,000,000","115,000,000","126,000,000","119,000,000","121,000,000","160,000,000","106,000,000","136,000,000","115,000,000","147,000,000","118,000,000","138,000,000","131,000,000","128,000,000","140,000,000","119,000,000","116,000,000","192,000,000","114,000,000","113,000,000","113,000,000","146,000,000","108,000,000","99,000,000","95,000,000","99,000,000","95,000,000","86,000,000","89,000,000","127,000,000","87,000,000","91,000,000","87,000,000","102,000,000","93,000,000","105,000,000","84,000,000","101,000,000","92,000,000","88,000,000","94,000,000","97,000,000","90,000,000","98,000,000","87,000,000","95,200,000","84,700,000","91,500,000","81,300,000","100,000,000","97,000,000","93,200,000","101,600,000","116,500,000","95,600,000","112,400,000","85,500,000","100,800,000","88,300,000","98,000,000","85,700,000","88,000,000","90,600,000","82,800,000","87,000,000","119,000,000","134,500,000","114,600,000","70,500,000","73,300,000","74,100,000","74,300,000","68,900,000","72,800,000","74,600,000","72,600,000","68,000,000","73,200,000","69,500,000","68,000,000","67,300,000","77,600,000","69,000,000","72,300,000","68,400,000","66,000,000","59,500,000","62,200,000","63,800,000","53,400,000","68,400,000","69,800,000","67,200,000","67,000,000","66,300,000","60,800,000","62,000,000","81,600,000","59,200,000","59,600,000","64,800,000","57,600,000","59,000,000","58,300,000","56,600,000","58,800,000","55,200,000","53,100,000","55,700,000","57,100,000","49,900,000","47,600,000","45,600,000","47,900,000","42,600,000","40,200,000","36,900,000",,,,,,,,,,,,,,
NetIncomeFromContinuingOperationNetMinorityInterest,"1,488,000,000","433,000,000","307,000,000","380,000,000","368,000,000","205,000,000","348,000,000","351,000,000","347,000,000","145,000,000","247,000,000","286,000,000","282,000,000","-84,000,000","380,000,000","596,000,000","444,000,000","428,000,000","297,000,000","282,000,000","262,000,000","-53,000,000","292,000,000","280,000,000","175,000,000","-41,000,000","205,000,000","223,000,000","227,000,000","-293,000,000","224,000,000","295,000,000","406,000,000","818,000,000","326,000,000","352,000,000","311,000,000","6,000,000","296,000,000","301,000,000","358,000,000","232,000,000","290,000,000","343,000,000","366,000,000","189,000,000","338,000,000","302,000,000","418,000,000","176,000,000","361,000,000","354,000,000","321,000,000","179,000,000","342,000,000","312,000,000","315,000,000","176,000,000","305,000,000","301,000,000","321,000,000","182,400,000","281,100,000","266,500,000","274,100,000","192,400,000","274,300,000","259,000,000","254,700,000","186,400,000","247,000,000","237,400,000","219,800,000","188,000,000","231,300,000","203,900,000","163,900,000","191,000,000","203,500,000","173,800,000","152,600,000","124,600,000","150,300,000","114,600,000","92,500,000","93,200,000","181,900,000","150,900,000","161,700,000","100,900,000","-35,600,000","154,200,000","118,800,000","47,200,000","141,900,000","143,200,000","170,700,000","32,600,000","207,200,000","163,600,000","160,600,000","87,300,000","159,500,000","78,100,000","206,100,000","-71,600,000","230,000,000","135,900,000","196,000,000","153,300,000","216,700,000","151,500,000","183,900,000","149,500,000","209,300,000","142,700,000","179,200,000","114,300,000","204,200,000","168,100,000","196,200,000","118,200,000","172,400,000","152,300,000","163,100,000","108,500,000","162,300,000","135,700,000","96,300,000","57,900,000","123,100,000","129,700,000","111,400,000",,,,,,,,,,,,,,
TotalUnusualItemsExcludingGoodwill,,,,,,,,,,,,,,,,,,,,,,,,,,,,,,,,,,,,,,,,,,,"-9,000,000","-1,000,000","0",,"1,000,000","7,000,000","1,000,000","-21,000,000","-10,000,000","9,000,000","0",,"13,000,000","-8,000,000",,"-7,000,000","3,000,000",,"2,000,000","1,900,000","1,900,000","4,300,000","5,100,000","-5,700,000","-5,700,000","3,900,000","-17,400,000","3,200,000","-3,500,000","-5,000,000","-1,300,000","-5,400,000","7,600,000","-6,100,000","700,000","2,900,000","8,100,000","2,000,000","14,400,000","8,600,000","1,100,000","-8,900,000","-46,400,000","-57,600,000","200,000","-12,900,000","-800,000","-59,600,000","-315,300,000","-3,500,000","-39,500,000","-68,800,000","-100,000","4,500,000","400,000","-158,000,000","-12,400,000","-10,200,000","200,000","-107,200,000","-27,400,000","-25,800,000","-9,100,000","-369,700,000","5,500,000","-47,100,000","10,600,000","8,000,000","800,000","-4,100,000","8,100,000","-4,300,000","-3,800,000","100,000","6,500,000","-3,500,000","3,700,000","1,300,000","35,300,000","5,600,000","7,300,000","1,500,000","200,000","-13,900,000","6,300,000","4,700,000","-2,200,000","-3,700,000","-11,800,000","-2,100,000","400,000",,,,,,,,,,,,,,
TotalUnusualItems,,,,,,,,,,,,,,,,,,,,,,,,,,,,,,,,,,,,,,,,,,,"-9,000,000","-1,000,000","0",,"1,000,000","7,000,000","1,000,000","-21,000,000","-10,000,000","9,000,000","0",,"13,000,000","-8,000,000",,"-7,000,000","3,000,000",,"2,000,000","1,900,000","1,900,000","4,300,000","5,100,000","-5,700,000","-5,700,000","3,900,000","-17,400,000","3,200,000","-3,500,000","-5,000,000","-1,300,000","-5,400,000","7,600,000","-6,100,000","700,000","2,900,000","8,100,000","2,000,000","14,400,000","8,600,000","1,100,000","-8,900,000","-46,400,000","-57,600,000","200,000","-12,900,000","-800,000","-59,600,000","-315,300,000","-3,500,000","-39,500,000","-68,800,000","-100,000","4,500,000","400,000","-158,000,000","-12,400,000","-10,200,000","200,000","-107,200,000","-27,400,000","-25,800,000","-9,100,000","-369,700,000","5,500,000","-47,100,000","10,600,000","8,000,000","800,000","-4,100,000","8,100,000","-4,300,000","-3,800,000","100,000","6,500,000","-3,500,000","3,700,000","1,300,000","35,300,000","5,600,000","7,300,000","1,500,000","200,000","-13,900,000","6,300,000","4,700,000","-2,200,000","-3,700,000","-11,800,000","-2,100,000","400,000",,,,,,,,,,,,,,
NormalizedEBITDA,"2,656,000,000","732,000,000","561,000,000","710,000,000","653,000,000","479,000,000","602,000,000","653,000,000","627,000,000","425,000,000","530,000,000","561,000,000","557,000,000","109,000,000","666,000,000","655,000,000","702,000,000","773,000,000","588,000,000","566,000,000","484,000,000","189,000,000","519,000,000","589,000,000","553,000,000","95,000,000","446,000,000","504,000,000","489,000,000","-298,000,000","506,000,000","589,000,000","740,000,000","1,464,000,000","622,000,000","678,000,000","609,000,000","202,000,000","598,000,000","591,000,000","643,000,000","495,000,000","559,000,000","629,000,000","661,000,000","447,000,000","629,000,000","581,000,000","725,000,000","454,000,000","660,000,000","658,000,000","613,000,000","434,000,000","612,000,000","626,000,000","628,000,000","463,000,000","579,000,000","616,000,000","584,000,000","437,800,000","570,400,000","548,400,000","548,700,000","450,000,000","568,400,000","561,800,000","586,800,000","479,000,000","555,900,000","555,800,000","507,000,000","458,000,000","511,500,000","518,200,000","432,400,000","478,900,000","497,300,000","453,200,000","399,700,000","407,800,000","480,400,000","424,800,000","372,400,000","334,000,000","382,000,000","367,100,000","354,900,000","378,100,000","686,800,000","347,400,000","367,000,000","317,700,000","315,500,000","308,100,000","365,700,000","503,600,000","438,000,000","373,900,000","345,400,000","448,900,000","390,200,000","255,700,000","421,200,000","699,400,000","438,700,000","401,300,000","379,400,000","302,300,000","424,600,000","326,000,000","353,000,000","324,300,000","400,900,000","285,700,000","329,300,000","253,200,000","377,900,000","325,300,000","301,900,000","253,900,000","327,400,000","312,500,000","342,300,000","280,400,000","320,900,000","263,600,000","226,400,000","164,000,000","263,200,000","269,800,000","220,300,000","-2,462,700,000","1,140,300,000","1,086,700,000","1,029,800,000","-2,136,800,000","1,008,900,000","923,100,000","896,000,000","-1,884,000,000","866,200,000","867,200,000","798,000,000","-1,653,700,000","794,900,000"
TaxRateForCalcs,"0.241","0.23","0.24","0.269","0.227","0.204","0.156","0.233","0.211","0.353","0.267","0.201","0.2","0.234","0.15","0.15","0.13","0.278","0.263","0.264","0.14","0.4","0.18","0.274","0.21","0.4","0.242","0.276","0.251","0.39","0.277","0.29","0.289","0.325","0.27","0.3","0.28","0.35","0.288","0.253","0.305","0.32","0.27","0.301","0.277","0.288","0.298","0.298","0.272","0.255","0.268","0.35","0.31","0.314","0.28","0.299","0.303","0.338","0.267","0.319","0.241","0.314","0.32","0.313","0.32","0.291","0.3","0.331","0.32","0.359","0.345","0.336","0.355","0.228","0.342","0.36","0.36","0.369","0.365","0.374","0.373","0.396","0.384","0.382","0.4","0.156","0.331","0.352","0.36","0.348","0.257","0.354","0.378","0.391","0.341","0.349","0.368","0.4","0.345","0.356","0.363","0.4","0.384","0.379","0.367","0.323","0.371","0.385","0.379","0.36","0.376","0.383","0.382","0.344","0.351","0.335","0.334","0.368","0.357","0.362","0.364","0.389","0.367","0.384","0.398","0.39","0.393","0.348","0.4","0.392","0.352","0.38","0.355",,,,,,,,,,,,,,
TaxEffectOfUnusualItems,"0","0","0","0","0","0","0","0","0","0","0","0","0","0","0","0","0","0","0","0","0","0","0","0","0","0","0","0","0","0","0","0","0","0","0","0","0","0","0","0","0","0","-2,425,692.695","-300,613.497","0","0","0","0","0","-5,361,702.128","-2,682,926.829","3,150,000","0","0","3,640,000","-2,391,011.236","0","-2,368,421.053","800,480.769","0","482,269.504","596,022.514","608,073.483","1,345,480.299","1,632,101.216","-1,659,174.65","-1,711,454.082","1,291,270.661","-5,566,141.522","1,148,830.812","-1,207,504.641","-1,677,861.741","-461,314.94","-1,230,800.821","2,597,495.731","-2,194,850.863","252,010.933","1,070,135.448","2,960,149.673","747,387.387","5,371,898.11","3,405,816.772","422,140.221","-3,401,671.159","-18,560,000","-8,973,913.043","66,200.809","-4,538,273.196","-287,885.986","-20,752,196.382","-80,964,300.626","-1,239,949.749","-14,931,413.613","-26,898,580.645","-34,091.965","1,572,239.891","147,204.739","-63,200,000","-4,282,211.69","-3,635,405.193","72,539.683","-42,880,000","-10,532,767.271","-9,782,670.906","-3,338,064.516","-119,269,347.209","2,038,987.688","-18,110,461.957","4,012,809.131","2,883,604.506","300,835.013","-1,569,857.434","3,092,974.79","-1,480,482.456","-1,335,357.918","33,473.193","2,168,278.17","-1,287,334.071","1,321,095.718","470,034.182","12,864,431.487","2,177,456.05","2,681,577.982","576,596.605","79,586.563","-5,417,716.535","2,479,035.874","1,636,647.454","-880,000","-1,452,046.17","-4,154,842.105","-797,417.504","141,830.823",,,,,,,,,,,,,,