name,ttm,12/31/2021,09/30/2021,06/30/2021,03/31/2021,12/31/2020,09/30/2020,06/30/2020,03/31/2020,12/31/2019,09/30/2019,06/30/2019,03/31/2019,12/31/2018,09/30/2018,06/30/2018,03/31/2018,12/31/2017,09/30/2017,06/30/2017,03/31/2017,12/31/2016,09/30/2016,06/30/2016,03/31/2016,12/31/2015,09/30/2015,06/30/2015,03/31/2015,12/31/2014,09/30/2014,06/30/2014,03/31/2014,12/31/2013,09/30/2013,06/30/2013,03/31/2013,12/31/2012,09/30/2012,06/30/2012,03/31/2012,12/31/2011,09/30/2011,06/30/2011,03/31/2011,12/31/2010,09/30/2010,06/30/2010,03/31/2010,12/31/2009,09/30/2009,06/30/2009,03/31/2009,12/31/2008,09/30/2008,06/30/2008,03/31/2008,12/31/2007,09/30/2007,06/30/2007,03/31/2007,12/31/2006,09/30/2006,06/30/2006,03/31/2006,12/31/2005,09/30/2005,06/30/2005,03/31/2005,12/31/2004,09/30/2004,06/30/2004,03/31/2004,12/31/2003,09/30/2003,06/30/2003,03/31/2003,12/31/2002,09/30/2002,06/30/2002,03/31/2002,12/31/2001,09/30/2001,06/30/2001,03/31/2001,12/31/2000,09/30/2000,06/30/2000,03/31/2000,12/31/1999,09/30/1999,06/30/1999,03/31/1999,12/31/1998,09/30/1998,06/30/1998,03/31/1998,12/31/1997,09/30/1997,06/30/1997,03/31/1997,12/31/1996,09/30/1996,06/30/1996,03/31/1996,12/31/1995,09/30/1995,06/30/1995,03/31/1995,12/31/1994,09/30/1994,06/30/1994,03/31/1994,12/31/1993,09/30/1993,06/30/1993,03/31/1993,12/31/1992,09/30/1992,06/30/1992,03/31/1992,10/31/1991,07/31/1991
TotalRevenue,"1,364,585,000","424,654,000","368,607,000","289,016,000","282,308,000","269,441,000","259,792,000","238,916,000","289,744,000","296,130,000","282,871,000","284,873,000","295,010,000","284,201,000","283,080,000","293,403,000","304,078,000","315,225,000","294,845,000","297,176,000","293,588,000","297,026,000","285,076,000","291,488,000","297,202,000","300,870,000","288,382,000","294,061,000","283,456,000","243,761,000","262,046,000","260,249,000","246,878,000","230,130,000","241,497,000","246,128,000","241,178,000","234,749,000","231,878,000","235,419,000","231,356,000","260,811,000","216,078,000","219,236,000","224,021,000","263,917,000","210,520,000","227,743,000","239,518,000","227,248,000","205,806,000","189,285,000","215,866,000","195,323,000","190,503,000","184,135,000","228,115,000","179,726,000","173,712,000","170,785,000","158,277,000","147,802,000","153,789,000","151,502,000","142,705,000","134,368,000","130,441,000","128,137,000","132,043,000","124,748,000","123,274,000","131,026,000","139,927,000","122,030,000","120,259,000","118,335,000","124,062,000","110,200,000","111,101,000","115,478,000","115,991,000","114,852,000","114,295,000","117,867,000","121,601,000","116,458,000","115,726,000","114,867,000","112,356,000","89,980,000","114,800,000","112,300,000","116,700,000","96,097,629","102,700,000","72,900,000","67,100,000","47,429,403","54,200,000","49,000,000","48,300,000","33,444,419","45,300,000","45,600,000","43,700,000","38,200,000","38,500,000","37,500,000","35,800,000","33,900,000","32,700,000","32,300,000","31,400,000","29,400,000","26,000,000","27,500,000","23,800,000","21,600,000","20,700,000","20,100,000","20,100,000","16,400,000","21,500,000"
	OperatingRevenue,"1,364,585,000","424,654,000","368,607,000","289,016,000","282,308,000","269,441,000","259,792,000","238,916,000","289,744,000","296,130,000","282,871,000","284,873,000","295,010,000","220,749,000","225,073,000","232,197,000","240,362,000","315,225,000","294,845,000","297,176,000","293,588,000","297,026,000","285,076,000","291,488,000","297,202,000","300,870,000","288,382,000","294,061,000","283,456,000","243,761,000","262,046,000","260,249,000","246,878,000","230,130,000","241,497,000","246,128,000","241,178,000","234,749,000","231,878,000","235,419,000","231,356,000","260,811,000","216,078,000","219,236,000","224,021,000","263,917,000","210,520,000","227,743,000","239,518,000","227,248,000","205,806,000","189,285,000","215,866,000","261,322,000","190,503,000","184,135,000","228,115,000","179,726,000","173,712,000","170,785,000","158,277,000","147,802,000","153,789,000","151,502,000","142,705,000","134,368,000","130,441,000","128,137,000","132,043,000","124,748,000","123,274,000","131,026,000","139,927,000","122,030,000","120,259,000","118,335,000","124,062,000","110,200,000","111,101,000","115,478,000","115,991,000","1,953,000","1,608,000","2,072,000","2,165,000","1,818,000","1,404,000","1,388,000","1,520,000","-338,809,000","114,800,000","112,300,000","116,700,000","110,900,000","102,700,000","72,900,000","67,100,000","-148,223,848","54,200,000","49,000,000","48,300,000","-131,252,423","45,300,000","45,600,000","43,700,000","38,200,000","38,500,000","37,500,000","35,800,000","33,900,000","32,700,000","32,300,000","31,400,000","29,400,000","26,000,000","27,500,000","23,800,000","21,600,000","20,700,000","20,100,000","20,100,000","16,400,000","21,500,000"
CostOfRevenue,"195,029,000","56,199,000","54,272,000","42,587,000","41,971,000","41,769,000","43,170,000","41,505,000","42,487,000","42,647,000","40,355,000","39,929,000","42,039,000","40,433,000","40,564,000","40,016,000","43,252,000","44,650,000","41,127,000","41,512,000","41,052,000","41,368,000","40,431,000","38,519,000","37,290,000","40,675,000","39,484,000","39,712,000","39,626,000","36,145,000","35,112,000","36,019,000","34,612,000","32,116,000","34,219,000","32,238,000","33,180,000","-51,609,000","60,665,000","61,544,000","61,271,000","65,117,000","62,450,000","61,232,000","68,513,000","64,475,000","61,660,000","63,673,000","67,872,000","64,595,000","58,224,000","54,916,000","58,809,000","57,610,000","54,156,000","50,455,000","54,333,000",,,,,,,,,,,,,,,,,,,,,,,,,,,,,,,,,,,,,,,,,,,,,,,,,,,,,,,,,,,,,,,,,,
GrossProfit,"1,169,556,000","368,455,000","314,335,000","246,429,000","240,337,000","227,672,000","216,622,000","197,411,000","247,257,000","253,483,000","242,516,000","244,944,000","252,971,000","243,768,000","242,516,000","253,387,000","260,826,000","270,575,000","253,718,000","255,664,000","252,536,000","255,658,000","244,645,000","252,969,000","259,912,000","260,195,000","248,898,000","254,349,000","243,830,000","207,616,000","226,934,000","224,230,000","212,266,000","198,014,000","207,278,000","213,890,000","207,998,000","286,358,000","171,213,000","173,875,000","170,085,000","195,694,000","153,628,000","158,004,000","155,508,000","199,442,000","148,860,000","164,070,000","171,646,000","162,653,000","147,582,000","134,369,000","157,057,000","137,713,000","136,347,000","133,680,000","173,782,000",,,,,,,,,,,,,,,,,,,,,,,,,,,,,,,,,,,,,,,,,,,,,,,,,,,,,,,,,,,,,,,,,,
OperatingExpense,"722,323,000","240,020,000","192,205,000","144,224,000","145,874,000","145,042,000","143,343,000","135,003,000","132,822,000","141,195,000","132,464,000","134,855,000","138,288,000","136,343,000","136,974,000","146,165,000","149,242,000","158,438,000","150,929,000","160,034,000","158,282,000","158,701,000","158,492,000","147,089,000","154,813,000","160,313,000","167,853,000","146,678,000","143,473,000","123,947,000","130,997,000","128,085,000","129,839,000","124,303,000","123,784,000","129,540,000","127,666,000","216,484,000","95,588,000","94,097,000","98,529,000","116,058,000","82,504,000","82,718,000","95,999,000","88,457,000","89,386,000","86,678,000","89,761,000","86,365,000","83,561,000","67,784,000","86,063,000","118,435,000","66,289,000","49,212,000","73,431,000","132,245,000","123,490,000","70,438,000","42,583,000","41,561,000","41,463,000","40,668,000","38,311,000","35,173,000","33,346,000","33,162,000","36,969,000","32,526,000","31,394,000","33,593,000","36,548,000","30,720,000","31,113,000","31,829,000","34,769,000","-26,854,000","49,216,000","51,312,000","50,784,000","47,478,000","46,483,000","47,239,000","51,417,000","46,368,000","45,307,000","46,102,000","45,317,000","314,830,000","-43,900,000","-43,900,000","-47,900,000","240,734,342","-41,500,000","-29,200,000","-27,400,000","141,866,227","-21,400,000","-18,400,000","-18,600,000","122,659,400","-16,300,000","-18,000,000","-18,500,000","-16,000,000","-15,900,000","-16,000,000","-15,400,000","-35,900,000","-14,900,000","-15,200,000","-14,500,000","-17,700,000","-15,500,000","-15,300,000","-14,900,000","-14,400,000","-13,600,000","-14,200,000","-14,500,000","-17,400,000","-17,700,000"
	SellingGeneralAndAdministration,"104,121,000","28,985,000","25,904,000","24,754,000","24,478,000","20,901,000","28,795,000","22,504,000","21,017,000","24,646,000","23,832,000","22,633,000","25,831,000","20,022,000","21,348,000","24,029,000","22,398,000","32,060,000","28,588,000","27,233,000","30,574,000","27,462,000","27,983,000","29,928,000","31,929,000","33,413,000","27,310,000","29,307,000","32,705,000","27,519,000","28,674,000","28,827,000","37,219,000","31,457,000","30,961,000","31,420,000","34,119,000","29,163,000","29,957,000","30,973,000","34,431,000","55,520,000","22,132,000","21,197,000","29,756,000","26,166,000","28,463,000","26,446,000","28,184,000","26,642,000","27,965,000","26,604,000","29,923,000","36,437,000","30,992,000","25,690,000","24,750,000","26,840,000","29,552,000","24,810,000","22,698,000","21,760,000","22,624,000","16,567,000","16,733,000","17,966,000","14,084,000","12,750,000","12,004,000","12,951,000","11,034,000","10,395,000","10,231,000","9,931,000","11,234,000","8,900,000","8,615,000","8,781,000","7,933,000","7,660,000","7,532,000","7,497,000","7,056,000","6,636,000","7,791,000","6,624,000","6,405,000","6,440,000","6,221,000","6,033,000","6,000,000","5,900,000","6,000,000","6,082,817","5,500,000","3,800,000","3,200,000","3,151,341","3,000,000","2,800,000","2,800,000","2,833,924","2,600,000","2,500,000","2,400,000","2,300,000","2,200,000","2,200,000","2,100,000","2,000,000","2,200,000","2,200,000","2,100,000","2,000,000","2,000,000","2,000,000","1,900,000","1,900,000","1,800,000","1,600,000","1,600,000","1,500,000","1,700,000"
		GeneralAndAdministrativeExpense,"104,121,000","28,985,000","25,904,000","24,754,000","24,478,000","20,901,000","28,795,000","22,504,000","21,017,000","24,646,000","23,832,000","22,633,000","25,831,000","20,022,000","21,348,000","24,029,000","22,398,000","32,060,000","28,588,000","27,233,000","30,574,000","27,462,000","27,983,000","29,928,000","31,929,000","33,413,000","27,310,000","29,307,000","32,705,000","27,519,000","28,674,000","28,827,000","37,219,000","31,457,000","30,961,000","31,420,000","34,119,000","29,166,000",,,,,,,,,,,,,,,,,"30,992,000",,,"26,840,000","29,552,000","24,810,000","22,698,000","21,760,000","22,624,000","16,567,000","16,733,000","17,966,000","14,084,000","12,750,000","12,004,000","12,951,000","11,034,000","10,395,000","10,231,000","9,931,000","11,234,000","8,900,000","8,615,000","8,781,000","7,933,000","7,660,000","7,532,000","7,497,000","7,056,000","6,636,000","7,791,000","6,624,000","6,405,000","6,440,000","6,221,000","6,033,000","6,000,000","5,900,000","6,000,000","6,082,817","5,500,000","3,800,000","3,200,000","3,151,341","3,000,000","2,800,000","2,800,000","2,833,924","2,600,000","2,500,000","2,400,000","2,300,000","2,200,000","2,200,000","2,100,000","2,000,000","2,200,000","2,200,000","2,100,000","2,000,000","2,000,000","2,000,000","1,900,000","1,900,000","1,800,000","1,600,000","1,600,000","1,500,000","1,700,000"
			SalariesAndWages,,,,,,,,,,,,,,,,,,,,,,,,,,,,,,,,,,,,,,,,,,,,,,,,,,,,,,,,,,"26,840,000","29,552,000","24,810,000","22,698,000","21,760,000","22,624,000","16,567,000","16,733,000","17,966,000","14,084,000","12,750,000","12,004,000","12,951,000","11,034,000","10,395,000","10,231,000","9,931,000","11,234,000","8,900,000","8,615,000","8,781,000","7,933,000","7,660,000","7,532,000","7,497,000","7,056,000","6,636,000","7,791,000","6,624,000","6,405,000","6,440,000","6,221,000","6,000,000","6,000,000","5,900,000","6,000,000","6,100,000","5,500,000","3,800,000","3,200,000","3,200,000","3,000,000","2,800,000","2,800,000","2,800,000","2,600,000","2,500,000","2,400,000","2,300,000","2,200,000","2,200,000","2,100,000","2,000,000","2,200,000","2,200,000","2,100,000","2,000,000","2,000,000","2,000,000","1,900,000","1,900,000","1,800,000","1,600,000","1,600,000","1,500,000","1,700,000"
			RentAndLandingFees,,,,,,,,,"2,835,000","2,859,000","2,836,000","2,924,000","2,692,000","2,667,000","2,702,000","2,742,000","2,818,000","2,833,000","2,764,000","2,765,000","2,783,000","2,719,000","2,728,000","2,728,000","2,818,000","2,868,000","2,913,000","3,012,000","3,554,000","3,888,000","3,559,000","3,498,000","3,305,000","3,323,000","3,319,000","3,380,000","3,325,000","3,304,000",,,,,,,,,,,,,,,,,"3,320,000",,,,,,,,,,,,,,,,,,,,,,,,,,,,,,,,,,,,,,,,,,,,,,,,,,,,,,,,,,,,,,,,,,,,
			OtherGandA,"104,121,000","28,985,000","25,904,000","24,754,000","24,478,000","20,901,000","28,795,000","22,504,000","21,017,000","24,646,000","23,832,000","22,633,000","25,831,000","20,022,000","21,348,000","24,029,000","22,398,000","32,060,000","28,588,000","27,233,000","30,574,000","27,462,000","27,983,000","29,928,000","31,929,000","33,413,000","27,310,000","29,307,000","32,705,000","27,519,000","28,674,000","28,827,000","37,219,000","31,457,000","30,961,000","31,420,000","34,119,000","29,166,000",,,,,,,,,,,,,,,,,"27,672,000",,,,,,,,,,,,,,,,,,,,,,,,,,,,,,,,,,,,,,,,,,,,,,,,,,,,,,,,,,,,,,,,,,,,
	DepreciationAmortizationDepletionIncomeStatement,"395,320,000","133,633,000","114,238,000","72,573,000","74,876,000","74,295,000","71,704,000","73,559,000","69,397,000","68,439,000","68,874,000","69,005,000","71,561,000","74,266,000","74,972,000","79,760,000","81,382,000","85,024,000","88,443,000","95,270,000","92,074,000","90,884,000","96,827,000","82,753,000","84,856,000","86,095,000","103,708,000","80,155,000","74,569,000","66,651,000","69,188,000","65,963,000","61,231,000","61,192,000","63,158,000","63,409,000","62,738,000","61,654,000","65,631,000","63,124,000","64,098,000","60,538,000","60,372,000","61,521,000","66,243,000","62,291,000","60,923,000","60,232,000","61,577,000","59,723,000","55,596,000","55,226,000","56,140,000","51,636,000","52,939,000","50,902,000","48,681,000","53,385,000","48,131,000","46,910,000","42,218,000","39,356,000","36,842,000","35,673,000","29,683,000","26,578,000","26,627,000","27,254,000","26,031,000","24,812,000","24,304,000","26,182,000","26,858,000","25,156,000","21,593,000","20,573,000","19,867,000","17,852,000","18,971,000","19,138,000","18,846,000","18,580,000","18,490,000","18,930,000","18,210,000","18,277,000","18,098,000","17,679,000","17,074,000",,,,,,,,,,,,,,,,,,,,,,,,,,,,,,,,,,
		DepreciationAndAmortizationInIncomeStatement,"395,320,000","133,633,000","114,238,000","72,573,000","74,876,000","74,295,000","71,704,000","73,559,000","69,397,000","68,439,000","68,874,000","69,005,000","71,561,000","74,266,000","74,972,000","79,760,000","81,382,000","85,024,000","88,443,000","95,270,000","92,074,000","90,884,000","96,827,000","82,753,000","84,856,000","86,095,000","103,708,000","80,155,000","74,569,000","66,651,000","69,188,000","65,963,000","61,231,000","61,192,000","63,158,000","63,409,000","62,738,000","61,654,000","65,631,000","63,124,000","64,098,000","60,538,000","60,372,000","61,521,000","66,243,000","62,291,000","60,923,000","60,232,000","61,577,000","59,723,000","55,596,000","55,226,000","56,140,000","51,636,000","52,939,000","50,902,000","48,681,000","53,385,000","48,131,000","46,910,000",,"39,356,000","36,842,000","35,673,000","29,683,000","26,578,000","26,627,000","27,254,000","26,031,000","24,812,000","24,304,000","26,182,000","26,858,000","25,156,000","21,593,000","20,573,000","19,867,000","17,852,000","18,971,000","19,138,000","18,846,000","18,580,000","18,490,000","18,930,000","18,210,000","18,277,000","18,098,000","17,679,000","17,074,000",,,,,,,,,,,,,,,,,,,,,,,,,,,,,,,,,,
	ProvisionForDoubtfulAccounts,,,,,,,,,,"0","0","0","0","1,682,000","1,389,000","1,051,000","2,131,000","1,429,000","701,000","2,096,000","1,404,000","-189,000","1,092,000","1,185,000","3,475,000","751,000","1,920,000","1,107,000","2,297,000","270,000","992,000","1,901,000","1,717,000","1,066,000","2,118,000","3,266,000","1,960,000","80,000",,,,,,,,,,,,,,,,,,,,,,,,,,,,,,,,,,,,,,,,,,,,,,,,,,,,,,,,,,,,,,,,,,,,,,,,,,,,,,,,,,,,,
	OtherTaxes,,,,,,,,,,,,,,,,,,,,,,,,,,,,,,,,,,,,,,,,,,,,,,,,,,,,,,,,,,,,,,,,,,,,,,,,,,,,,,,,,,,,,,,,,,,"-49,900,000","-49,800,000","-53,900,000","-50,600,000","-47,000,000","-33,000,000","-30,600,000",,"-24,400,000","-21,200,000","-21,400,000",,"-18,900,000","-20,500,000","-20,900,000","-18,300,000","-18,100,000","-18,200,000","-17,500,000","-37,900,000","-17,100,000","-17,400,000","-16,600,000","-19,700,000","-17,500,000","-17,300,000","-16,800,000","-16,300,000","-15,400,000","-15,800,000","-16,100,000","-18,900,000","-19,400,000"
	OtherOperatingExpenses,"222,882,000","77,402,000","52,063,000","46,897,000","46,520,000","49,846,000","42,844,000","38,940,000","42,408,000","48,110,000","39,758,000","43,217,000","40,896,000","40,373,000","39,265,000","41,325,000","43,331,000","39,925,000","33,197,000","35,435,000","34,230,000","40,544,000","32,590,000","33,223,000","34,553,000","40,054,000","34,915,000","36,109,000","33,902,000","29,507,000","32,143,000","31,394,000","29,672,000","30,588,000","27,547,000","31,445,000","28,849,000","37,943,000",,,,,,,,,,,"3,374,000",,,"-14,046,000",,"30,362,000","-17,642,000","-27,380,000",,"52,020,000","45,807,000","-1,282,000","-22,333,000","-19,555,000","-18,003,000","-11,572,000","-8,105,000","-9,371,000","-7,365,000","-6,842,000","-1,066,000","-5,237,000","-3,944,000","-2,984,000","-541,000","-4,367,000","-1,714,000","2,356,000","6,287,000","-53,487,000","22,312,000","24,514,000","24,406,000","21,401,000","20,937,000","21,673,000","25,416,000","21,467,000","20,804,000","21,983,000","22,022,000",,,,,,,,,,,,,,,,,,,,,,,,,,,,,,,,,,
OperatingIncome,"447,233,000","128,435,000","122,130,000","102,205,000","94,463,000","82,630,000","73,279,000","62,408,000","114,435,000","112,288,000","110,052,000","110,089,000","114,683,000","107,425,000","105,542,000","107,222,000","111,584,000","112,137,000","102,789,000","95,630,000","94,254,000","96,957,000","86,153,000","105,880,000","105,099,000","99,882,000","81,045,000","107,671,000","100,357,000","83,669,000","95,937,000","96,145,000","82,427,000","73,711,000","83,494,000","84,350,000","80,332,000","69,874,000","75,625,000","79,778,000","71,556,000","79,636,000","71,124,000","75,286,000","59,509,000","110,985,000","59,474,000","77,392,000","81,885,000","76,288,000","64,021,000","66,585,000","70,994,000","19,278,000","70,058,000","84,468,000","100,351,000","47,481,000","50,222,000","100,347,000","115,694,000","106,241,000","112,326,000","110,834,000","104,394,000","99,195,000","97,095,000","94,975,000","95,074,000","92,222,000","91,880,000","97,433,000","103,379,000","91,310,000","89,146,000","86,506,000","89,293,000","137,054,000","61,885,000","64,166,000","65,207,000","67,374,000","67,812,000","70,628,000","70,184,000","70,090,000","70,419,000","68,765,000","67,039,000","-224,850,000","158,700,000","156,200,000","164,600,000","-144,636,713","144,200,000","102,100,000","94,500,000","-94,436,824","75,600,000","67,400,000","66,900,000","-89,214,981","61,600,000","63,600,000","62,200,000","54,200,000","54,400,000","53,500,000","51,200,000","69,800,000","47,600,000","47,500,000","45,900,000","47,100,000","41,500,000","42,800,000","38,700,000","36,000,000","34,300,000","34,300,000","34,600,000","33,800,000","39,200,000"
NetNonOperatingInterestIncomeExpense,"-204,133,000","-57,479,000","-52,126,000","-46,812,000","-47,716,000","-45,887,000","-46,942,000","-48,015,000","-46,060,000","-45,757,000","-43,146,000","-44,097,000","-44,395,000","-42,881,000","-44,081,000","-46,434,000","-49,943,000","-49,317,000","-47,258,000","-46,090,000","-46,482,000","-42,014,000","-45,667,000","-49,421,000","-52,041,000","-54,659,000","-47,894,000","-23,112,000","-51,225,000","-47,922,000","-50,892,000","-51,982,000","-48,887,000","-43,003,000","-52,585,000","-47,493,000","-49,975,000","-53,482,000","-54,426,000","-55,053,000","-55,348,000","-54,886,000","-56,099,000","-46,872,000","-50,696,000","-49,358,000","-53,243,000","-54,443,000","-52,641,000","-47,128,000","-45,315,000","-45,743,000","-38,595,000","-52,255,000","-52,775,000","-53,637,000","-53,998,000",,,,,,,,,,,,,,,,,,,,,,,,,,,,,,,,,,,,,,,,,,,,,,,,,,,,,,,,,,,,,,,,,,
	InterestIncomeNonOperating,,,,,,,,,,,,,,,,,,,,,,"651,000","477,000","644,000",,"1,050,000","5,692,000","32,102,000","217,000","254,000","269,000","411,000","50,000","7,351,000","481,000","6,500,000","2,663,000","1,060,000","598,000","349,000","164,000","2,393,000","375,000","8,932,000","4,861,000","5,423,000","4,552,000","5,181,000","6,096,000","10,728,000","9,236,000","5,213,000","7,921,000",,,,,,,,,,,,,,,,,,,,,,,,,,,,,,,,,,,,,,,,,,,,,,,,,,,,,,,,,,,,,,,,,,,,,,
	InterestExpenseNonOperating,"204,133,000","57,479,000","52,126,000","46,812,000","47,716,000","45,887,000","46,942,000","48,015,000","46,060,000","45,757,000","43,146,000","44,097,000","44,395,000","42,881,000","44,081,000","46,434,000","49,943,000","52,126,000","47,258,000","46,090,000","46,482,000","43,067,000","46,552,000","50,479,000","52,451,000","56,152,000","54,031,000","56,130,000","52,578,000","48,761,000","51,578,000","52,821,000","50,636,000","51,317,000","53,991,000","55,423,000","53,624,000","55,963,000","57,116,000","57,387,000","57,519,000","57,279,000","56,474,000","55,804,000","55,557,000","54,781,000","57,795,000","59,624,000","58,737,000","57,856,000","54,551,000","50,956,000","46,516,000","52,255,000","52,775,000","53,637,000","53,998,000",,,,,,,,,,,,,,,,,,,,,,,,,,,,,,,,,,,,,,,,,,,,,,,,,,,,,,,,,,,,,,,,,,
	TotalOtherFinanceCost,,,,,,,,,,,,,,,,,,,,,,"-402,000","-408,000","-414,000","-410,000","-443,000","-445,000","-916,000","-1,136,000","-585,000","-417,000","-428,000","-1,699,000","-963,000","-925,000","-1,430,000","-986,000","-1,421,000","-2,092,000","-1,985,000","-2,007,000",,,,,,,,,,,,,,,,,,,,,,,,,,,,,,,,,,,,,,,,,,,,,,,,,,,,,,,,,,,,,,,,,,,,,,,,,,,,,,,,,,
OtherIncomeExpense,"502,026,000","-32,014,000","417,950,000","41,643,000","74,447,000","151,505,000","-85,766,000","718,836,000","-2,549,000","27,255,000","-6,257,000","-751,000","22,042,000","182,854,000","-10,879,000","-19,596,000","-1,467,000","-37,114,000","-3,596,000","-28,280,000","-344,000","-23,944,000","-52,274,000","-54,283,000","-6,420,000","-15,341,000","-5,443,000","-14,989,000","-7,376,000","1,135,000","-7,379,000","-88,695,000","-6,050,000","20,857,000","-71,217,000","-37,337,000","-6,280,000","-15,611,000","-3,128,000","-23,568,000","-6,940,000","-3,592,000","-2,380,000","-592,000","8,574,000","-44,044,000","11,898,000","-780,000","3,003,000","-14,386,000","14,276,000","-49,699,000","-4,215,000","-140,224,000","78,469,000","35,826,000","39,057,000","-4,636,000","-1,306,000","-865,000","-3,707,000","782,000","-159,000","-3,134,000","12,032,000","-3,953,000","-1,810,000","12,093,000","-947,000","-2,802,000","4,974,000","4,385,000","3,912,000","-2,964,000","273,000","-1,419,000","318,000","-3,725,000","2,371,000","13,000","3,871,000","1,719,000","2,406,000","8,846,000","6,930,000","3,679,000","5,750,000","5,490,000","4,991,000",,,,,,,,,"3,323,813","900,000","900,000","900,000","2,064,062","900,000","900,000","900,000",,,,,,,,,,,,,,,,,,
	GainOnSaleOfSecurity,"536,004,000","-37,347,000","459,102,000","43,158,000","71,090,000","150,894,000","-76,931,000","718,925,000","3,847,000","31,836,000","9,025,000","14,762,000","23,595,000","49,379,000",,,,,,,,,,,,,,,,,,,,,,,,,,"416,000",,,,"447,000",,,,,,,,,,,,,,,,,,,,,,,,,,,,,,,,,,,,,,,,,,,,,,,,,,,,,,,"900,000","900,000","900,000",,"900,000","900,000","900,000",,,,,,,,,,,,,,,,,,
	EarningsFromEquityInterest,,,,,,,,,,,,,,,,,,,,,,,,,,,,,,,,,,"678,000","670,000","555,000","403,000","763,000","545,000",,"727,000","762,000","2,449,000",,"165,000",,"15,316,000",,,,"9,249,000",,,"-5,808,000","78,469,000","20,490,000","39,057,000",,,,,,,,,,,,,,,,,,,,,,,,,,,,,,,,,,,,,,,,,,,,,,,,,,,,,,,,,,,,,,,,,,
	SpecialIncomeCharges,"-53,788,000","-2,643,000","-47,848,000","-3,297,000","0","-3,115,000","-7,935,000","-138,000","-2,974,000","-7,508,000","-19,609,000","-17,451,000","-4,175,000","-45,352,000","-16,098,000","-22,873,000","-7,646,000","-33,051,000","-4,697,000","-29,719,000","-1,617,000","-25,140,000","-55,747,000","-52,213,000","-5,840,000","-17,475,000","-6,058,000","-15,459,000","-6,391,000","5,883,000","-6,141,000","-88,373,000","-3,832,000","17,642,000","-74,765,000","-35,366,000","-3,198,000","-8,403,000","-3,673,000","-23,984,000","-7,667,000","-4,354,000","-4,829,000","-1,039,000","8,409,000","-11,327,000","-3,418,000","-780,000","3,003,000","12,587,000","5,027,000","-49,699,000","-4,215,000",,"-1,643,000","15,336,000",,"-4,636,000","-1,306,000","-865,000","-3,707,000","782,000","-159,000","-3,134,000","12,032,000","-3,953,000","-1,810,000","12,093,000","-947,000","-2,802,000","4,974,000","4,385,000","3,912,000","-2,964,000","273,000","-1,419,000","318,000","-3,725,000","2,371,000","13,000","3,871,000","1,719,000","2,406,000","8,846,000","6,930,000","3,679,000","5,750,000","5,490,000","4,991,000",,,,,,,,,,,,,,,,,,,,,,,,,,,,,,,,,,
		RestructuringAndMergernAcquisition,"50,191,000","0","46,998,000","3,193,000",,,,,,,,,,,,,,,,,,,,,,,,,,,,,,,,,,,,,,,,,,,,,,,,,,,,,,,,,,,,,,,,,,,,,,,,,,,,,,,,,,,,,,,,,,,,,,,,,,,,,,,,,,,,,,,,,,,,,,,
		ImpairmentOfCapitalAssets,"3,597,000","2,643,000","850,000","104,000","0","3,115,000","397,000","138,000","2,974,000","7,508,000","19,609,000","17,451,000","4,175,000","45,352,000","3,336,000","22,873,000","7,646,000","33,051,000","2,944,000","29,719,000","1,617,000","25,140,000","10,073,000","52,213,000","5,840,000","17,475,000","6,058,000","15,459,000","6,391,000","-5,883,000","6,141,000","88,373,000","3,832,000","-17,642,000","74,765,000","35,366,000","3,198,000","14,572,000","588,000","24,495,000","4,075,000","8,120,000","4,037,000","3,721,000","2,778,000","24,853,000","657,000","4,012,000","4,388,000","25,916,000","0","50,000,000",,,,,,,,,,,,,,,,,,,,,,,,,,,,,,,,,,,,,,,,,,,,,,,,,,,,,,,,,,,,,,,,,,,,,,,
		OtherSpecialCharges,,,,,,"0","7,538,000",,,,,,,"0","12,762,000",,,"0","1,753,000",,,"0","45,674,000",,,,,,,,,,,,,,,,"3,085,000","-511,000","3,592,000","8,308,000","792,000","-2,682,000","-11,187,000","-13,526,000","3,097,000","-3,232,000","-5,598,000","-34,838,000","-4,383,000","-301,000",,,,,,"15,964,000","6,334,000","6,165,000","6,110,000",,"6,553,000","9,769,000","-10,220,000",,"9,931,000","-6,598,000",,,"-3,403,000",,,,,"4,798,000",,,,,,,,,,,,,,,,,,,,,,,,,,,,,,,,,,,,,,,,,,,,,,,
		GainOnSaleOfPPE,,,,,,,,,,,,,,,,,,,,,,,,,,,,,,,,,,,,,,,,,,"12,074,000","0","0","0","0","336,000","0","1,793,000","3,665,000","644,000",,,,,"15,336,000",,"11,328,000","5,028,000","5,300,000","2,403,000",,"6,394,000","6,635,000","1,812,000",,"8,121,000","5,495,000",,,"1,571,000",,,,,"3,379,000",,,,,,,,,,,,,,,,,,,,,,,,,,,,,,,,,,,,,,,,,,,,,,,
	OtherNonOperatingIncomeExpenses,"19,810,000","7,976,000","6,696,000","1,782,000","3,357,000","3,726,000","-900,000","49,000","-3,422,000","2,927,000","4,327,000","1,938,000","2,622,000","-1,634,000","5,219,000","3,277,000","6,179,000","-4,063,000","1,101,000","1,439,000","1,273,000","1,196,000","3,473,000","-2,070,000","-580,000","2,134,000","615,000","470,000","-985,000","-4,748,000","-1,238,000","-322,000","-2,218,000","2,537,000","2,878,000","-2,526,000","-3,485,000","-1,802,000",,,,,,,,,,,,,,,,,,,,,,,,,,,,,,,,,,,,,,,,,,,,,,,,,,,,,,,,,,,,,,,,,,,,,,,,,,,,,,,,,,,,,
PretaxIncome,"745,126,000","38,942,000","487,954,000","97,036,000","121,194,000","188,248,000","-59,429,000","733,229,000","65,826,000","93,786,000","60,649,000","65,241,000","92,330,000","247,398,000","50,582,000","41,192,000","60,174,000","25,706,000","51,935,000","21,260,000","47,428,000","30,999,000","-11,788,000","2,176,000","46,638,000","29,882,000","27,708,000","69,570,000","41,756,000","36,882,000","37,666,000","-44,532,000","27,490,000","51,565,000","-40,308,000","-480,000","24,077,000","781,000","18,071,000","1,157,000","9,268,000","21,158,000","12,645,000","27,822,000","17,387,000","17,583,000","18,129,000","22,169,000","32,247,000","14,774,000","32,982,000","-28,857,000","20,263,000","30,814,000","17,283,000","30,831,000","50,235,000","1,044,000","22,805,000","26,541,000","27,668,000","30,468,000","34,092,000","46,560,000","53,869,000","52,881,000","40,074,000","63,842,000","58,858,000","49,716,000","58,572,000","57,522,000","61,254,000","16,911,000","58,596,000","59,546,000","68,104,000","69,676,000","62,706,000","62,661,000","66,244,000","68,120,000","69,771,000","60,032,000","57,990,000",,,,,,,,,,,,,,,,,,,,,,,,,,,,,,,,,,,,,,
TaxProvision,"3,380,000","483,000","314,000","1,275,000","1,308,000","496,000","388,000","51,000","43,000","263,000","-3,866,000","-344,000","630,000","2,583,000","-315,000","-720,000","52,000","1,344,000","-697,000","-1,034,000","-493,000","-747,000","61,426,000","-246,000","12,112,000","48,297,000","2,844,000","-3,628,000","12,717,000","7,787,000","5,366,000","-586,000","7,730,000","6,410,000","24,238,000","-11,830,000","15,133,000","-883,000","5,183,000","-4,656,000","3,433,000","5,338,000","4,417,000","5,588,000","4,219,000","9,757,000","-377,000","-4,136,000","-1,915,000","-33,139,000","-1,148,000","-682,000","-1,653,000","-17,065,000","12,336,000","-1,138,000","9,410,000","-11,750,000","348,000","-2,974,000","-30,114,000","-3,612,000","-2,454,000","-3,257,000","-1,653,000","3,643,000","-860,000","-2,296,000","-2,637,000","1,476,000","-24,000","-3,316,000","-2,103,000","-5,202,000","1,171,000","1,241,000","1,822,000","2,813,000","2,591,000","2,150,000","5,350,000","6,238,000","10,521,000","680,000","1,937,000",,,,,,,,,,,,,,,,,,,,,,,,,,,,,,,,,,,,,,
EarningsFromEquityInterestNetOfTax,"107,950,000","43,490,000","21,564,000","21,357,000","21,539,000","-14,581,000","22,388,000","14,940,000","24,606,000","16,520,000","20,938,000","35,802,000","24,978,000","23,593,000","21,578,000","28,657,000","26,889,000","28,768,000","29,051,000","112,497,000","28,608,000","38,090,000","21,895,000","163,156,000","80,732,000","357,532,000","28,555,000","27,912,000","251,720,000","54,587,000","72,254,000","117,637,000","60,358,000","30,124,000","106,722,000","66,245,000","58,444,000","42,765,000","34,737,000","56,574,000","47,773,000","30,916,000","44,429,000","22,655,000","17,849,000","21,008,000","14,056,000","-361,000","21,001,000","2,992,000","8,946,000","-15,272,000","8,386,000",,,,,,,,,,,,,,,,,,,,,,,,,,,,,,,,,,,,,,,,,,,,,,,,,,,,,,,,,,,,,,,,,,,,,,
NetIncomeCommonStockholders,"815,601,000","78,034,000","497,307,000","109,671,000","130,796,000","190,693,000","-44,748,000","736,286,000","83,060,000","92,152,000","58,394,000","85,833,000","101,010,000","69,467,000","81,102,000","149,989,000","128,902,000","72,886,000","101,455,000","131,214,000","64,647,000","66,193,000","-55,602,000","190,787,000","128,529,000","358,064,000","62,594,000","111,969,000","294,428,000","39,499,000","179,704,000","74,529,000","72,005,000","46,686,000","40,853,000","36,214,000","52,807,000","58,010,000","27,106,000","48,271,000","38,064,000","31,556,000","40,140,000","23,868,000","14,122,000","22,248,000","17,471,000","12,789,000","39,014,000","40,355,000","28,286,000","-146,473,000","26,602,000","-63,345,000","96,762,000","82,552,000","86,645,000","72,108,000","75,096,000","125,113,000","150,855,000","128,989,000","88,518,000","105,835,000","93,286,000","104,757,000","82,434,000","80,928,000","83,871,000","72,897,000","75,602,000","68,521,000","68,480,000","81,159,000","88,595,000","49,318,000","66,352,000","58,353,000","56,147,000","56,446,000","56,285,000","57,012,000","52,707,000","52,782,000","49,484,000","47,288,000","44,942,000","44,376,000","42,091,000","22,800,000","45,600,000","42,400,000","39,500,000","13,412,123","31,200,000","27,500,000","25,500,000","5,098,745","20,600,000","21,000,000","20,600,000","3,492,418","19,800,000","18,400,000","15,900,000","5,500,000","13,900,000","12,900,000","12,000,000","10,500,000","10,300,000","10,100,000","9,400,000","9,000,000","8,200,000","10,200,000","7,200,000","5,400,000","5,300,000","4,300,000","4,000,000","-2,500,000","2,100,000"
	NetIncome,"844,059,000","81,681,000","507,739,000","116,697,000","137,942,000","201,234,000","-38,394,000","747,893,000","90,100,000","109,419,000","83,990,000","101,027,000","116,169,000","88,161,000","100,158,000","165,386,000","144,090,000","84,896,000","121,030,000","143,416,000","76,733,000","78,273,000","-43,545,000","203,409,000","140,713,000","379,201,000","77,572,000","127,000,000","310,342,000","52,781,000","194,708,000","89,512,000","87,000,000","61,609,000","55,763,000","51,139,000","67,770,000","88,381,000","54,941,000","69,112,000","53,638,000","46,397,000","54,981,000","38,709,000","28,963,000","37,089,000","30,333,000","24,611,000","50,836,000","52,177,000","40,108,000","-134,651,000","38,424,000","-51,523,000","108,584,000","94,374,000","98,467,000","83,039,000","78,005,000","128,022,000","153,764,000","131,899,000","91,427,000","108,744,000","96,195,000","107,667,000","85,343,000","83,837,000","86,780,000","75,807,000","78,511,000","71,430,000","71,389,000","84,069,000","91,504,000","61,346,000","70,961,000","62,962,000","60,756,000","61,055,000","60,894,000","61,882,000","59,250,000","59,352,000","56,053,000","53,858,000","51,512,000","50,946,000","48,709,000","49,278,000","45,600,000","42,400,000","39,500,000","38,065,970","31,200,000","27,500,000","25,500,000","23,536,445","20,600,000","21,000,000","20,600,000","19,626,893","19,800,000","18,400,000","15,900,000","13,100,000","13,900,000","12,900,000","12,000,000","10,500,000","10,300,000","10,100,000","9,400,000","9,000,000","8,200,000","10,200,000","7,200,000","5,400,000","5,300,000","4,300,000","4,000,000","-2,500,000","2,100,000"
		NetIncomeIncludingNoncontrollingInterests,"849,696,000","81,949,000","509,204,000","117,118,000","141,425,000","201,799,000","-37,429,000","748,118,000","90,389,000","110,043,000","85,453,000","101,387,000","116,678,000","87,947,000","100,725,000","165,809,000","143,982,000","84,566,000","122,216,000","154,674,000","78,215,000","80,686,000","-41,548,000","204,846,000","142,154,000","378,711,000","81,084,000","127,609,000","312,739,000","50,761,000","197,309,000","91,950,000","95,860,000","60,385,000","57,188,000","53,272,000","70,508,000","91,655,000","57,084,000","72,387,000","59,148,000","50,159,000","58,593,000","41,315,000","32,022,000","46,676,000","32,989,000","27,277,000","54,710,000","52,491,000","43,645,000","-131,867,000","41,792,000","-51,028,000","120,442,000","100,510,000","107,109,000","92,742,000","88,630,000","137,703,000","157,898,000","138,592,000","97,173,000","116,797,000","102,009,000","109,402,000","89,006,000","87,749,000","89,916,000","78,408,000","80,823,000","74,431,000","73,618,000","86,194,000","93,851,000","63,152,000","72,552,000","64,654,000","61,018,000","61,323,000","61,102,000","62,075,000","59,601,000","59,352,000","56,053,000","55,912,000","51,512,000","50,946,000","48,709,000","50,767,000","45,600,000","42,400,000","39,500,000","39,341,330","31,200,000","27,500,000","25,500,000","23,999,967","20,600,000","21,000,000","20,600,000","20,097,334","19,800,000","18,400,000","15,900,000","12,900,000","13,900,000","12,900,000","12,000,000","10,400,000","10,300,000","10,100,000","9,400,000","8,700,000","8,200,000","10,200,000","7,200,000","5,400,000","5,300,000","4,300,000","4,000,000","-2,500,000","2,100,000"
			NetIncomeContinuousOperations,"849,696,000","81,949,000","509,204,000","117,118,000","141,425,000","173,171,000","-37,429,000","748,118,000","90,389,000","110,043,000","85,453,000","101,387,000","116,678,000","268,408,000","72,475,000","70,569,000","87,011,000","53,130,000","81,683,000","134,791,000","76,529,000","69,836,000","-51,319,000","165,578,000","115,258,000","339,117,000","53,419,000","101,110,000","280,759,000","83,682,000","104,554,000","73,691,000","80,118,000","75,279,000","42,176,000","77,595,000","67,388,000","44,429,000","47,625,000","62,387,000","53,608,000","46,736,000","52,657,000","44,889,000","31,017,000","28,834,000","32,562,000","25,944,000","55,163,000","50,905,000","43,076,000","-133,295,000","41,401,000","-62,611,000","98,385,000","94,042,000","94,687,000","82,706,000","76,016,000","99,799,000","100,730,000","80,699,000","88,764,000","90,590,000","83,598,000","95,062,000","76,876,000","77,836,000","82,685,000","77,618,000","70,148,000","63,129,000","70,927,000","53,489,000","57,425,000","58,305,000","66,282,000","66,863,000","60,115,000","60,511,000","56,285,000","57,012,000","52,707,000","52,782,000","49,484,000","73,616,000","44,942,000","44,376,000","42,091,000","49,278,000","45,600,000","42,400,000","39,500,000","38,066,331","36,100,000","27,500,000","25,500,000","5,098,745","20,600,000","21,000,000","20,600,000","19,626,893","19,800,000","18,400,000","15,900,000","13,100,000","13,900,000","12,900,000","12,000,000","10,500,000","10,300,000","10,100,000","10,200,000","9,500,000","8,600,000","10,200,000","7,000,000","5,400,000","5,300,000","4,300,000","4,000,000","-2,500,000","2,100,000"
			NetIncomeDiscontinuousOperations,,,,,,,,,,,,,,,,,,,,,,"0","0","0","0","0","0","0","-75,000","-32,921,000","92,755,000","17,870,000","15,742,000","-15,246,000","14,472,000","-24,323,000","2,580,000","42,927,000","9,459,000","5,941,000","5,540,000","3,423,000","5,936,000","-3,574,000","1,005,000","15,465,000","427,000","-1,052,000","-445,000","-2,281,000","569,000","-127,000","365,000","11,081,000","9,011,000","308,000","3,780,000","333,000","1,613,000","17,977,000","10,682,000","50,134,000","2,663,000","16,760,000","12,597,000","12,605,000","7,785,000","5,445,000","2,500,000","5,593,000","6,792,000","6,368,000","-3,437,000","26,108,000","29,080,000","-338,000","3,464,000","-3,901,000","641,000","544,000",,,,,,,,,,,,,,,,,,,,,,,,,,,,,,,,,,,,,,,,,,,
			NetIncomeExtraordinary,,,,,,,,,,,,,,,"28,250,000","95,240,000","56,971,000","31,436,000","40,533,000","19,883,000","1,686,000","10,850,000","9,771,000","39,268,000","26,896,000","39,594,000","27,665,000","26,499,000","32,055,000","0","0","389,000","0","352,000","540,000","0","540,000","239,000",,"4,059,000",,,,,,,,,,,,,,,"0","0","0","0","0","8,640,000","41,625,000",,,,,,,,,,,,,,,,,,,,,,,,,,,,,,,,,,,,,,,,,,,,,,,,,,,,,,,,,,,,,,
			NetIncomeFromTaxLossCarryforward,,,,,,,,,,,,,,,,,,,,,,,,,,,,,,,,,,,,,,,,,,,,,,,,"2,385,000","-8,000",,,"1,555,000","26,000",,,,,,,,,,,,,,,,,,,,,,,,,,,,,,,,,,,,,,,,,"900,000","-4,900,000",,,,,,,,,,,,,,,"0",,,"-800,000","-500,000","-400,000",,"200,000",,,,,,
		MinorityInterests,"-5,637,000","-268,000","-1,465,000","-421,000","-3,483,000","-565,000","-965,000","-225,000","-289,000","-624,000","-1,463,000","-360,000","-509,000","214,000","-567,000","-423,000","108,000","330,000","-1,186,000","-11,258,000","-1,482,000","-2,413,000","-1,997,000","-1,437,000","-1,441,000","490,000","-3,512,000","-609,000","-2,397,000","2,020,000","-2,601,000","-2,438,000","-8,860,000","1,224,000","-1,425,000","-2,133,000","-2,738,000","-3,274,000","-2,143,000","-3,275,000","-5,510,000","-3,762,000","-3,612,000","-2,606,000","-3,059,000","-9,587,000","-2,656,000","-2,666,000","-3,874,000","-314,000","-3,537,000","-2,784,000","-3,368,000","-495,000","-11,858,000","-6,136,000","-8,642,000","-9,703,000","-10,625,000","-9,681,000","-4,134,000","-6,693,000","-5,746,000","-8,053,000","-5,814,000","-1,735,000","-3,663,000","-3,912,000","-3,136,000","-2,601,000","-2,312,000","-3,001,000","-2,229,000","-2,125,000","-2,347,000","-1,806,000","-1,591,000","-1,692,000","-262,000","-268,000","-208,000","-193,000","-351,000",,,,,,,,,,,,,,,,,,,,,,,,,,,,,,,,,,,,,,,,
	PreferredStockDividends,"25,416,000","6,354,000","6,354,000","6,354,000","6,354,000","6,354,000","6,354,000","6,354,000","6,354,000","9,448,000","13,573,000","14,534,000","14,534,000","14,534,000","14,534,000","14,534,000","14,589,000","11,431,000","12,059,000","11,555,000","11,555,000","11,555,000","11,555,000","11,555,000","11,555,000","13,365,000","14,573,000","14,573,000","14,573,000","14,574,000","14,573,000","14,573,000","14,573,000","14,574,000","14,573,000","14,573,000","14,573,000","13,660,000","21,622,000","20,841,000","15,574,000","14,841,000","14,841,000","14,841,000","14,841,000","14,841,000","12,862,000","11,822,000","11,822,000","11,822,000","11,822,000","11,822,000","11,822,000","11,822,000","11,822,000","11,822,000","11,822,000","10,931,000","2,909,000","2,909,000","2,909,000","2,910,000","2,909,000","2,909,000","2,909,000","2,910,000","2,909,000","2,909,000","2,909,000","2,910,000","2,909,000","2,909,000","2,909,000","2,910,000","2,909,000","4,241,000","4,609,000","4,609,000","4,609,000","4,609,000","4,609,000","4,870,000","6,543,000","6,570,000","6,569,000","6,570,000","6,570,000","6,570,000","6,618,000",,,,,,,,,,,,,,,,,,,,,,,,,,,,,,,,,,
	OtherunderPreferredStockDividend,"3,042,000","-2,707,000","4,078,000","672,000","792,000","4,187,000","0","5,253,000","686,000","7,819,000","12,023,000","660,000","625,000","4,160,000","4,522,000","863,000","599,000","579,000","7,516,000","647,000","531,000","525,000","502,000","1,067,000","629,000","7,772,000","405,000","458,000","1,341,000","-1,292,000","431,000","410,000","422,000","349,000","337,000","352,000","390,000","16,711,000","6,213,000",,,,,,,,,,,,,,,,,,,,,,,,,,,,,,,,,,,"0",,"7,787,000",,,,,,,,,,,,,,,,,,,,,,,,,,,,,,,,,,,,,,,,,,,,,,,
AverageDilutionEarnings,"3,087,000","78,000","42,000","9,000",,,,"33,000",,"10,000",,,"25,000","-584,000","0","282,000",,,,"259,000","0","0","0","28,000","13,000","-254,000","0","139,000","817,000",,"130,000",,,,,,,,,,,,,,,,,,,,,,,,,,,,,,,,,,,,,,,,,,,,,,,,,,,,,,,,,,,,,,,,,,,,,,,,,,,,,,,,,,,,,,,,,,,,
DilutedNIAvailtoComStockholders,"818,688,000","78,112,000","497,349,000","109,680,000","130,796,000","190,854,000","-44,748,000","736,319,000","83,060,000","92,162,000","58,394,000","85,833,000","101,035,000","68,883,000","81,102,000","150,271,000","128,902,000","72,886,000","101,455,000","131,473,000","64,647,000","66,193,000","-55,602,000","190,815,000","128,542,000","357,810,000","62,594,000","112,108,000","295,245,000","39,109,000","179,834,000","74,529,000","72,005,000","46,686,000","40,853,000","36,214,000","52,807,000","58,010,000","27,106,000","48,271,000","38,064,000","31,556,000","40,140,000","23,868,000","14,122,000","22,248,000","17,471,000","12,789,000","39,014,000","40,355,000","28,286,000","-146,473,000","26,602,000","-63,345,000","96,762,000","82,552,000","86,645,000","72,108,000","75,096,000","125,113,000","150,855,000","128,989,000","88,518,000","105,835,000","93,286,000","104,757,000","82,434,000","80,928,000","83,871,000","72,897,000","75,602,000","68,521,000","68,480,000","81,159,000","88,595,000","49,318,000","66,352,000","58,353,000","56,147,000","56,446,000","56,285,000","57,012,000","52,707,000","52,782,000","49,484,000","47,288,000","44,942,000","44,376,000","42,091,000","22,800,000","45,600,000","42,400,000","39,500,000","13,412,123","31,200,000","27,500,000","25,500,000","5,098,745","20,600,000","21,000,000","20,600,000","3,492,418","19,800,000","18,400,000","15,900,000","5,500,000","13,900,000","12,900,000","12,000,000","10,500,000","10,300,000","10,100,000","9,400,000","9,000,000","8,200,000","10,200,000","7,200,000","5,400,000","5,300,000","4,300,000","4,000,000","-2,500,000","2,100,000"
BasicEPS,,"0.13","0.91","0.25","0.3","0.46","-0.1","1.71","0.19","0.22","0.14","0.2","0.24","0.17","0.19","0.36","0.3","0.17","0.24","0.31","0.15","0.16","-0.13","0.46","0.31","0.87","0.15","0.27","0.72","0.09","0.44","0.18","0.18","0.11","0.1","0.09","0.13","0.14","0.07","0.12","0.09",,"0.1","0.06","0.03",,"0.04","0.03","0.1",,"0.07","-0.4","0.1",,"0.38","0.33","0.34",,"0.3","0.5","0.6",,"0.37","0.44","0.41",,"0.36","0.355","0.37",,"0.34","0.31","0.31",,"0.41","0.235","0.315",,"0.27","0.27","0.27",,"0.273","0.277","0.26",,"0.24","0.243","0.23",,"0.213","0.197","0.183",,"0.137","0.17","0.173",,"0.147","0.15","0.147",,"0.14","0.13","0.127",,"0.117","0.113","0.11",,"0.097","0.097","0.087",,"0.09","0.117","0.097",,"0.07","0.07","0.063","-0.083","0.07"
DilutedEPS,,"0.13","0.91","0.25","0.3","0.45","-0.1","1.71","0.19","0.22","0.14","0.2","0.24","0.17","0.19","0.36","0.3","0.17","0.24","0.31","0.15","0.16","-0.13","0.46","0.31","0.87","0.15","0.27","0.71","0.09","0.44","0.18","0.18","0.11","0.1","0.09","0.13","0.14","0.07","0.12","0.09",,"0.1","0.06","0.03",,"0.04","0.03","0.1",,"0.07","-0.4","0.1",,"0.37","0.32","0.34",,"0.293","0.49","0.59",,"0.36","0.43","0.4",,"0.36","0.35","0.365",,"0.34","0.305","0.305",,"0.4","0.23","0.315",,"0.265","0.27","0.265",,"0.27","0.273","0.257",,"0.237","0.24","0.23",,"0.213","0.197","0.18",,"0.137","0.167","0.17",,"0.147","0.15","0.147",,"0.14","0.13","0.127",,"0.117","0.113","0.11",,"0.097","0.097","0.087",,"0.09","0.117","0.097",,"0.07","0.07","0.063","-0.083","0.07"
BasicAverageShares,,"614,150,000","546,842,000","431,011,000","430,524,000","430,103,000","429,994,000","429,967,000","429,735,000","422,467,000","419,823,000","419,697,000","419,464,000","419,258,000","419,230,000","420,731,000","423,404,000","423,734,000","423,688,000","423,650,000","423,381,000","423,087,000","420,073,000","417,748,000","412,630,000","411,667,000","411,487,000","411,317,000","410,433,000","409,740,000","409,326,000","408,902,000","408,367,000","408,139,000","408,060,000","407,640,000","406,662,000","406,345,000","405,810,000","405,560,000","406,272,000",,"406,564,000","406,559,000","406,440,000",,"405,854,000","405,705,000","405,564,000",,"376,559,000","368,254,000","271,083,000",,"256,164,000","253,740,000","252,932,000",,"252,327,000","252,074,000","251,365,000",,"241,002,000","240,554,000","228,674,000",,"228,983,333","227,966,197","226,678,378",,"222,358,824","221,035,484","220,903,226",,"216,085,366","209,863,830","210,641,270",,"207,951,852","209,059,259","208,462,963",,"192,830,488","190,778,313","190,323,077",,"187,258,333","182,367,123","183,004,348",,"182,101,950","180,746,626","215,346,872",,"154,291,786","161,683,864","147,041,864",,"140,384,353","139,930,035","140,384,353",,"133,958,995","125,463,584","125,463,584",,"119,083,315","113,766,646","109,036,391",,"106,498,475","104,430,543","108,407,335",,"91,065,578","87,384,879","74,445,536",,"75,676,447","61,397,872","63,126,332","29,985,007","29,985,007"
DilutedAverageShares,,"616,612,000","548,766,000","432,489,000","432,264,000","431,708,000","429,994,000","431,170,000","430,505,000","423,857,000","421,002,000","420,646,000","420,763,000","419,886,000","419,764,000","421,928,000","424,521,000","424,088,000","424,311,000","424,944,000","424,146,000","424,249,000","420,073,000","419,302,000","414,145,000","413,346,000","412,686,000","413,086,000","415,396,000","411,000,000","411,101,000","410,005,000","409,444,000","408,995,000","408,866,000","408,831,000","407,666,000","406,837,000","406,747,000","406,476,000","407,279,000",,"407,292,000","407,562,000","407,361,000",,"406,253,000","406,009,000","405,713,000",,"378,127,000","368,254,000","271,158,000",,"258,933,000","257,318,000","255,916,000",,"256,497,000","257,398,000","257,422,000",,"246,146,000","246,048,000","233,620,000",,"228,983,333","231,222,857","229,783,562",,"226,446,281","224,659,016","224,524,590",,"221,487,500","214,426,087","210,641,270",,"211,875,472","209,059,259","212,396,226",,"195,211,111","193,104,878","192,794,805",,"189,895,775","184,900,000","183,004,348",,"182,101,950","180,746,626","219,334,777",,"157,347,069","164,917,541","149,925,037",,"140,384,353","139,930,035","140,384,353",,"133,958,995","125,463,584","125,463,584",,"119,083,315","113,766,646","109,036,391",,"106,498,475","104,430,543","108,407,335",,"91,065,578","87,384,879","74,445,536",,"75,676,447","61,397,872","63,126,332","29,985,007","29,985,007"
TotalOperatingIncomeAsReported,"424,286,000","125,792,000","76,257,000","117,769,000","104,468,000","80,302,000","72,882,000","64,120,000","115,308,000","136,616,000","99,468,000","107,400,000","134,103,000","291,913,000","102,206,000","84,349,000","103,938,000","79,086,000","99,845,000","65,911,000","92,637,000","71,817,000","76,080,000","53,667,000","99,259,000","82,407,000","74,987,000","92,212,000","93,966,000","89,552,000","89,796,000","7,772,000","78,595,000","91,353,000","8,729,000","48,984,000","77,134,000","55,302,000","75,037,000","55,283,000","67,481,000","70,049,000","71,655,000","76,628,000","68,223,000","69,614,000","71,042,000","77,392,000","159,132,000","76,288,000","64,021,000",,,,"17,283,000","30,831,000","100,351,000","47,481,000","50,222,000","100,347,000","115,694,000","106,241,000","112,326,000","110,834,000","104,394,000","99,195,000","97,095,000","94,975,000","95,074,000","92,222,000","91,880,000","97,433,000","103,379,000","85,273,000","90,275,000","89,451,000","90,461,000","161,504,000","61,885,000","64,166,000","65,207,000","67,374,000","67,812,000","70,628,000","70,184,000","70,090,000","70,419,000","68,765,000","67,039,000",,,,,,,,,,,,,,,,,,,,,,,,,,,,,,,,,,
RentExpenseSupplemental,"13,773,000","4,067,000","3,678,000","2,993,000","3,035,000","2,841,000","2,767,000","2,827,000","2,835,000","2,859,000","2,836,000","2,924,000","2,692,000","2,667,000","2,702,000","2,742,000","2,818,000","2,833,000","2,764,000","2,765,000","2,783,000","2,719,000","2,728,000","2,728,000","2,818,000","2,868,000","2,913,000","3,012,000","3,554,000","3,888,000","3,559,000","3,498,000","3,305,000","3,323,000","3,319,000","3,380,000","3,325,000","3,304,000","3,270,000","2,932,000","3,269,000","3,324,000","3,461,000","3,808,000","3,299,000",,"3,505,000",,,,,,,,"3,320,000",,,,,,,,,,,,,,,,,,,,,,,,,,,,,,,,,,,,,,,,,,,,,,,,,,,,,,,,,,,,,,,,,,,,
TotalExpenses,"917,352,000","296,219,000","246,477,000","186,811,000","187,845,000","186,811,000","186,513,000","176,508,000","175,309,000","183,842,000","172,819,000","174,784,000","180,327,000","176,776,000","177,538,000","186,181,000","192,494,000","203,088,000","192,056,000","201,546,000","199,334,000","200,069,000","198,923,000","185,608,000","192,103,000","200,988,000","207,337,000","186,390,000","183,099,000","160,092,000","166,109,000","164,104,000","164,451,000","156,419,000","158,003,000","161,778,000","160,846,000","164,875,000","156,253,000","155,641,000","159,800,000","181,175,000","144,954,000","143,950,000","164,512,000","152,932,000","151,046,000","150,351,000","157,633,000","150,960,000","141,785,000","122,700,000","144,872,000","176,045,000","120,445,000","99,667,000","127,764,000","132,245,000","123,490,000","70,438,000","42,583,000","41,561,000","41,463,000","40,668,000","38,311,000","35,173,000","33,346,000","33,162,000","36,969,000","32,526,000","31,394,000","33,593,000","36,548,000","30,720,000","31,113,000","31,829,000","34,769,000","-26,854,000","49,216,000","51,312,000","50,784,000","47,478,000","46,483,000","47,239,000","51,417,000","46,368,000","45,307,000","46,102,000","45,317,000","314,830,000","-43,900,000","-43,900,000","-47,900,000","240,734,342","-41,500,000","-29,200,000","-27,400,000","141,866,227","-21,400,000","-18,400,000","-18,600,000","122,659,400","-16,300,000","-18,000,000","-18,500,000","-16,000,000","-15,900,000","-16,000,000","-15,400,000","-35,900,000","-14,900,000","-15,200,000","-14,500,000","-17,700,000","-15,500,000","-15,300,000","-14,900,000","-14,400,000","-13,600,000","-14,200,000","-14,500,000","-17,400,000","-17,700,000"
NetIncomeFromContinuingAndDiscontinuedOperation,"844,059,000","81,681,000","507,739,000","116,697,000","137,942,000","172,606,000","-38,394,000","747,893,000","90,100,000","109,419,000","83,990,000","101,027,000","116,169,000","268,622,000","71,908,000","70,146,000","87,119,000","53,460,000","80,497,000","123,533,000","75,047,000","67,423,000","-53,316,000","164,141,000","113,817,000","339,607,000","49,907,000","100,501,000","278,287,000","52,781,000","194,708,000","89,123,000","87,000,000","61,257,000","55,223,000","51,139,000","67,230,000","84,082,000","54,941,000","65,053,000","53,638,000","46,397,000","54,981,000","38,709,000","28,963,000","34,712,000","30,333,000","22,226,000","50,844,000","48,310,000","40,108,000","-136,206,000","38,398,000","-51,523,000","108,584,000","94,374,000","98,467,000","83,039,000","78,005,000","119,382,000","112,139,000","131,899,000","91,427,000","108,744,000","96,195,000","107,667,000","85,343,000","83,837,000","86,780,000","75,807,000","78,511,000","71,430,000","71,389,000","84,069,000","91,504,000","61,346,000","70,961,000","62,962,000","60,756,000","61,055,000","60,894,000","61,882,000","59,250,000","59,352,000","56,053,000","53,858,000","51,512,000","50,946,000","48,709,000","49,278,000","45,600,000","42,400,000","39,500,000","42,066,331","36,100,000","27,500,000","25,500,000","23,536,445","20,600,000","21,000,000","20,600,000","19,626,893","19,800,000","18,400,000","15,900,000","13,100,000","13,900,000","12,900,000","12,000,000","10,500,000","10,300,000","10,100,000","10,200,000","9,500,000","8,600,000","10,200,000","7,000,000","5,400,000","5,300,000","4,300,000","4,000,000","-2,500,000","2,100,000"
NormalizedIncome,"364,030,401.97","121,175,001.592","96,749,643.298","77,359,751.752","67,619,246.893","25,216,371.382","23,558,180","29,155,995.482","89,227,570.276","85,159,221.952","91,716,320","102,989,970","96,881,509.477","86,060,177.673","83,659,540","86,843,290","94,758,392.628","84,782,977.593","83,315,200","141,364,400","76,017,200","82,507,000","-19,867,800","195,468,800","118,140,338.051","350,092,000","55,343,195.756","109,776,400","282,806,588.778","81,061,094.274","107,219,136.569","158,463,092.922","74,012,467.806","61,054,061.573","89,348,250","98,449,900","66,728,700","46,616,950","48,101,535.388","74,431,200","52,925,033.341","46,229,519.425","52,187,191.538","42,756,097.836","21,589,465.348","26,609,550","32,127,700","23,785,000","49,337,050","42,409,450","36,271,450","-87,554,575.25","40,772,750","-62,604,000","99,573,000","84,097,600","94,687,000","85,719,400","77,678,070.686","101,967,250","103,866,550","81,295,800","88,859,400","93,864,400","76,378,800","98,742,675.744","78,644,000","71,136,200","84,848,200","72,932,812.455","68,734,600","62,431,000","72,478,800","59,739,400","62,156,455.714","63,073,426.578","67,187,507.518","70,437,612.133","57,841,969.269","60,498,446.051","57,335,629.823","60,320,415.179","57,206,808.703","50,606,201.226","49,354,478.013","51,650,600","48,062,000","47,652,000","45,714,400","49,278,000","45,600,000","42,400,000","39,500,000","42,066,331","36,100,000","27,500,000","25,500,000","21,542,157.2","20,060,000","20,460,000","20,060,000","18,388,455.8","19,260,000","17,860,000","15,360,000","13,100,000","13,900,000","12,900,000","12,000,000","10,500,000","10,300,000","10,100,000","10,200,000","9,500,000","8,600,000","10,200,000","7,000,000","5,400,000","5,300,000","4,300,000","4,000,000","-2,500,000","2,100,000"
InterestIncome,,,,,,,,,,,,,,,,,,,,,,"651,000","477,000","644,000",,"1,050,000","5,692,000","32,102,000","217,000","254,000","269,000","411,000","50,000","7,351,000","481,000","6,500,000","2,663,000","1,060,000","598,000","349,000","164,000","2,393,000","375,000","8,932,000","4,861,000","5,423,000","4,552,000","5,181,000","6,096,000","10,728,000","9,236,000","5,213,000","7,921,000",,,,,,,,,,,,,,,,,,,,,,,,,,,,,,,,,,,,,,,,,,,,,,,,,,,,,,,,,,,,,,,,,,,,,,
InterestExpense,"204,133,000","57,479,000","52,126,000","46,812,000","47,716,000","45,887,000","46,942,000","48,015,000","46,060,000","45,757,000","43,146,000","44,097,000","44,395,000","42,881,000","44,081,000","46,434,000","49,943,000","52,126,000","47,258,000","46,090,000","46,482,000","43,067,000","46,552,000","50,479,000","52,451,000","56,152,000","54,031,000","56,130,000","52,578,000","48,761,000","51,578,000","52,821,000","50,636,000","51,317,000","53,991,000","55,423,000","53,624,000","55,963,000","57,116,000","57,387,000","57,519,000","57,279,000","56,474,000","55,804,000","55,557,000","54,781,000","57,795,000","59,624,000","58,737,000","57,856,000","54,551,000","50,956,000","46,516,000","52,255,000","52,775,000","53,637,000","53,998,000",,,,,,,,,,,,,,,,,,,,,,,,,,,,,,,,,,,,,,,,,,,,,,,,,,,,,,,,,,,,,,,,,,
NetInterestIncome,"-204,133,000","-57,479,000","-52,126,000","-46,812,000","-47,716,000","-45,887,000","-46,942,000","-48,015,000","-46,060,000","-45,757,000","-43,146,000","-44,097,000","-44,395,000","-42,881,000","-44,081,000","-46,434,000","-49,943,000","-49,317,000","-47,258,000","-46,090,000","-46,482,000","-42,014,000","-45,667,000","-49,421,000","-52,041,000","-54,659,000","-47,894,000","-23,112,000","-51,225,000","-47,922,000","-50,892,000","-51,982,000","-48,887,000","-43,003,000","-52,585,000","-47,493,000","-49,975,000","-53,482,000","-54,426,000","-55,053,000","-55,348,000","-54,886,000","-56,099,000","-46,872,000","-50,696,000","-49,358,000","-53,243,000","-54,443,000","-52,641,000","-47,128,000","-45,315,000","-45,743,000","-38,595,000","-52,255,000","-52,775,000","-53,637,000","-53,998,000",,,,,,,,,,,,,,,,,,,,,,,,,,,,,,,,,,,,,,,,,,,,,,,,,,,,,,,,,,,,,,,,,,
EBIT,"949,259,000","96,421,000","540,080,000","143,848,000","168,910,000","234,135,000","-12,487,000","781,244,000","111,886,000","139,543,000","103,795,000","109,338,000","136,725,000","290,279,000","94,663,000","87,626,000","110,117,000","77,832,000","99,193,000","67,350,000","93,910,000","74,066,000","34,764,000","52,655,000","99,089,000","86,034,000","81,739,000","125,700,000","94,334,000","85,643,000","89,244,000","8,289,000","78,126,000","102,882,000","13,683,000","54,943,000","77,701,000","56,744,000","75,187,000","58,544,000","66,787,000","78,437,000","69,119,000","83,626,000","72,944,000","72,364,000","75,924,000","81,793,000","90,984,000","72,630,000","87,533,000","22,099,000","66,779,000","83,069,000","70,058,000","84,468,000","104,233,000","47,481,000","50,222,000","100,347,000","115,694,000","106,241,000","112,326,000","110,834,000","104,394,000","99,195,000","97,095,000","94,975,000","95,074,000","92,222,000","91,880,000","97,433,000","103,379,000","91,310,000","89,146,000","86,506,000","89,293,000","137,054,000","61,885,000","64,166,000","65,207,000","67,374,000","67,812,000","70,628,000","70,184,000","70,090,000","70,419,000","68,765,000","67,039,000","-224,850,000","158,700,000","156,200,000","164,600,000","-144,636,713","144,200,000","102,100,000","94,500,000","-94,436,824","75,600,000","67,400,000","66,900,000","-89,214,981","61,600,000","63,600,000","62,200,000","54,200,000","54,400,000","53,500,000","51,200,000","69,800,000","47,600,000","47,500,000","45,900,000","47,100,000","41,500,000","42,800,000","38,700,000","36,000,000","34,300,000","34,300,000","34,600,000","33,800,000","39,200,000"
EBITDA,"1,344,579,000"
ReconciledCostOfRevenue,"195,029,000","56,199,000","54,272,000","42,587,000","41,971,000","41,769,000","43,170,000","41,505,000","42,487,000","42,647,000","40,355,000","39,929,000","42,039,000","40,433,000","40,564,000","40,016,000","43,252,000","44,650,000","41,127,000","41,512,000","41,052,000","41,368,000","40,431,000","38,519,000","37,290,000","40,675,000","39,484,000","39,712,000","39,626,000","29,617,000","33,682,000","34,352,000","34,177,000","26,873,000","32,999,000","31,378,000","33,145,000","-51,609,000","59,523,000","58,362,000","60,484,000","63,328,000","62,296,000","60,799,000","68,424,000","64,163,000","60,720,000","62,324,000","67,859,000","64,595,000","57,181,000","54,868,000","58,809,000","56,331,000","54,075,000","50,027,000","53,761,000",,,,,,,,,,,,,,,,,,,,,,,,,,,,,,,,,,,,,,,,,,,,,,,,,,,,,,,,,,,,,,,,,,
ReconciledDepreciation,"395,320,000","133,633,000","114,238,000","72,573,000","74,876,000","74,295,000","71,704,000","73,559,000","69,397,000","68,439,000","68,874,000","69,005,000","71,561,000","74,266,000","74,972,000","79,760,000","81,382,000","85,024,000","88,443,000","95,270,000","92,074,000","90,884,000","96,827,000","82,753,000","84,856,000","86,095,000","103,708,000","80,155,000","74,569,000","73,179,000","70,618,000","67,630,000","61,666,000","66,435,000","64,378,000","64,269,000","62,773,000","64,778,000","66,773,000","66,306,000","64,885,000","62,327,000","60,526,000","61,954,000","66,332,000","62,603,000","61,863,000","61,581,000","61,590,000","59,723,000","56,639,000","55,274,000","56,140,000","52,915,000","53,020,000","51,330,000","49,253,000","53,386,000","48,563,000","47,103,000","42,218,000","42,274,000","36,966,000","35,840,000","29,687,000","27,479,000","26,671,000","27,709,000","26,183,000","25,264,000","24,395,000","26,221,000","26,992,000","25,156,000","21,593,000","20,573,000","19,867,000","17,852,000","18,971,000","19,138,000","18,846,000","18,580,000","18,490,000","18,930,000","18,210,000","18,277,000","18,098,000","17,679,000","17,074,000",,,,,,,,,,,,,,,,,,,,,,,,,,,,,,,,,,"4,000,000"
NetIncomeFromContinuingOperationNetMinorityInterest,"844,059,000","81,681,000","507,739,000","116,697,000","137,942,000","172,606,000","-38,394,000","747,893,000","90,100,000","109,419,000","83,990,000","101,027,000","116,169,000","268,622,000","71,908,000","70,146,000","87,119,000","53,460,000","80,497,000","123,533,000","75,047,000","67,423,000","-53,316,000","164,141,000","113,817,000","339,607,000","49,907,000","100,501,000","278,362,000","85,702,000","101,953,000","71,253,000","71,258,000","76,503,000","40,751,000","75,462,000","64,650,000","41,155,000","45,482,000","59,112,000","48,098,000","42,974,000","49,045,000","42,283,000","27,958,000","19,247,000","29,906,000","23,278,000","51,289,000","50,591,000","39,539,000","-136,079,000","38,033,000","-62,604,000","99,573,000","94,066,000","94,687,000","82,706,000","76,392,000","101,405,000","101,457,000","81,765,000","88,764,000","91,984,000","83,598,000","95,062,000","77,558,000","78,392,000","84,280,000","70,214,000","71,719,000","65,062,000","74,826,000","57,961,000","62,424,000","61,684,000","67,497,000","66,863,000","60,115,000","60,511,000","60,894,000","61,882,000","59,250,000","59,352,000","56,053,000","53,858,000","51,512,000","50,946,000","48,709,000","49,278,000","45,600,000","42,400,000","39,500,000","42,066,331","36,100,000","27,500,000","25,500,000","23,536,445","20,600,000","21,000,000","20,600,000","19,626,893","19,800,000","18,400,000","15,900,000","13,100,000","13,900,000","12,900,000","12,000,000","10,500,000","10,300,000","10,100,000","10,200,000","9,500,000","8,600,000","10,200,000","7,000,000","5,400,000","5,300,000","4,300,000","4,000,000","-2,500,000","2,100,000"
TotalUnusualItemsExcludingGoodwill,"482,216,000","-39,990,000","411,254,000","39,861,000","71,090,000","147,779,000","-84,866,000","718,787,000","873,000","24,328,000","-10,584,000","-2,689,000","19,420,000","184,488,000","-16,098,000","-22,873,000","-7,646,000","-33,051,000","-4,697,000","-29,719,000","-1,617,000","-25,140,000","-55,747,000","-52,213,000","-5,840,000","-17,475,000","-6,058,000","-15,459,000","-6,391,000","5,883,000","-6,141,000","-88,373,000","-3,832,000","17,642,000","-74,765,000","-35,366,000","-3,198,000","-8,403,000","-3,673,000","-23,568,000","-7,667,000","-4,354,000","-4,829,000","-592,000","8,409,000","-11,327,000","-3,418,000","-780,000","3,003,000","12,587,000","5,027,000","-49,699,000","-4,215,000",,"-1,643,000","15,336,000",,"-4,636,000","-1,306,000","-865,000","-3,707,000","782,000","-159,000","-3,134,000","12,032,000","-3,953,000","-1,810,000","12,093,000","-947,000","-2,802,000","4,974,000","4,385,000","3,912,000","-2,964,000","273,000","-1,419,000","318,000","-3,725,000","2,371,000","13,000","3,871,000","1,719,000","2,406,000","8,846,000","6,930,000","3,679,000","5,750,000","5,490,000","4,991,000",,,,,,,,,"3,323,813","900,000","900,000","900,000","2,064,062","900,000","900,000","900,000",,,,,,,,,,,,,,,,,,
TotalUnusualItems,"482,216,000","-39,990,000","411,254,000","39,861,000","71,090,000","147,779,000","-84,866,000","718,787,000","873,000","24,328,000","-10,584,000","-2,689,000","19,420,000","184,488,000","-16,098,000","-22,873,000","-7,646,000","-33,051,000","-4,697,000","-29,719,000","-1,617,000","-25,140,000","-55,747,000","-52,213,000","-5,840,000","-17,475,000","-6,058,000","-15,459,000","-6,391,000","5,883,000","-6,141,000","-88,373,000","-3,832,000","17,642,000","-74,765,000","-35,366,000","-3,198,000","-8,403,000","-3,673,000","-23,568,000","-7,667,000","-4,354,000","-4,829,000","-592,000","8,409,000","-11,327,000","-3,418,000","-780,000","3,003,000","12,587,000","5,027,000","-49,699,000","-4,215,000",,"-1,643,000","15,336,000",,"-4,636,000","-1,306,000","-865,000","-3,707,000","782,000","-159,000","-3,134,000","12,032,000","-3,953,000","-1,810,000","12,093,000","-947,000","-2,802,000","4,974,000","4,385,000","3,912,000","-2,964,000","273,000","-1,419,000","318,000","-3,725,000","2,371,000","13,000","3,871,000","1,719,000","2,406,000","8,846,000","6,930,000","3,679,000","5,750,000","5,490,000","4,991,000",,,,,,,,,"3,323,813","900,000","900,000","900,000","2,064,062","900,000","900,000","900,000",,,,,,,,,,,,,,,,,,
NormalizedEBITDA,"862,363,000","270,044,000","243,064,000","176,560,000","172,696,000","160,651,000","144,083,000","136,016,000","180,410,000","183,654,000","183,253,000","181,032,000","188,866,000","180,057,000","185,733,000","190,259,000","199,145,000","195,907,000","192,333,000","192,339,000","187,601,000","190,090,000","187,338,000","187,621,000","189,785,000","189,604,000","191,505,000","221,314,000","175,294,000","152,939,000","166,003,000","164,292,000","143,624,000","151,675,000","152,826,000","154,578,000","143,672,000","129,925,000","145,633,000","148,418,000","139,339,000","145,118,000","134,474,000","146,172,000","130,867,000","146,294,000","141,205,000","144,154,000","149,571,000","119,766,000","139,145,000","127,072,000","127,134,000","135,984,000","123,078,000","120,462,000","153,486,000","105,503,000","100,091,000","148,315,000","161,619,000","147,733,000","149,451,000","149,808,000","122,049,000","130,627,000","125,576,000","110,591,000","122,204,000","120,288,000","111,301,000","119,269,000","126,459,000","119,430,000","110,466,000","108,498,000","108,842,000","158,631,000","78,485,000","83,291,000","80,182,000","84,235,000","83,896,000","80,712,000","81,464,000","84,688,000","82,767,000","80,954,000","79,122,000","-224,850,000","158,700,000","156,200,000","164,600,000","-144,636,713","144,200,000","102,100,000","94,500,000","-97,760,637","74,700,000","66,500,000","66,000,000","-91,279,043","60,700,000","62,700,000","61,300,000","54,200,000","54,400,000","53,500,000","51,200,000","69,800,000","47,600,000","47,500,000","45,900,000","47,100,000","41,500,000","42,800,000","38,700,000","36,000,000","34,300,000","34,300,000","34,600,000","33,800,000","43,200,000"
TaxRateForCalcs,"0.005","0.012","0.001","0.013","0.011","0.003","0.27","0","0.001","0.003","0.27","0.27","0.007","0.01","0.27","0.27","0.001","0.052","0.4","0.4","0.4","0.4","0.4","0.4","0.26","0.4","0.103","0.4","0.305","0.211","0.142","0.013","0.281","0.124","0.35","0.35","0.35","0.35","0.287","0.35","0.37","0.252","0.349","0.201","0.243","0.35","0.35","0.35","0.35","0.35","0.35","0.024","0.35","0.35","0.35","0.35","0.187","0.35","0.015","0.35","0.35","0.4","0.4","0.4","0.4","0.069","0.4","0.4","0.4","0.03","0.4","0.4","0.4","0.4","0.02","0.021","0.027","0.04","0.041","0.034","0.081","0.092","0.151","0.011","0.033","0.4","0.4","0.4","0.4","0.4","0.4","0.4","0.4","0.4","0.4","0.4","0.4","0.4","0.4","0.4","0.4","0.4","0.4","0.4","0.4","0.4","0.4","0.4","0.4","0.4","0.4","0.4","0.4","0.4","0.4","0.4","0.4","0.4","0.4","0.4","0.4","0.4","0.4"
TaxEffectOfUnusualItems,"2,187,401.97","-495,998.408","264,643.298","523,751.752","767,246.893","389,371.382","-22,913,820","49,995.482","570.276","68,221.952","-2,857,680","-726,030","132,509.477","1,926,177.673","-4,346,460","-6,175,710","-6,607.372","-1,728,022.407","-1,878,800","-11,887,600","-646,800","-10,056,000","-22,298,800","-20,885,200","-1,516,661.949","-6,990,000","-621,804.244","-6,183,600","-1,946,411.222","1,242,094.274","-874,863.431","-1,162,907.078","-1,077,532.194","2,193,061.573","-26,167,750","-12,378,100","-1,119,300","-2,941,050","-1,053,464.612","-8,248,800","-2,839,966.659","-1,098,480.575","-1,686,808.462","-118,902.164","2,040,465.348","-3,964,450","-1,196,300","-273,000","1,051,050","4,405,450","1,759,450","-1,174,575.25","-1,475,250","0","0","5,367,600","0","-1,622,600","-19,929.314","-302,750","-1,297,450","312,800","-63,600","-1,253,600","4,812,800","-272,324.256","-724,000","4,837,200","-378,800","-83,187.545","1,989,600","1,754,000","1,564,800","-1,185,600","5,455.714","-29,573.422","8,507.518","-150,387.867","97,969.269","446.051","312,629.823","157,415.179","362,808.703","100,201.226","231,478.013","1,471,600","2,300,000","2,196,000","1,996,400","0","0","0","0","0","0","0","0","1,329,525.2","360,000","360,000","360,000","825,624.8","360,000","360,000","360,000","0","0","0","0","0","0","0","0","0","0","0","0","0","0","0","0","0","0"