name,ttm,12/31/2021,09/30/2021,06/30/2021,03/31/2021,12/31/2020,09/30/2020,06/30/2020,03/31/2020,12/31/2019,09/30/2019,06/30/2019,03/31/2019,12/31/2018,09/30/2018,06/30/2018,03/31/2018,12/31/2017,09/30/2017,06/30/2017,03/31/2017,12/31/2016,09/30/2016,06/30/2016,03/31/2016,12/31/2015,09/30/2015,06/30/2015,03/31/2015,12/31/2014,09/30/2014,06/30/2014,03/31/2014,12/31/2013,09/30/2013,06/30/2013,03/31/2013,12/31/2012,09/30/2012,06/30/2012,03/31/2012,12/31/2011,09/30/2011,06/30/2011,03/31/2011,12/31/2010,09/30/2010,06/30/2010,03/31/2010,12/31/2009,09/30/2009,06/30/2009,03/31/2009,12/31/2008,09/30/2008,06/30/2008,03/31/2008,12/31/2007,09/30/2007,06/30/2007,03/31/2007,12/31/2006,09/30/2006,06/30/2006,03/31/2006,12/31/2005,09/30/2005,06/30/2005,03/31/2005,12/31/2004,09/30/2004,06/30/2004,03/31/2004,12/31/2003,09/30/2003,06/30/2003,03/31/2003,12/31/2002,09/30/2002,06/30/2002,03/31/2002,12/31/2001,09/30/2001,06/30/2001,03/31/2001,12/31/2000,09/30/2000,06/30/2000,03/31/2000,12/31/1999,09/30/1999,06/30/1999,03/31/1999,12/31/1998,09/30/1998,06/30/1998,03/31/1998,12/31/1997,09/30/1997,06/30/1997,03/31/1997,12/31/1996,09/30/1996,06/30/1996,03/31/1996,12/31/1995,09/30/1995,06/30/1995,03/31/1995,12/31/1994,09/30/1994,06/30/1994,03/31/1994,12/31/1993,09/30/1993,06/30/1993,03/31/1993,12/31/1992,09/30/1992,06/30/1992,03/31/1992,12/31/1991,09/30/1991,06/30/1991,03/31/1991,12/31/1990,09/30/1990,06/30/1990,03/31/1990,12/31/1989,09/30/1989,06/30/1989,03/31/1989,12/31/1988,09/30/1988,06/30/1988,03/31/1988,12/31/1987,09/30/1987,06/30/1987,03/31/1987,12/31/1986,09/30/1986,06/30/1986,03/31/1986,12/31/1985,09/30/1985
TotalRevenue,"8,165,712,000","2,352,630,000","2,083,838,000","1,925,471,000","1,803,773,000","1,650,870,000","1,538,620,000","1,459,593,000","1,423,964,000","1,509,453,000","1,413,414,000","1,258,435,000","1,097,311,000","1,119,898,000","1,093,260,000","1,070,004,000","1,021,294,000","975,822,000","969,581,000","938,647,000","913,809,000","876,885,000","750,673,000","919,171,000","712,433,000","710,245,000","642,644,000","756,332,000","738,459,000","676,357,000","642,901,000","734,343,000","831,599,000","705,129,000","658,337,000","720,032,000","729,029,000","673,011,000","720,709,000","892,465,000","840,521,000","642,482,000","796,476,000","892,439,000","834,059,000","766,327,000","682,342,000","559,419,000","478,299,000","440,355,000","342,687,000","281,502,000","309,612,000","396,589,000","532,513,000","590,694,000","602,219,000","635,783,000","693,020,000","736,388,000","716,208,000","649,270,000","629,363,000","580,541,000","518,256,000","487,970,000","483,860,000","491,916,000","541,611,000","532,853,000","518,773,000","450,438,000","389,772,000","338,538,000","317,970,000","308,313,000","304,298,000","334,918,000","375,520,000","373,194,000","357,108,000","404,148,000","502,832,000","467,321,000","528,790,000","573,056,000","534,590,000","482,049,000","413,017,000","330,800,000","273,000,000","233,700,000","210,900,000","193,400,000","205,200,000","253,400,000","274,200,000","326,400,000","312,400,000","558,200,000","157,800,000","151,700,000","164,200,000","192,600,000","187,500,000","165,800,000","149,100,000","136,400,000","118,100,000","104,700,000","83,200,000","72,000,000","62,700,000","57,100,000","51,900,000","47,800,000","42,200,000","38,700,000","38,500,000","32,700,000","42,700,000","39,600,000","41,000,000","40,900,000","36,600,000","34,800,000","37,700,000","42,900,000","41,600,000","40,200,000","43,200,000","43,200,000","42,100,000","41,500,000","38,800,000","33,700,000","30,300,000","25,500,000","23,500,000","22,600,000","22,100,000","21,200,000","22,200,000","23,400,000","20,200,000","20,100,000","18,900,000"
	OperatingRevenue,"8,165,712,000","2,352,630,000","2,083,838,000","1,925,471,000","1,803,773,000","1,650,870,000","1,538,620,000","1,459,593,000","1,423,964,000","1,509,453,000","1,413,414,000","1,258,435,000","1,097,311,000","1,119,898,000","1,093,260,000","1,070,004,000","1,021,294,000","975,822,000","969,581,000","938,647,000","913,809,000","876,885,000","750,673,000","919,171,000","712,433,000","710,245,000","642,644,000","756,332,000","738,459,000","676,357,000","642,901,000","734,343,000","831,599,000","705,129,000","658,337,000","720,032,000","729,029,000","673,011,000","720,709,000","892,465,000","840,521,000","642,482,000","796,476,000","892,439,000","834,059,000","766,327,000","682,342,000","559,419,000","478,299,000","440,355,000","342,687,000","281,502,000","309,612,000","396,589,000","532,513,000","590,694,000","602,219,000","635,783,000","693,020,000","736,388,000","716,208,000","649,270,000","629,363,000","580,541,000","518,256,000","487,970,000","483,860,000","491,916,000","541,611,000","532,853,000","518,773,000","450,438,000","389,772,000","338,538,000","317,970,000","308,313,000","304,298,000","334,918,000","375,520,000","373,194,000","357,108,000","404,148,000","502,832,000","467,321,000","528,790,000","573,056,000","534,590,000","482,049,000","413,017,000","330,800,000","273,000,000","233,700,000","210,900,000","193,400,000","205,200,000","253,400,000","274,200,000","326,400,000","312,400,000","558,200,000","157,800,000","151,700,000","164,200,000","192,600,000","187,500,000","165,800,000","149,100,000","136,400,000","118,100,000","104,700,000","83,200,000","72,000,000","62,700,000","57,100,000","51,900,000","47,800,000","42,200,000","38,700,000","38,500,000","32,700,000","42,700,000","39,600,000","41,000,000","40,900,000","36,600,000","34,800,000","37,700,000","42,900,000","41,600,000","40,200,000","43,200,000","43,200,000","42,100,000","41,500,000","38,800,000","33,700,000","30,300,000","25,500,000","23,500,000","22,600,000","22,100,000","21,200,000","22,200,000","23,400,000","20,200,000","20,100,000","18,900,000"
CostOfRevenue,"3,203,656,000","908,162,000","813,624,000","772,241,000","709,629,000","669,733,000","620,562,000","621,544,000","590,158,000","633,618,000","604,241,000","592,785,000","486,945,000","408,260,000","381,387,000","377,898,000","368,688,000","347,334,000","353,449,000","347,930,000","343,274,000","318,507,000","277,836,000","337,568,000","274,599,000","280,980,000","270,244,000","323,267,000","320,282,000","283,213,000","288,467,000","326,665,000","342,826,000","285,814,000","277,657,000","306,804,000","309,508,000","303,915,000","317,225,000","361,663,000","355,149,000","272,855,000","340,349,000","356,180,000","327,696,000","311,398,000","263,969,000","227,919,000","208,565,000","207,286,000","171,892,000","164,621,000","209,223,000","238,167,000","258,203,000","268,868,000","285,650,000","285,005,000","305,893,000","315,681,000","306,751,000","297,772,000","270,119,000","284,148,000","226,620,000","217,103,000","214,220,000","207,311,000","221,838,000","217,735,000","215,469,000","187,498,000","170,605,000","156,369,000","155,541,000","157,292,000","156,731,000","171,138,000","186,344,000","186,112,000","182,102,000","201,811,000","244,368,000","221,947,000","242,693,000","244,436,000","228,076,000","206,943,000","181,372,000","153,400,000","136,100,000","118,900,000","110,700,000","104,900,000","112,700,000","129,700,000","134,200,000","150,300,000","140,800,000","247,400,000","75,300,000","69,300,000","68,700,000","83,800,000","81,000,000","72,300,000","63,300,000","58,700,000","52,000,000","44,800,000","38,500,000","33,900,000","30,500,000","29,900,000","28,800,000","26,900,000","25,300,000","22,600,000","23,100,000","21,800,000","25,400,000","20,200,000","21,900,000","22,300,000","17,400,000","16,900,000","18,600,000","20,500,000","20,500,000","19,000,000",,,,,,,,,,,,,,,,,
GrossProfit,"4,962,056,000","1,444,468,000","1,270,214,000","1,153,230,000","1,094,144,000","981,137,000","918,058,000","838,049,000","833,806,000","875,835,000","809,173,000","665,650,000","610,366,000","711,638,000","711,873,000","692,106,000","652,606,000","628,488,000","616,132,000","590,717,000","570,535,000","558,378,000","472,837,000","581,603,000","437,834,000","429,265,000","372,400,000","433,065,000","418,177,000","393,144,000","354,434,000","407,678,000","488,773,000","419,315,000","380,680,000","413,228,000","419,521,000","369,096,000","403,484,000","530,802,000","485,372,000","369,627,000","456,127,000","536,259,000","506,363,000","454,929,000","418,373,000","331,500,000","269,734,000","233,069,000","170,795,000","116,881,000","100,389,000","158,422,000","274,310,000","321,826,000","316,569,000","350,778,000","387,127,000","420,707,000","409,457,000","351,498,000","359,244,000","296,393,000","291,636,000","270,867,000","269,640,000","284,605,000","319,773,000","315,118,000","303,304,000","262,940,000","219,167,000","182,169,000","162,429,000","151,021,000","147,567,000","163,780,000","189,176,000","187,082,000","175,006,000","202,337,000","258,464,000","245,374,000","286,097,000","328,620,000","306,514,000","275,106,000","231,645,000","177,400,000","136,900,000","114,800,000","100,200,000","88,500,000","92,500,000","123,700,000","140,000,000","176,100,000","171,600,000","310,800,000","82,500,000","82,400,000","95,500,000","108,800,000","106,500,000","93,500,000","85,800,000","77,700,000","66,100,000","59,900,000","44,700,000","38,100,000","32,200,000","27,200,000","23,100,000","20,900,000","16,900,000","16,100,000","15,400,000","10,900,000","17,300,000","19,400,000","19,100,000","18,600,000","19,200,000","17,900,000","19,100,000","22,400,000","21,100,000","21,200,000",,,,,,,,,,,,,,,,,
OperatingExpense,"1,785,371,000","478,510,000","451,414,000","433,450,000","421,997,000","410,973,000","391,669,000","384,891,000","401,193,000","413,004,000","398,925,000","396,750,000","367,071,000","278,365,000","267,968,000","268,600,000","266,802,000","262,291,000","254,445,000","241,719,000","226,422,000","224,444,000","223,621,000","231,251,000","202,996,000","214,804,000","211,606,000","230,578,000","223,191,000","238,430,000","245,281,000","234,664,000","227,610,000","231,333,000","230,769,000","225,593,000","217,275,000","215,849,000","216,927,000","212,503,000","201,098,000","210,164,000","201,838,000","192,190,000","194,584,000","186,063,000","182,757,000","170,658,000","178,455,000","185,974,000","155,845,000","151,848,000","172,670,000","664,053,000","239,372,000","218,415,000","191,369,000","257,291,000","209,849,000","245,843,000","226,802,000","273,139,000","205,254,000","231,300,000","204,291,000","194,352,000","188,802,000","169,365,000","164,926,000","159,610,000","146,337,000","141,365,000","131,414,000","131,107,000","125,461,000","141,900,000","121,967,000","137,024,000","141,294,000","139,859,000","137,909,000","146,057,000","154,171,000","174,114,000","173,744,000","190,737,000","171,545,000","159,002,000","139,245,000","115,700,000","100,200,000","92,500,000","87,200,000","88,500,000","95,400,000","102,000,000","106,200,000","108,900,000","107,300,000","196,900,000","51,700,000","53,600,000","62,600,000","60,800,000","58,800,000","50,500,000","46,900,000","18,900,000","36,100,000","34,100,000","26,800,000","24,200,000","20,300,000","18,600,000","17,200,000","16,200,000","14,100,000","13,700,000","13,900,000","25,800,000","18,700,000","18,100,000","17,700,000","17,400,000","18,100,000","17,100,000","18,200,000","19,500,000","18,200,000","18,000,000",,,,,,,,,,,,,,,,,
	SellingGeneralAndAdministration,"781,802,000","213,479,000","193,261,000","192,022,000","183,040,000","181,909,000","172,631,000","167,791,000","185,760,000","192,253,000","188,345,000","190,040,000","182,184,000","112,462,000","114,438,000","116,649,000","113,518,000","105,546,000","107,713,000","105,164,000","96,252,000","93,532,000","94,388,000","103,797,000","87,407,000","96,532,000","91,663,000","101,739,000","98,608,000","104,873,000","101,644,000","96,216,000","93,449,000","96,746,000","98,496,000","97,899,000","98,487,000","94,241,000","97,185,000","93,793,000","90,996,000","93,801,000","94,076,000","91,261,000","98,967,000","91,166,000","88,037,000","87,349,000","93,714,000","102,673,000","77,636,000","72,621,000","90,061,000","568,787,000","125,011,000","101,945,000","94,723,000","159,778,000","110,505,000","121,989,000","120,537,000","165,038,000","105,961,000","128,482,000","108,364,000","96,025,000","92,051,000","82,208,000","76,114,000","72,449,000","69,190,000","64,255,000","62,265,000","62,177,000","60,009,000","57,855,000","60,548,000","65,089,000","70,441,000","70,914,000","66,430,000","71,996,000","81,248,000","85,047,000","83,916,000","94,508,000","90,897,000","82,615,000","71,700,000","60,100,000","53,400,000","48,800,000","47,800,000","50,000,000","52,600,000","58,600,000","60,100,000","61,600,000","62,100,000","125,000,000","29,600,000","47,900,000","57,100,000","55,200,000","54,600,000","47,400,000","43,500,000","16,200,000","33,900,000","30,500,000","24,700,000","22,000,000","17,500,000","16,100,000","14,800,000","12,800,000","12,800,000","11,200,000","11,500,000","22,900,000","15,900,000","15,500,000","15,300,000","15,100,000","15,000,000","15,400,000","16,200,000","16,800,000","15,900,000","16,100,000",,,,,,,,,,,,,,,,,
	ResearchAndDevelopment,"1,003,569,000","265,031,000","258,153,000","241,428,000","238,957,000","229,064,000","219,038,000","217,100,000","215,433,000","220,751,000","210,580,000","206,710,000","184,887,000","165,903,000","153,530,000","151,951,000","153,284,000","156,745,000","146,732,000","136,555,000","130,170,000","130,912,000","129,233,000","127,454,000","115,589,000","118,272,000","119,943,000","128,839,000","124,583,000","133,557,000","143,637,000","138,448,000","134,161,000","134,587,000","132,273,000","127,694,000","118,788,000","121,608,000","119,742,000","118,710,000","110,102,000","116,363,000","107,762,000","100,929,000","95,617,000","94,897,000","94,720,000","83,309,000","84,741,000","83,301,000","78,209,000","79,227,000","82,609,000","95,266,000","114,361,000","116,470,000","96,646,000","97,513,000","99,344,000","123,854,000","106,265,000","108,101,000","99,293,000","102,818,000","95,927,000","98,327,000","96,751,000","87,157,000","88,812,000","87,161,000","77,147,000","77,110,000","69,149,000","68,930,000","65,452,000","64,084,000","61,419,000","71,935,000","70,853,000","68,945,000","71,479,000","74,061,000","72,923,000","89,067,000","89,828,000","96,229,000","80,648,000","76,387,000","67,498,000","55,600,000","46,700,000","43,800,000","39,500,000","38,500,000","42,900,000","43,400,000","46,100,000","47,300,000","45,200,000","71,900,000","22,000,000",,,,,,,,,,,,,,,,,,,,,,,,,,,,,,,,,,,,,,,,,,,,,,
	DepreciationAmortizationDepletionIncomeStatement,,,,,,,,,,,,,,,,,,,,,,,,,,,,,,,,,,,,,,,,,,,,,,,,,,,,,,,,,,,,,,,,,,,,,,,,,,,,,,,,,,,,,,,,,,,,,,,,,,,,,,"5,700,000","5,500,000","5,600,000","4,200,000","3,100,000","3,400,000","2,700,000","2,200,000","3,600,000","2,100,000","2,200,000","2,800,000","2,500,000","2,400,000","3,400,000","1,300,000","2,500,000","2,400,000","2,900,000","2,800,000","2,600,000","2,400,000","2,300,000","3,100,000","1,700,000","2,000,000","2,700,000","2,300,000","1,900,000",,,,,,,,,,,,,,,,,
		DepreciationAndAmortizationInIncomeStatement,,,,,,,,,,,,,,,,,,,,,,,,,,,,,,,,,,,,,,,,,,,,,,,,,,,,,,,,,,,,,,,,,,,,,,,,,,,,,,,,,,,,,,,,,,,,,,,,,,,,,,"5,700,000","5,500,000","5,600,000","4,200,000","3,100,000","3,400,000","2,700,000","2,200,000","3,600,000","2,100,000","2,200,000","2,800,000","2,500,000","2,400,000","3,400,000","1,300,000","2,500,000","2,400,000","2,900,000","2,800,000","2,600,000","2,400,000","2,300,000","3,100,000","1,700,000","2,000,000","2,700,000","2,300,000","1,900,000",,,,,,,,,,,,,,,,,
	OtherOperatingExpenses,,,,,,,,,,,,,,,,,,,,,,,,,,,,,,,,,,,,,,,,,,,,,,,,,,,,,,,,,,,,,,,,,,,,,,,,,,,,,,,,,,,,,,,,,"47,000",,"100,000",,"-100,000",,"-100,000",,,,,,"100,000",,,,,,,,,,,,,,,,,,,,,,,,,,,,,,,,,,,,,,,,,,,,,,
OperatingIncome,"3,176,685,000","965,958,000","818,800,000","719,780,000","672,147,000","570,164,000","526,389,000","453,158,000","432,613,000","462,831,000","410,248,000","268,900,000","243,295,000","433,273,000","443,905,000","423,506,000","385,804,000","366,197,000","361,687,000","348,998,000","344,113,000","333,934,000","249,216,000","350,352,000","234,838,000","214,461,000","160,794,000","202,487,000","194,986,000","154,714,000","109,153,000","173,014,000","261,163,000","187,982,000","149,911,000","187,635,000","202,246,000","153,247,000","186,557,000","318,299,000","284,274,000","159,463,000","254,289,000","344,069,000","311,779,000","268,866,000","235,616,000","160,842,000","91,279,000","47,095,000","14,950,000","-34,967,000","-72,281,000","-505,631,000","34,938,000","103,411,000","125,200,000","93,487,000","177,278,000","174,864,000","182,655,000","78,359,000","153,990,000","65,093,000","87,345,000","76,515,000","80,838,000","115,240,000","154,847,000","155,508,000","156,967,000","121,575,000","87,753,000","51,062,000","36,968,000","9,121,000","25,600,000","26,756,000","47,882,000","47,223,000","37,097,000","56,280,000","104,293,000","71,260,000","112,353,000","137,883,000","134,969,000","116,104,000","92,400,000","61,700,000","36,700,000","22,300,000","13,000,000","0","-2,900,000","21,700,000","33,800,000","67,200,000","64,300,000","113,900,000","30,800,000","28,800,000","32,900,000","48,000,000","47,700,000","43,000,000","38,900,000","58,800,000","30,000,000","25,800,000","17,900,000","13,900,000","11,900,000","8,600,000","5,900,000","4,700,000","2,800,000","2,400,000","1,500,000","-14,900,000","-1,400,000","1,300,000","1,400,000","1,200,000","1,100,000","800,000","900,000","2,900,000","2,900,000","3,200,000","43,200,000","-104,200,000","42,100,000","41,500,000","38,800,000","-67,000,000","30,300,000","25,500,000","23,500,000","-55,600,000","22,100,000","21,200,000","22,200,000","-44,700,000","20,200,000","20,100,000","18,900,000"
NetNonOperatingInterestIncomeExpense,"-146,297,000","-37,852,000","-38,312,000","-31,041,000","-39,092,000","-38,880,000","-39,386,000","-18,575,000","-39,231,000","-40,472,000","-40,350,000","-150,000","-31,187,000","-26,538,000","-26,362,000","8,560,000","-28,119,000","-27,372,000","-30,576,000","-7,378,000","-30,472,000","-30,624,000","-30,732,000","-16,382,000","-30,895,000","-30,539,000","-30,564,000","-25,473,000","-28,532,000","-29,313,000","-10,146,000","-9,056,000","-9,917,000","-11,237,000","-10,047,000","-10,681,000","-10,131,000","-8,373,000","-10,015,000","-9,052,000","-10,241,000","-12,556,000","-7,027,000","1,423,000","-10,259,000","-17,675,000","-12,304,000","-24,760,000","-11,008,000","-9,079,000","7,842,000","-11,409,000","-4,886,000",,,,,,,,,,,,,,,,,,,,,,,,,,,,,,,,,,,,,,,,,,,,,,,,,,,,,,,,,,,,,,,,,,,,,,,,,,,,,,,,,,,,,,,,,,,,,,
	InterestIncomeNonOperating,,,,,,,,,,,,,,,,,,,,,,,,,,,,"5,206,000","1,976,000","1,988,000","3,375,000","4,387,000","3,479,000","2,074,000","3,615,000","3,092,000","3,338,000","5,058,000","3,488,000","4,451,000","3,264,000","740,000","6,866,000","15,320,000","3,150,000","0","1,225,000","-11,334,000","3,084,000","4,463,000","21,299,000","2,595,000","8,723,000",,,,,,,,,,,,,,,,,,,,,,,,,,,,,,,,,,,,,,,,,,,,,,,,,,,,,,,,,,,,,,,,,,,,,,,,,,,,,,,,,,,,,,,,,,,,,,
	InterestExpenseNonOperating,"155,226,000","37,852,000","38,312,000","39,970,000","39,092,000","38,880,000","39,386,000","40,221,000","39,231,000","40,472,000","40,350,000","40,517,000","31,187,000","26,538,000","26,362,000","28,309,000","28,119,000","27,372,000","30,576,000","30,648,000","30,472,000","30,624,000","30,732,000","30,889,000","30,895,000","30,539,000","30,564,000","30,679,000","30,508,000","31,301,000","13,521,000","13,443,000","13,396,000","13,311,000","13,662,000","13,773,000","13,469,000","13,431,000","13,503,000","13,503,000","13,505,000","13,296,000","13,893,000","13,897,000","13,409,000","17,675,000","13,529,000","13,426,000","14,092,000","13,542,000","13,457,000","14,004,000","13,609,000",,,,,,,,,,,,,,,,,,,,,,,,,,,,,,,,,,,,,,,,,,,,,,,,,,,,,,,,,,,,,,,,,,,,,,,,,,,,,,,,,,,,,,,,,,,,,,
	TotalOtherFinanceCost,,,,,,,,,,"37,904,000",,,,,,,,,,,,,,,,,,,,,,,,,,,,,,,"10,241,000","12,556,000","7,027,000","10,026,000","10,259,000",,"12,304,000",,"11,008,000",,,,,,,,,,,,,,,,,,,,,,,,,,,,,,,,,,,,,,,,,,,,,,,,,,,,,,,,,,,,,,,,,,,,,,,,,,,,,,,,,,,,,,,,,,,,,,,,,,
OtherIncomeExpense,"12,111,000","-1,201,000","-14,140,000","20,104,000","7,348,000","-3,882,000","-3,197,000","-29,514,000","-278,183,000","2,568,000","1,618,000","-37,440,000","9,282,000","9,228,000","10,025,000","-25,577,000","8,298,000","8,482,000","5,041,000","-16,588,000","5,508,000","3,535,000","3,736,000","-5,483,000","5,988,000","1,553,000","4,069,000","-2,076,000",,"-131,669,000",,,,,,,,,,,,,,,,,,,,,,"0",,,,,,,,,,,,,,,,,,,,,,,,"0",,,"9,402,000",,,,,,,,,"0","-1,300,000","-100,000","6,000,000","0",,"-42,700,000","17,100,000","-49,400,000","8,800,000","9,300,000",,,,"4,200,000","3,500,000","2,400,000","2,300,000","3,900,000","4,200,000","-21,500,000","2,300,000","-23,700,000","1,500,000","1,000,000","600,000","400,000","200,000","200,000","500,000","200,000","300,000","800,000","-100,000","200,000","300,000","300,000","600,000","600,000","200,000","0","400,000","900,000",,,,,,,,,,,,,,,,,
	SpecialIncomeCharges,,,,"0","0",,,"0","-279,187,000",,,,,,,,,,,,,,,"0",,"0",,"0","0","-131,669,000",,,,,,,,,,,,,,,,,,"14,020,000","0","0","0","0","0",,,,,,,,,,,,,,,,,,,,,,,"0",,,"9,402,000",,,,,,,,,"0","-1,300,000","-100,000","6,000,000","0",,"-42,700,000","17,100,000","-49,400,000","8,800,000","9,300,000",,,,"4,200,000","3,500,000","2,400,000","2,300,000","3,900,000","4,200,000","-21,500,000","2,300,000","-23,700,000","1,500,000","1,000,000","600,000","400,000","200,000","200,000","500,000","200,000","300,000","800,000","-100,000","200,000","300,000","300,000","600,000","600,000","200,000","0","400,000","900,000",,,,,,,,,,,,,,,,,
		RestructuringAndMergernAcquisition,,,,,,,,,,,,,,,,,,,,,,,,,,,,,,,,,,,,,,,,,,,,,,,,,,,,,,,,,,,,,,,,,,,,,,,,,,,,"0",,,"-9,402,000",,,,,,,,,"0","1,300,000","100,000","-6,000,000","0",,"42,700,000",,"19,400,000","3,100,000",,,,,,,,,,,,,,,,,,,,,,,,,,,,,,,,,,,,,,,,,,,,,,,,,,
		ImpairmentOfCapitalAssets,,,,"0","0",,,"0","256,649,000",,,,,,,,,,,,,,,,,,,,,,,,,,,,,,,,,,,,,,,"0","0","0","0","0","0",,,,,,,,,,,,,,,,,,,,,,,,,,,,,,,,,,,,,,,,,,,,,,,,,,,,,,,,,,,,,,,,,,,,,,,,,,,,,,,,,,,,,,,,,,,,,,
		OtherSpecialCharges,,,,,,,,"0","22,538,000",,,,,,,,,,,,,,,,,,,"0",,"131,669,000",,,,,,,,,,,,,,,,,,,,,,,,,,,,,,,,,,,,,,,,,,,,,,,,,,,,,,,,,,,,,,,,,,,"-11,900,000",,,,,,,,,,,,,,,,,,,,,,,,,,,,,,,,,,,,,,,,,,,,,,,,,,
	OtherNonOperatingIncomeExpenses,"16,863,000","-1,201,000","-14,140,000","24,856,000","7,348,000","-3,882,000","-3,197,000","-25,575,000","1,004,000","2,568,000","1,618,000","-36,468,000","9,282,000","9,228,000","10,025,000","-24,660,000","8,298,000","8,482,000","5,041,000","-16,138,000","5,508,000","3,535,000","3,736,000","-4,559,000","5,988,000","1,553,000","4,069,000",,,,,,,,,,,,,,,,,,,,,,,,,,,,,,,,,,,,,,,,,,,,,,,,,,,,,,,,,,,,,,,,,,,,,,,,,,,,,,,,,,,,,,,,,,,,,,,,,,,,,,,,,,,,,,,,,,,,,,,,
PretaxIncome,"3,042,499,000","926,905,000","766,348,000","708,843,000","640,403,000","527,402,000","483,806,000","405,069,000","115,199,000","424,927,000","371,516,000","231,310,000","221,390,000","415,963,000","427,568,000","406,489,000","365,983,000","347,307,000","336,152,000","325,032,000","319,149,000","306,845,000","222,220,000","328,487,000","209,931,000","185,475,000","134,299,000","174,938,000","166,454,000","-6,268,000","99,007,000","166,606,000","251,246,000","176,745,000","139,864,000","177,090,000","192,115,000","144,874,000","176,542,000","305,892,000","274,033,000","146,907,000","247,262,000","334,043,000","301,520,000","251,191,000","223,312,000","150,102,000","80,271,000","38,016,000","22,792,000","-46,376,000","-77,167,000","-518,103,000","39,115,000","97,517,000","161,209,000","106,756,000","194,752,000","196,300,000","203,472,000","101,016,000","176,447,000","84,474,000","104,570,000","93,200,000","95,614,000","130,941,000","162,139,000","163,285,000","163,952,000","128,291,000","92,662,000","58,394,000","45,369,000","38,634,000","35,972,000","38,458,000","67,454,000","58,183,000","46,147,000","66,281,000","116,845,000","86,840,000","126,959,000","151,814,000","146,971,000","127,362,000","101,900,000","68,400,000","55,400,000","35,900,000","28,900,000","-28,600,000","14,100,000","14,000,000","42,600,000","67,200,000","73,100,000","69,400,000","35,900,000","32,300,000","36,400,000","49,800,000","49,700,000","46,600,000","42,700,000","36,600,000","31,700,000","1,400,000","19,000,000","14,300,000","12,000,000","8,400,000","5,600,000","4,100,000","2,700,000","1,900,000","800,000","-14,900,000",,"400,000","600,000","600,000","600,000","600,000","600,000","3,100,000","3,200,000","3,800,000",,,,,,,,,,,,,,,,,
TaxProvision,"56,269,000","209,388,000","-302,137,000","75,785,000","73,233,000","70,419,000","63,664,000","-5,246,000","37,190,000","44,622,000","25,120,000","13,982,000","28,745,000","46,863,000","31,624,000","57,722,000","59,102,000","481,626,000","55,216,000","68,870,000","65,587,000","68,594,000","44,119,000","56,946,000","34,154,000","33,268,000","29,402,000","32,919,000","34,816,000","-26,536,000","26,774,000","37,875,000","47,665,000","37,499,000","28,667,000","42,320,000","25,733,000","38,244,000","41,175,000","58,015,000","68,687,000","36,110,000","55,267,000","89,026,000","91,737,000","65,699,000","69,116,000","37,017,000","23,255,000","16,222,000","2,387,000","-20,800,000","5,660,000","-83,849,000","19,826,000","21,507,000","50,229,000","22,821,000","106,594,000","48,958,000","48,546,000","11,637,000","41,368,000","-43,327,000","7,347,000","17,806,000","19,681,000","26,945,000","40,065,000","42,443,000","47,547,000","32,124,000","26,480,000","13,879,000","8,532,000","9,275,000","8,633,000","9,230,000","16,189,000","11,679,000","11,998,000","17,233,000","30,380,000","20,316,000","35,549,000","42,508,000","41,153,000","35,662,000","28,522,000","19,200,000","15,900,000","10,100,000","8,100,000","-11,000,000","4,000,000","10,700,000","13,600,000","24,500,000","23,400,000","33,000,000","12,200,000","11,000,000","12,400,000","17,900,000","17,900,000","16,800,000","15,400,000","12,700,000","10,900,000","500,000","6,100,000","3,600,000","3,000,000","2,100,000","1,400,000","1,000,000","700,000","500,000","200,000","0",,"100,000","200,000","200,000","200,000","200,000","200,000","900,000","1,000,000","1,300,000",,,,,,,,,,,,,,,,,
NetIncomeCommonStockholders,"2,986,335,000","717,444,000","1,068,417,000","632,978,000","567,496,000","457,251,000","420,567,000","411,253,000","78,452,000","380,555,000","346,525,000","217,845,000","192,728,000","369,100,000","395,944,000","348,767,000","306,881,000","-134,319,000","280,936,000","256,162,000","253,562,000","238,251,000","178,101,000","271,541,000","175,777,000","152,207,000","104,897,000","142,019,000","131,638,000","20,268,000","72,233,000","128,731,000","203,581,000","139,246,000","111,197,000","134,770,000","166,382,000","106,630,000","135,367,000","247,877,000","205,346,000","110,797,000","191,995,000","245,017,000","209,783,000","185,492,000","154,196,000","113,085,000","57,016,000","21,794,000","20,405,000","-25,576,000","-82,827,000","-434,254,000","19,289,000","76,010,000","110,980,000","83,935,000","88,158,000","147,342,000","154,785,000","90,049,000","135,922,000","128,982,000","98,143,000","76,649,000","76,678,000","105,050,000","123,163,000","122,077,000","116,405,000","96,167,000","66,182,000","44,515,000","36,837,000","29,359,000","27,339,000","29,228,000","51,265,000","46,504,000","34,149,000","49,048,000","86,465,000","-239,851,000","91,410,000","109,306,000","105,818,000","91,700,000","73,347,000","49,200,000","39,500,000","25,800,000","20,800,000","-17,600,000","10,200,000","3,300,000","29,000,000","52,100,000","49,700,000","36,400,000","23,700,000","21,300,000","24,000,000","31,900,000","31,800,000","29,800,000","27,300,000","23,900,000","20,800,000","900,000","12,900,000","10,700,000","9,000,000","6,300,000","4,200,000","3,100,000","2,000,000","1,400,000","600,000","-14,900,000","400,000","300,000","400,000","400,000","400,000","-11,700,000","400,000","2,200,000","2,200,000","2,500,000",,,,,,,,,,,,,,,,,
	NetIncome,"2,986,335,000","717,444,000","1,068,417,000","632,978,000","567,496,000","457,251,000","420,567,000","411,253,000","78,452,000","380,555,000","346,525,000","217,845,000","192,728,000","369,100,000","395,944,000","348,767,000","306,881,000","-134,319,000","280,936,000","256,162,000","253,562,000","238,251,000","178,101,000","271,541,000","175,777,000","152,207,000","104,897,000","142,019,000","131,638,000","20,268,000","72,233,000","128,731,000","203,581,000","139,246,000","111,197,000","134,770,000","166,382,000","106,630,000","135,367,000","247,877,000","205,346,000","110,797,000","191,995,000","245,017,000","209,783,000","185,492,000","154,196,000","113,085,000","57,016,000","21,794,000","20,405,000","-25,576,000","-82,827,000","-434,254,000","19,289,000","76,010,000","110,980,000","83,935,000","88,158,000","147,342,000","154,785,000","90,049,000","135,922,000","128,982,000","98,143,000","76,649,000","76,678,000","105,050,000","123,163,000","122,077,000","116,405,000","96,167,000","66,182,000","44,515,000","36,837,000","29,359,000","27,339,000","29,228,000","51,265,000","46,504,000","34,149,000","49,048,000","86,465,000","-239,851,000","91,410,000","109,306,000","105,818,000","91,700,000","73,347,000","49,200,000","39,500,000","25,800,000","20,800,000","-17,600,000","10,200,000","3,300,000","29,000,000","52,100,000","49,700,000","36,400,000","23,700,000","21,300,000","24,000,000","31,900,000","31,800,000","29,800,000","27,300,000","23,900,000","20,800,000","900,000","12,900,000","10,700,000","9,000,000","6,300,000","4,200,000","3,100,000","2,000,000","1,400,000","600,000","-14,900,000","400,000","300,000","400,000","400,000","400,000","-11,700,000","400,000","2,200,000","2,200,000","2,500,000",,,,,,,,,,,,,,,,,
		NetIncomeIncludingNoncontrollingInterests,"2,986,230,000","717,517,000","1,068,485,000","633,058,000","567,170,000","456,983,000","420,142,000","410,315,000","78,009,000","380,305,000","346,396,000","217,328,000","192,645,000","369,100,000","395,944,000","348,767,000","306,881,000","-134,319,000","280,936,000","256,162,000","253,562,000","238,251,000","178,101,000","271,541,000","175,777,000","152,207,000","104,897,000","142,019,000","131,638,000","20,268,000","72,233,000","128,731,000","203,581,000","139,246,000","111,197,000","134,770,000","166,382,000","106,630,000","135,367,000","247,877,000","205,346,000","110,797,000","191,995,000","245,017,000","209,783,000","185,492,000","154,196,000","113,085,000","57,016,000","21,794,000","20,405,000","-25,576,000","-82,827,000","-434,254,000","19,289,000","76,010,000","110,980,000","83,935,000","88,158,000","147,342,000","154,926,000","89,379,000","135,079,000","127,801,000","97,223,000","75,394,000","75,933,000","103,996,000","122,074,000","120,842,000","116,405,000","96,167,000","66,182,000","44,515,000","36,837,000","29,359,000","27,339,000","29,228,000","51,265,000","46,504,000","34,149,000","49,048,000","86,465,000","-239,851,000","91,410,000","109,306,000","105,818,000","91,700,000","73,347,000","49,200,000","39,500,000","25,800,000","20,800,000","-17,600,000","10,200,000","3,300,000","29,000,000","52,100,000","49,700,000","36,400,000","23,700,000","21,300,000","24,000,000","31,900,000","31,800,000","29,800,000","27,300,000","23,900,000","20,800,000","900,000","12,900,000","10,700,000","9,000,000","6,300,000","4,200,000","3,100,000","2,000,000","1,400,000","600,000","-14,900,000","400,000","300,000","400,000","400,000","400,000","-11,700,000","400,000","2,200,000","2,200,000","2,500,000","2,600,000","3,100,000","2,900,000","2,800,000","2,800,000","2,600,000","2,600,000","1,900,000","1,700,000","200,000","2,500,000","2,400,000","2,400,000","2,600,000","2,500,000","2,500,000","2,400,000"
			NetIncomeContinuousOperations,"2,986,230,000","717,517,000","1,068,485,000","633,058,000","567,170,000","456,983,000","420,142,000","410,315,000","78,009,000","380,305,000","346,396,000","217,328,000","192,645,000","369,100,000","395,944,000","348,767,000","306,881,000","-134,319,000","280,936,000","256,162,000","253,562,000","238,251,000","178,101,000","271,541,000","175,777,000","152,207,000","104,897,000","142,019,000","131,638,000","20,268,000","72,233,000","128,731,000","203,581,000","139,246,000","111,197,000","134,770,000","166,382,000","106,630,000","135,367,000","247,877,000","205,346,000","110,797,000","191,995,000","245,017,000","209,783,000","185,492,000","154,196,000","113,085,000","57,016,000","21,794,000","20,405,000","-25,576,000","-82,827,000","-434,254,000","19,289,000","76,010,000","110,980,000","83,935,000","88,158,000","147,342,000","154,785,000","90,049,000","135,922,000","128,982,000","98,143,000","76,649,000","76,678,000","105,050,000","123,163,000","122,077,000","116,405,000","96,167,000","66,182,000","44,515,000","36,837,000","29,359,000","27,339,000","29,228,000","51,265,000","46,504,000","34,149,000","49,048,000","86,465,000","66,524,000","91,410,000","109,306,000","105,818,000","91,700,000","73,347,000","49,200,000","39,500,000","25,800,000","20,800,000","-17,600,000","10,200,000","3,300,000","29,000,000","52,100,000","49,700,000","36,400,000","23,700,000","21,300,000","24,000,000","31,900,000","31,800,000","29,800,000","27,300,000","23,900,000","20,800,000","900,000","12,900,000","10,700,000","9,000,000","6,300,000","4,200,000","3,100,000","2,000,000","1,400,000","600,000","-14,900,000","-2,400,000","300,000","400,000","400,000","400,000","400,000","400,000","2,200,000","2,200,000","2,500,000","2,600,000","3,100,000","2,900,000","2,800,000","2,800,000","2,600,000","2,600,000","1,900,000","1,700,000","200,000","2,500,000","2,400,000","2,400,000","2,600,000","2,500,000","2,500,000","2,400,000"
			NetIncomeDiscontinuousOperations,,,,,,,,,,,,,,,,,,,,,,,,,,,,,,,,,,,,,,,,,,,,,,,,,,,,,,,,,,,,,,,,,,,,,,,,,,,,,,,,,,,,,,,,,,,,,,,,,,,,,,,,,,,,,,,,,,,,,,,,"0","2,800,000",,,"0",,"-12,100,000",,,,,,,,,,,,,,,,,,,,,
		MinorityInterests,"105,000","-73,000","-68,000","-80,000","326,000","268,000","425,000","938,000","443,000","250,000","129,000","517,000","83,000",,,,,,,,,,,,,,,,,,,,,,,,,,,,,,,,,,,,,,,,,,,,,,,"0","-141,000","670,000","843,000","1,181,000","920,000","1,255,000","745,000","1,054,000","1,089,000","1,235,000",,,,,,,,,,,,,,,,,,,,,,,,,,,,,,,,,,,,,,,,,,,,,,,,,,,,,,,,,,,,,,,,,,,,,,,,,,,,,
DilutedNIAvailtoComStockholders,"2,986,335,000","717,444,000","1,068,417,000","632,978,000","567,496,000","457,251,000","420,567,000","411,253,000","78,452,000","380,555,000","346,525,000","217,845,000","192,728,000","369,100,000","395,944,000","348,767,000","306,881,000","-134,319,000","280,936,000","256,162,000","253,562,000","238,251,000","178,101,000","271,541,000","175,777,000","152,207,000","104,897,000","142,019,000","131,638,000","20,268,000","72,233,000","128,731,000","203,581,000","139,246,000","111,197,000","134,770,000","166,382,000","106,630,000","135,367,000","247,877,000","205,346,000","110,797,000","191,995,000","245,017,000","209,783,000","185,492,000","154,196,000","113,085,000","57,016,000","21,794,000","20,405,000","-25,576,000","-82,827,000","-434,254,000","19,289,000","76,010,000","110,980,000","83,935,000","88,158,000","147,342,000","154,785,000","90,049,000","135,922,000","128,982,000","98,143,000","76,649,000","76,678,000","105,050,000","123,163,000","122,077,000","116,405,000","96,167,000","66,182,000","44,515,000","36,837,000","29,359,000","27,339,000","29,228,000","51,265,000","46,504,000","34,149,000","49,048,000","86,465,000","-239,851,000","91,410,000","109,306,000","105,818,000","91,700,000","73,347,000","49,200,000","39,500,000","25,800,000","20,800,000","-17,600,000","10,200,000","3,300,000","29,000,000","52,100,000","49,700,000","36,400,000","23,700,000","21,300,000","24,000,000","31,900,000","31,800,000","29,800,000","27,300,000","23,900,000","20,800,000","900,000","12,900,000","10,700,000","9,000,000","6,300,000","4,200,000","3,100,000","2,000,000","1,400,000","600,000","-14,900,000","400,000","300,000","400,000","400,000","400,000","-11,700,000","400,000","2,200,000","2,200,000","2,500,000",,,,,,,,,,,,,,,,,
BasicEPS,,"4.74","7.01","4.14","3.69","2.96","2.71","2.65","0.5","2.42","2.18","1.36","1.23","2.43","2.55","2.24","1.96","-0.86","1.79","1.64","1.62","1.52","1.14","1.74","1.13","0.98","0.67","0.9","0.81","0.12","0.44","0.78","1.22","0.84","0.67","0.81","1","0.64","0.81","1.48","1.23","0.67","1.15","1.46","1.25","1.11","0.92",,"0.33","0.13","0.12",,"-0.49","-2.57","0.11",,"0.62","0.46","0.47",,"0.78","0.45","0.68",,"0.49","0.39","0.39",,"0.63","0.62","0.59",,"0.34","0.23","0.19",,"0.14","0.15","0.27",,"0.18","0.26","0.46",,"0.5","0.59","0.57",,"0.4","0.135","0.11",,"0.06","-0.05","0.03",,"0.085","0.155","0.15",,"0.115","0.105","0.105",,"0.155","0.145","0.065",,"0.055","0.003","0.035",,"0.025","0.02","0.013",,"0.008","0.005","0.003",,"0","0.003","0.003",,"0.003","-0.04","0.003",,"0.008","0.01","0.01",,"0.01","0.01","0.01",,"0.01","0.008","0.008",,"0.01","0.01","0.01",,"0.01","0.01","0.01"
DilutedEPS,,"4.71","6.96","4.1","3.66","2.94","2.69","2.63","0.5","2.4","2.16","1.35","1.23","2.42","2.54","2.22","1.95","-0.86","1.78","1.62","1.61","1.52","1.13","1.73","1.12","0.98","0.66","0.89","0.81","0.12","0.43","0.77","1.21","0.83","0.66","0.8","0.98","0.63","0.8","1.46","1.21","0.66","1.13","1.43","1.22","1.09","0.91",,"0.33","0.13","0.12",,"-0.49","-2.57","0.11",,"0.61","0.45","0.46",,"0.76","0.44","0.67",,"0.48","0.38","0.38",,"0.61","0.61","0.58",,"0.33","0.22","0.18",,"0.14","0.15","0.26",,"0.17","0.25","0.44",,"0.48","0.57","0.54",,"0.38","0.13","0.105",,"0.055","-0.05","0.03",,"0.085","0.15","0.14",,"0.11","0.1","0.1",,"0.155","0.145","0.065",,"0.055","0.003","0.035",,"0.025","0.02","0.013",,"0.008","0.005","0.003",,"0","0.003","0.003",,"0.003","-0.04","0.003",,"0.008","0.01","0.01",,"0.01","0.01","0.01",,"0.01","0.008","0.008",,"0.01","0.01","0.01",,"0.01","0.01","0.01"
BasicAverageShares,,"151,251,000","152,330,000","152,971,000","153,801,000","154,273,000","155,281,000","155,106,000","156,067,000","157,290,000","158,697,000","160,546,000","156,349,000","152,148,000","155,221,000","155,740,000","156,221,000","156,587,000","156,826,000","156,668,000","156,749,000","156,335,000","156,129,000","155,712,000","155,690,000","155,252,000","156,820,000","158,635,000","161,559,000","164,036,000","164,845,000","165,510,000","166,253,000","166,414,000","165,886,000","165,463,000","166,234,000","166,268,000","166,531,000","166,938,000","167,070,000","166,343,000","166,684,000","167,350,000","167,629,000","166,886,000","167,187,000",,"171,506,000","171,408,000","170,698,000",,"169,934,000","169,022,000","172,088,000",,"178,112,000","181,241,000","187,789,000",,"197,930,000","199,789,000","199,416,000",,"199,876,000","198,236,000","197,408,000",,"196,883,000","195,681,000","196,110,000",,"196,159,000","194,872,000","192,699,000",,"190,064,000","189,018,000","189,279,000",,"187,443,000","186,200,000","187,717,000",,"184,510,000","185,247,000","187,282,000",,"184,026,000","361,214,000","355,984,000",,"351,520,000","349,852,000","349,368,000",,"339,940,000","338,628,000","355,132,000",,"215,320,000","102,862,000","102,130,000",,"101,650,000","101,226,000","100,544,260",,"93,772,000","92,896,000","92,216,000",,"90,496,000","79,320,000","78,628,000",,"76,576,000","74,784,000","74,824,000",,"74,232,000","73,596,000","73,216,000",,"72,556,000","72,256,000","72,124,000",,"71,728,000","71,512,000","71,384,000",,"71,132,000","70,756,000","70,844,000",,"70,224,000","72,008,000","69,388,000",,"68,768,000","68,508,000","68,268,000",,"67,604,000","67,412,000","67,480,000"
DilutedAverageShares,,"152,331,000","153,410,000","154,283,000","155,159,000","155,560,000","156,442,000","156,183,000","157,172,000","158,620,000","160,131,000","161,937,000","157,182,000","152,648,000","156,083,000","156,822,000","157,201,000","156,587,000","157,846,000","157,931,000","157,746,000","157,123,000","157,021,000","156,618,000","156,429,000","155,996,000","157,984,000","159,965,000","162,794,000","165,317,000","166,580,000","167,345,000","167,989,000","168,206,000","168,734,000","168,685,000","169,180,000","169,076,000","169,824,000","170,178,000","170,146,000","169,103,000","169,835,000","170,884,000","171,313,000","169,513,000","169,839,000",,"173,357,000","173,808,000","172,718,000",,"169,934,000","169,022,000","174,386,000",,"180,617,000","185,199,000","193,043,000",,"203,474,000","204,955,000","203,323,000",,"204,818,000","203,345,000","202,715,000",,"202,329,000","200,946,000","199,969,000",,"203,150,000","202,450,000","200,334,000",,"194,393,000","193,519,000","194,090,000",,"197,669,000","194,637,000","195,079,000",,"191,717,000","190,893,000","195,975,000",,"195,236,000","381,560,000","375,868,000",,"371,856,000","349,852,000","357,028,000",,"351,140,000","352,420,000","355,132,000",,"215,320,000","102,862,000","102,130,000",,"101,650,000","101,226,000","100,544,260",,"93,772,000","92,896,000","92,216,000",,"90,496,000","79,320,000","78,628,000",,"76,576,000","74,784,000","74,824,000",,"74,232,000","73,596,000","73,216,000",,"72,556,000","72,256,000","72,124,000",,"71,728,000","71,512,000","71,384,000",,"71,132,000","70,756,000","70,844,000",,"70,224,000","72,008,000","69,388,000",,"68,768,000","68,508,000","68,268,000",,"67,604,000","67,412,000","67,480,000"
TotalOperatingIncomeAsReported,,,,,,,,,,,,,,,,"423,506,000","385,804,000","366,197,000","361,687,000","348,998,000","344,113,000","333,934,000","249,216,000","350,352,000","234,838,000","214,461,000","160,794,000","202,487,000","194,986,000","154,714,000","109,153,000","173,014,000","261,163,000","187,982,000","149,911,000","187,635,000","202,246,000","153,247,000","186,557,000","318,299,000","284,274,000","159,463,000","254,289,000","344,069,000","311,779,000","268,866,000","235,616,000","160,842,000","91,279,000","47,095,000","14,950,000","-34,967,000","-72,281,000","-505,631,000","34,938,000","103,411,000","125,200,000","93,487,000","177,278,000","174,864,000","182,655,000","78,359,000","153,990,000","65,093,000","87,345,000","76,515,000","80,838,000","115,240,000","154,847,000","155,508,000","156,967,000","121,575,000","87,753,000","51,062,000","36,968,000","29,082,000","25,600,000","26,756,000","57,284,000","47,223,000","37,097,000","56,280,000","104,293,000","73,263,000","112,353,000","137,883,000","134,969,000","116,104,000","91,100,000","61,600,000","42,700,000","22,300,000","13,000,000","-42,700,000","-2,900,000","2,300,000","30,700,000","67,200,000","64,300,000","53,300,000","30,800,000","28,800,000","32,900,000","48,000,000","47,700,000","43,000,000","38,900,000","58,800,000","30,000,000","25,800,000","17,900,000","13,900,000","11,900,000","8,600,000","5,900,000","4,700,000","2,800,000","2,400,000","1,500,000","-14,900,000","-1,400,000","1,300,000","1,400,000","1,200,000","1,100,000","800,000","900,000","2,900,000","2,900,000","3,200,000",,,,,,,,,,,,,,,,,
TotalExpenses,"4,989,027,000","1,386,672,000","1,265,038,000","1,205,691,000","1,131,626,000","1,080,706,000","1,012,231,000","1,006,435,000","991,351,000","1,046,622,000","1,003,166,000","989,535,000","854,016,000","686,625,000","649,355,000","646,498,000","635,490,000","609,625,000","607,894,000","589,649,000","569,696,000","542,951,000","501,457,000","568,819,000","477,595,000","495,784,000","481,850,000","553,845,000","543,473,000","521,643,000","533,748,000","561,329,000","570,436,000","517,147,000","508,426,000","532,397,000","526,783,000","519,764,000","534,152,000","574,166,000","556,247,000","483,019,000","542,187,000","548,370,000","522,280,000","497,461,000","446,726,000","398,577,000","387,020,000","393,260,000","327,737,000","316,469,000","381,893,000","902,220,000","497,575,000","487,283,000","477,019,000","542,296,000","515,742,000","561,524,000","533,553,000","570,911,000","475,373,000","515,448,000","430,911,000","411,455,000","403,022,000","376,676,000","386,764,000","377,345,000","361,806,000","328,863,000","302,019,000","287,476,000","281,002,000","299,192,000","278,698,000","308,162,000","327,638,000","325,971,000","320,011,000","347,868,000","398,539,000","396,061,000","416,437,000","435,173,000","399,621,000","365,945,000","320,617,000","269,100,000","236,300,000","211,400,000","197,900,000","193,400,000","208,100,000","231,700,000","240,400,000","259,200,000","248,100,000","444,300,000","127,000,000","122,900,000","131,300,000","144,600,000","139,800,000","122,800,000","110,200,000","77,600,000","88,100,000","78,900,000","65,300,000","58,100,000","50,800,000","48,500,000","46,000,000","43,100,000","39,400,000","36,300,000","37,000,000","47,600,000","44,100,000","38,300,000","39,600,000","39,700,000","35,500,000","34,000,000","36,800,000","40,000,000","38,700,000","37,000,000",,,,,,,,,,,,,,,,,
NetIncomeFromContinuingAndDiscontinuedOperation,"2,986,335,000","717,444,000","1,068,417,000","632,978,000","567,496,000","457,251,000","420,567,000","411,253,000","78,452,000","380,555,000","346,525,000","217,845,000","192,728,000","369,100,000","395,944,000","348,767,000","306,881,000","-134,319,000","280,936,000","256,162,000","253,562,000","238,251,000","178,101,000","271,541,000","175,777,000","152,207,000","104,897,000","142,019,000","131,638,000","20,268,000","72,233,000","128,731,000","203,581,000","139,246,000","111,197,000","134,770,000","166,382,000","106,630,000","135,367,000","247,877,000","205,346,000","110,797,000","191,995,000","245,017,000","209,783,000","185,492,000","154,196,000","113,085,000","57,016,000","21,794,000","20,405,000","-25,576,000","-82,827,000","-434,254,000","19,289,000","76,010,000","110,980,000","83,935,000","88,158,000","147,342,000","154,785,000","90,049,000","135,922,000","128,982,000","98,143,000","76,649,000","76,678,000","105,050,000","123,163,000","122,077,000","116,405,000","96,167,000","66,182,000","44,515,000","36,837,000","29,359,000","27,339,000","29,228,000","51,265,000","46,504,000","34,149,000","49,048,000","86,465,000","66,524,000","91,410,000","109,306,000","105,818,000","91,700,000","73,347,000","49,200,000","39,500,000","25,800,000","20,800,000","-17,600,000","10,200,000","3,300,000","29,000,000","52,100,000","49,700,000","36,400,000","23,700,000","21,300,000","24,000,000","31,900,000","31,800,000","29,800,000","27,300,000","23,900,000","20,800,000","900,000","12,900,000","10,700,000","9,000,000","6,300,000","4,200,000","3,100,000","2,000,000","1,400,000","600,000","-14,900,000","400,000","300,000","400,000","400,000","400,000","-11,700,000","400,000","2,200,000","2,200,000","2,500,000",,,,,,,,,,,,,,,,,
NormalizedIncome,"2,990,999,114.913","717,444,000","1,068,417,000","637,221,946.284","567,496,000","457,251,000","420,567,000","414,128,470","267,461,599","380,555,000","346,525,000","217,845,000","192,728,000","369,100,000","395,944,000","348,767,000","306,881,000","-134,319,000","280,936,000","256,162,000","253,562,000","238,251,000","178,101,000","271,541,000","175,777,000","152,207,000","104,897,000","141,730,802.21","131,638,000","105,852,850","72,233,000","128,731,000","203,581,000","139,246,000","111,197,000","134,770,000","166,382,000","106,630,000","135,367,000","247,877,000","205,346,000","110,797,000","191,995,000","245,017,000","209,783,000","185,492,000","154,196,000","102,522,504.497","57,016,000","21,794,000","20,405,000","-25,576,000","-82,827,000","-434,254,000","19,289,000","76,010,000","110,980,000","83,935,000","88,158,000","147,342,000","154,785,000","90,049,000","135,922,000","128,982,000","98,143,000","76,649,000","76,678,000","105,050,000","123,163,000","122,077,000","116,405,000","96,167,000","66,182,000","44,515,000","36,837,000","29,359,000","27,339,000","29,228,000","44,119,485.575","46,504,000","34,149,000","49,048,000","86,465,000","66,524,000","91,410,000","109,306,000","105,818,000","91,700,000","74,283,127.576","49,271,929.825","35,222,021.661","25,800,000","20,800,000","8,676,923.077","-2,048,936.17","32,940,000","23,009,389.671","46,190,625","49,700,000","36,400,000","23,700,000","18,530,340.557","21,692,307.692","30,362,650.602","30,328,370.221","27,306,008.584","24,614,754.098","37,939,617.486","19,290,851.735","16,135,714.286","11,881,578.947","9,951,748.252","8,550,000","6,000,000","4,050,000","2,948,780.488","1,629,629.63","1,252,631.579","375,000","-15,700,000","-2,340,000","150,000","200,000","200,000","0","0","266,666.667","2,200,000","1,925,000","1,907,894.737",,,,,,,,,,,,,,,,,
InterestIncome,,,,,,,,,,,,,,,,,,,,,,,,,,,,"5,206,000","1,976,000","1,988,000","3,375,000","4,387,000","3,479,000","2,074,000","3,615,000","3,092,000","3,338,000","5,058,000","3,488,000","4,451,000","3,264,000","740,000","6,866,000","15,320,000","3,150,000","0","1,225,000","-11,334,000","3,084,000","4,463,000","21,299,000","2,595,000","8,723,000",,,,,,,,,,,,,,,,,,,,,,,,,,,,,,,,,,,,,,,,,,,,,,,,,,,,,,,,,,,,,,,,,,,,,,,,,,,,,,,,,,,,,,,,,,,,,,
InterestExpense,"155,226,000","37,852,000","38,312,000","39,970,000","39,092,000","38,880,000","39,386,000","40,221,000","39,231,000","40,472,000","40,350,000","40,517,000","31,187,000","26,538,000","26,362,000","28,309,000","28,119,000","27,372,000","30,576,000","30,648,000","30,472,000","30,624,000","30,732,000","30,889,000","30,895,000","30,539,000","30,564,000","30,679,000","30,508,000","31,301,000","13,521,000","13,443,000","13,396,000","13,311,000","13,662,000","13,773,000","13,469,000","13,431,000","13,503,000","13,503,000","13,505,000","13,296,000","13,893,000","13,897,000","13,409,000","17,675,000","13,529,000","13,426,000","14,092,000","13,542,000","13,457,000","14,004,000","13,609,000",,,,,,,,,,,,,,,,,,,,,,,,,,,,,,,,,,,,,,,,,,,,,,,,,,,,,,,,,,,,,,,,,,,,,,,,,,,,,,,,,,,,,,,,,,,,,,
NetInterestIncome,"-146,297,000","-37,852,000","-38,312,000","-31,041,000","-39,092,000","-38,880,000","-39,386,000","-18,575,000","-39,231,000","-40,472,000","-40,350,000","-150,000","-31,187,000","-26,538,000","-26,362,000","8,560,000","-28,119,000","-27,372,000","-30,576,000","-7,378,000","-30,472,000","-30,624,000","-30,732,000","-16,382,000","-30,895,000","-30,539,000","-30,564,000","-25,473,000","-28,532,000","-29,313,000","-10,146,000","-9,056,000","-9,917,000","-11,237,000","-10,047,000","-10,681,000","-10,131,000","-8,373,000","-10,015,000","-9,052,000","-10,241,000","-12,556,000","-7,027,000","1,423,000","-10,259,000","-17,675,000","-12,304,000","-24,760,000","-11,008,000","-9,079,000","7,842,000","-11,409,000","-4,886,000",,,,,,,,,,,,,,,,,,,,,,,,,,,,,,,,,,,,,,,,,,,,,,,,,,,,,,,,,,,,,,,,,,,,,,,,,,,,,,,,,,,,,,,,,,,,,,
EBIT,"3,197,725,000","964,757,000","804,660,000","748,813,000","679,495,000","566,282,000","523,192,000","445,290,000","154,430,000","465,399,000","411,866,000","271,827,000","252,577,000","442,501,000","453,930,000","434,798,000","394,102,000","374,679,000","366,728,000","355,680,000","349,621,000","337,469,000","252,952,000","359,376,000","240,826,000","216,014,000","164,863,000","205,617,000","196,962,000","25,033,000","112,528,000","180,049,000","264,642,000","190,056,000","153,526,000","190,863,000","205,584,000","158,305,000","190,045,000","319,395,000","287,538,000","160,203,000","261,155,000","347,940,000","314,929,000","268,866,000","236,841,000","163,528,000","94,363,000","51,558,000","36,249,000","-32,372,000","-63,558,000","-505,631,000","34,938,000","103,411,000","125,200,000","93,487,000","177,278,000","174,864,000","182,655,000","78,359,000","153,990,000","65,093,000","87,345,000","76,515,000","80,838,000","115,240,000","154,847,000","155,508,000","156,967,000","121,575,000","87,753,000","51,062,000","36,968,000","9,121,000","25,600,000","26,756,000","47,882,000","47,223,000","37,097,000","56,280,000","104,293,000","71,260,000","112,353,000","137,883,000","134,969,000","116,104,000","92,400,000","61,700,000","36,700,000","22,300,000","13,000,000","0","-2,900,000","21,700,000","33,800,000","67,200,000","64,300,000","113,900,000","30,800,000","28,800,000","32,900,000","48,000,000","47,700,000","43,000,000","38,900,000","58,800,000","30,000,000","25,800,000","17,900,000","13,900,000","11,900,000","8,600,000","5,900,000","4,700,000","2,800,000","2,400,000","1,500,000","-14,900,000","-1,400,000","1,300,000","1,400,000","1,200,000","1,100,000","800,000","900,000","2,900,000","2,900,000","3,200,000","43,200,000","-104,200,000","42,100,000","41,500,000","38,800,000","-67,000,000","30,300,000","25,500,000","23,500,000","-55,600,000","22,100,000","21,200,000","22,200,000","-44,700,000","20,200,000","20,100,000","18,900,000"
EBITDA,"3,537,106,000"
ReconciledCostOfRevenue,"3,203,656,000","908,162,000","813,624,000","772,241,000","709,629,000","669,733,000","620,562,000","621,544,000","590,158,000","633,618,000","604,241,000","592,785,000","486,945,000","408,260,000","381,387,000","377,898,000","368,688,000","347,334,000","353,449,000","347,930,000","343,274,000","318,507,000","277,836,000","337,568,000","274,599,000","280,980,000","270,244,000","323,267,000","320,282,000","283,213,000","288,467,000","326,665,000","342,826,000","285,814,000","277,657,000","306,804,000","309,508,000","303,915,000","317,225,000","361,663,000","355,149,000","272,855,000","340,349,000","356,180,000","327,696,000","311,398,000","263,969,000","227,919,000","208,565,000","207,286,000","171,892,000","164,621,000","209,223,000","238,167,000","258,203,000","268,868,000","285,650,000","285,005,000","305,893,000","315,681,000","306,751,000","297,772,000","270,119,000","284,148,000","226,620,000","217,103,000","214,220,000","207,311,000","221,838,000","217,735,000","215,469,000","187,498,000","170,605,000","156,369,000","155,541,000","157,292,000","156,731,000","171,138,000","186,344,000","186,112,000","182,102,000","201,811,000","244,368,000","221,947,000","242,693,000","244,436,000","228,076,000","206,943,000","181,372,000","153,400,000","136,100,000","118,900,000","110,700,000","104,900,000","112,700,000","129,700,000","134,200,000","150,300,000","140,800,000","247,400,000","75,300,000","69,300,000","68,700,000","83,800,000","81,000,000","72,300,000","63,300,000","58,700,000","52,000,000","44,800,000","38,500,000","33,900,000","29,700,000","29,900,000","28,800,000","26,900,000","25,400,000","22,500,000","23,100,000","21,800,000","25,400,000","20,200,000","21,900,000","22,300,000","17,400,000","16,900,000","18,600,000","20,500,000","20,500,000","19,000,000",,,,,,,,,,,,,,,,,
ReconciledDepreciation,"339,381,000","85,545,000","84,824,000","84,647,000","84,365,000","84,257,000","80,066,000","78,937,000","81,990,000","88,534,000","98,588,000","127,886,000","73,445,000","15,806,000","16,087,000","14,989,000","16,283,000","16,130,000","15,282,000","14,324,000","14,198,000","14,892,000","14,422,000","14,888,000","15,780,000","16,529,000","19,735,000","19,966,000","20,510,000","18,901,000","21,159,000","22,010,000","20,614,000","19,811,000","20,637,000","20,425,000","21,168,000","21,925,000","24,016,000","23,282,000","22,400,000","23,267,000","23,184,000","22,533,000","21,075,000","21,653,000","20,783,000","19,554,000","21,420,000","23,240,000","23,134,000","25,732,000","31,762,000","35,646,000","42,708,000","46,469,000","26,610,000","28,345,000","24,952,000","36,138,000","29,305,000","29,049,000","14,798,000","17,941,000","16,629,000","17,752,000","17,114,000","17,455,000","16,739,000","18,069,000","18,590,000","21,258,000","20,274,000","21,450,000","19,944,000","16,267,000","19,747,000","17,795,000","17,639,000","18,048,000","18,197,000","15,456,000","17,889,000","10,680,000","15,745,000","14,914,000","14,310,000","17,907,000","16,931,000","15,600,000","12,900,000","13,100,000","13,400,000","10,100,000","11,600,000","11,000,000","9,700,000","6,300,000","11,900,000","35,900,000","5,200,000","5,700,000","5,500,000","5,600,000","4,200,000","3,100,000","3,400,000","2,700,000","2,200,000","3,600,000","2,100,000","2,200,000","3,600,000","2,500,000","2,400,000","3,400,000","1,200,000","2,600,000","2,400,000","2,900,000","2,800,000","2,600,000","2,400,000","2,300,000","3,100,000","1,700,000","2,000,000","2,700,000","2,300,000","1,900,000",,,,,,,,,,,,,,,,,
NetIncomeFromContinuingOperationNetMinorityInterest,"2,986,335,000","717,444,000","1,068,417,000","632,978,000","567,496,000","457,251,000","420,567,000","411,253,000","78,452,000","380,555,000","346,525,000","217,845,000","192,728,000","369,100,000","395,944,000","348,767,000","306,881,000","-134,319,000","280,936,000","256,162,000","253,562,000","238,251,000","178,101,000","271,541,000","175,777,000","152,207,000","104,897,000","142,019,000","131,638,000","20,268,000","72,233,000","128,731,000","203,581,000","139,246,000","111,197,000","134,770,000","166,382,000","106,630,000","135,367,000","247,877,000","205,346,000","110,797,000","191,995,000","245,017,000","209,783,000","185,492,000","154,196,000","113,085,000","57,016,000","21,794,000","20,405,000","-25,576,000","-82,827,000","-434,254,000","19,289,000","76,010,000","110,980,000","83,935,000","88,158,000","147,342,000","154,785,000","90,049,000","135,922,000","128,982,000","98,143,000","76,649,000","76,678,000","105,050,000","123,163,000","122,077,000","116,405,000","96,167,000","66,182,000","44,515,000","36,837,000","29,359,000","27,339,000","29,228,000","51,265,000","46,504,000","34,149,000","49,048,000","86,465,000","66,524,000","91,410,000","109,306,000","105,818,000","91,700,000","73,347,000","49,200,000","39,500,000","25,800,000","20,800,000","-17,600,000","10,200,000","3,300,000","29,000,000","52,100,000","49,700,000","36,400,000","23,700,000","21,300,000","24,000,000","31,900,000","31,800,000","29,800,000","27,300,000","23,900,000","20,800,000","900,000","12,900,000","10,700,000","9,000,000","6,300,000","4,200,000","3,100,000","2,000,000","1,400,000","600,000","-14,900,000","-2,400,000","300,000","400,000","400,000","400,000","400,000","400,000","2,200,000","2,200,000","2,500,000",,,,,,,,,,,,,,,,,
TotalUnusualItemsExcludingGoodwill,"-4,752,000",,,"-4,752,000","0",,,"-3,939,000","-279,187,000",,,,,,,,,,,,,,,"0",,"0",,"355,000","0","-131,669,000",,,,,,,,,,,,,,,,,,"14,020,000","0","0","0","0","0",,,,,,,,,,,,,,,,,,,,,,,"0",,,"9,402,000",,,,,,,,,"0","-1,300,000","-100,000","6,000,000","0",,"-42,700,000","17,100,000","-49,400,000","8,800,000","9,300,000",,,,"4,200,000","3,500,000","2,400,000","2,300,000","3,900,000","4,200,000","-21,500,000","2,300,000","-23,700,000","1,500,000","1,000,000","600,000","400,000","200,000","200,000","500,000","200,000","300,000","800,000","-100,000","200,000","300,000","300,000","600,000","600,000","200,000","0","400,000","900,000",,,,,,,,,,,,,,,,,
TotalUnusualItems,"-4,752,000",,,"-4,752,000","0",,,"-3,939,000","-279,187,000",,,,,,,,,,,,,,,"0",,"0",,"355,000","0","-131,669,000",,,,,,,,,,,,,,,,,,"14,020,000","0","0","0","0","0",,,,,,,,,,,,,,,,,,,,,,,"0",,,"9,402,000",,,,,,,,,"0","-1,300,000","-100,000","6,000,000","0",,"-42,700,000","17,100,000","-49,400,000","8,800,000","9,300,000",,,,"4,200,000","3,500,000","2,400,000","2,300,000","3,900,000","4,200,000","-21,500,000","2,300,000","-23,700,000","1,500,000","1,000,000","600,000","400,000","200,000","200,000","500,000","200,000","300,000","800,000","-100,000","200,000","300,000","300,000","600,000","600,000","200,000","0","400,000","900,000",,,,,,,,,,,,,,,,,
NormalizedEBITDA,"3,541,858,000","1,050,302,000","889,484,000","838,212,000","763,860,000","650,539,000","603,258,000","528,166,000","515,607,000","553,933,000","510,454,000","399,713,000","326,022,000","458,307,000","470,017,000","449,787,000","410,385,000","390,809,000","382,010,000","370,004,000","363,819,000","352,361,000","267,374,000","374,264,000","256,606,000","232,543,000","184,598,000","225,228,000","217,472,000","175,603,000","133,687,000","202,059,000","285,256,000","209,867,000","174,163,000","211,288,000","226,752,000","180,230,000","214,061,000","342,677,000","309,938,000","183,470,000","284,339,000","370,473,000","336,004,000","290,519,000","257,624,000","169,062,000","115,783,000","74,798,000","59,383,000","-6,640,000","-31,796,000","-469,985,000","77,646,000","149,880,000","151,810,000","121,832,000","202,230,000","211,002,000","211,960,000","107,408,000","168,788,000","83,034,000","103,974,000","94,267,000","97,952,000","132,695,000","171,586,000","173,577,000","175,557,000","142,833,000","108,027,000","72,512,000","56,912,000","25,388,000","45,347,000","44,551,000","56,119,000","65,271,000","55,294,000","71,736,000","122,182,000","81,940,000","128,098,000","152,797,000","149,279,000","134,011,000","110,631,000","77,400,000","43,600,000","35,400,000","26,400,000","52,800,000","-8,400,000","82,100,000","34,700,000","64,200,000","76,200,000","149,800,000","36,000,000","30,300,000","34,900,000","51,200,000","49,600,000","42,200,000","38,100,000","83,000,000","29,900,000","53,100,000","18,500,000","15,100,000","14,900,000","10,700,000","8,100,000","7,900,000","3,600,000","4,800,000","3,600,000","-12,800,000","1,500,000","3,700,000","3,500,000","3,200,000","3,600,000","1,900,000","2,700,000","5,600,000","4,800,000","4,200,000","43,200,000","-104,200,000","42,100,000","41,500,000","38,800,000","-67,000,000","30,300,000","25,500,000","23,500,000","-55,600,000","22,100,000","21,200,000","22,200,000","-44,700,000","20,200,000","20,100,000","18,900,000"
TaxRateForCalcs,"0.018","0.226","0.27","0.107","0.114","0.134","0.132","0.27","0.323","0.105","0.068","0.06","0.13","0.113","0.074","0.142","0.161","0.4","0.164","0.212","0.206","0.224","0.199","0.173","0.163","0.179","0.219","0.188","0.209","0.35","0.27","0.227","0.19","0.212","0.205","0.239","0.134","0.264","0.233","0.19","0.251","0.246","0.224","0.267","0.304","0.262","0.31","0.247","0.29","0.35","0.105","0.35","0.35","0.162","0.35","0.221","0.312","0.214","0.35","0.249","0.239","0.115","0.234","0.4","0.07","0.191","0.206","0.206","0.247","0.26","0.29","0.25","0.286","0.238","0.188","0.24","0.24","0.24","0.24","0.201","0.26","0.26","0.26","0.234","0.28","0.28","0.28","0.28","0.28","0.281","0.287","0.281","0.28","0.385","0.284","0.4","0.319","0.365","0.32","0.4","0.34","0.341","0.341","0.359","0.36","0.361","0.361","0.347","0.344","0.357","0.321","0.252","0.25","0.25","0.25","0.244","0.259","0.263","0.25","0","0.4","0.25","0.333","0.333","0.333","0.333","0.333","0.29","0.313","0.342",,,,,,,,,,,,,,,,,
TaxEffectOfUnusualItems,"-87,885.087","0","0","-508,053.716","0","0","0","-1,063,530","-90,177,401","0","0","0","0","0","0","0","0","0","0","0","0","0","0","0","0","0","0","66,802.21","0","-46,084,150","0","0","0","0","0","0","0","0","0","0","0","0","0","0","0","0","0","3,457,504.497","0","0","0","0","0","0","0","0","0","0","0","0","0","0","0","0","0","0","0","0","0","0","0","0","0","0","0","0","0","0","2,256,485.575","0","0","0","0","0","0","0","0","0","-363,872.424","-28,070.175","1,722,021.661","0","0","-16,423,076.923","4,851,063.83","-19,760,000","2,809,389.671","3,390,625","0","0","0","1,430,340.557","1,192,307.692","862,650.602","828,370.221","1,406,008.584","1,514,754.098","-7,460,382.514","790,851.735","-8,464,285.714","481,578.947","251,748.252","150,000","100,000","50,000","48,780.488","129,629.63","52,631.579","75,000","0","-40,000","50,000","100,000","100,000","200,000","200,000","66,666.667","0","125,000","307,894.737",,,,,,,,,,,,,,,,,