name,ttm,12/31/2021,09/30/2021,06/30/2021,03/31/2021,12/31/2020,09/30/2020,06/30/2020,03/31/2020,12/31/2019,09/30/2019,06/30/2019,03/31/2019,12/31/2018,09/30/2018,06/30/2018,03/31/2018,12/31/2017,09/30/2017,06/30/2017,03/31/2017,12/31/2016,09/30/2016,06/30/2016,03/31/2016,12/31/2015,09/30/2015,06/30/2015,03/31/2015,12/31/2014,09/30/2014,06/30/2014,03/31/2014,12/31/2013,09/30/2013,06/30/2013,03/31/2013,12/31/2012,09/30/2012,06/30/2012,03/31/2012,12/31/2011,09/30/2011,06/30/2011,03/31/2011,12/31/2010,09/30/2010,06/30/2010,03/31/2010,12/31/2009,09/30/2009,06/30/2009,03/31/2009,12/31/2008,09/30/2008,06/30/2008,03/31/2008,12/31/2007,09/30/2007,06/30/2007,03/31/2007,12/31/2006,09/30/2006,06/30/2006,03/31/2006,12/31/2005,09/30/2005,06/30/2005,03/31/2005,12/31/2004,09/30/2004,06/30/2004,03/31/2004,12/31/2003,09/30/2003,06/30/2003,03/31/2003,12/31/2002,09/30/2002,06/30/2002,03/31/2002,12/31/2001,09/30/2001,06/30/2001,03/31/2001,12/31/2000,09/30/2000,06/30/2000,03/31/2000,12/31/1999,09/30/1999,06/30/1999,03/31/1999,12/31/1998,09/30/1998,06/30/1998,03/31/1998,12/31/1997,09/30/1997,06/30/1997,03/31/1997,12/31/1996,09/30/1996,06/30/1996,03/31/1996,12/31/1995,09/30/1995,06/30/1995,03/31/1995,12/31/1994,09/30/1994,06/30/1994,03/31/1994,12/31/1993,09/30/1993,06/30/1993,03/31/1993,12/31/1992,09/30/1992,06/30/1992,03/31/1992,12/31/1991,09/30/1991,06/30/1991,03/31/1991,12/31/1990,09/30/1990,06/30/1990,03/31/1990,12/31/1989,09/30/1989,06/30/1989,03/31/1989,12/31/1988,09/30/1988,06/30/1988,03/31/1988,12/31/1987,09/30/1987,06/30/1987,03/31/1987,12/31/1986,09/30/1986,06/30/1986,03/31/1986,12/31/1985,09/30/1985
TotalRevenue,"19,440,000,000","4,965,000,000","5,010,000,000","4,722,000,000","4,743,000,000","4,836,000,000","4,683,000,000","4,612,000,000","5,009,000,000","4,583,000,000","4,640,000,000","4,594,000,000","4,633,000,000","4,569,000,000","4,582,000,000","4,604,000,000","4,731,000,000","4,582,000,000","4,640,000,000","4,554,000,000","4,483,000,000","4,544,000,000","4,594,000,000","4,588,000,000","4,476,000,000","4,539,000,000","4,718,000,000","4,643,000,000","4,691,000,000","3,661,000,000","5,442,000,000","5,343,000,000","5,278,000,000","5,305,000,000","5,262,000,000","5,267,000,000","5,318,000,000","5,307,000,000","5,246,000,000","5,269,000,000","5,241,000,000","5,176,000,000","5,382,000,000","5,259,000,000","5,029,000,000","5,075,000,000","4,979,000,000","4,857,000,000","4,835,000,000","4,982,000,000","4,913,000,000","4,727,000,000","4,493,000,000","4,597,900,000","4,998,200,000","5,006,200,000","4,812,700,000","4,758,100,000","4,620,600,000","4,502,000,000","4,385,300,000","4,307,200,000","4,210,400,000","4,161,400,000","4,067,900,000","4,008,900,000","4,000,800,000","3,987,100,000","3,905,800,000","3,642,100,000","3,866,300,000","3,775,700,000","3,799,100,000","3,702,100,000","3,641,600,000","3,544,600,000","3,459,700,000","3,339,800,000","3,486,700,000","3,408,900,000","3,330,900,000","3,671,800,000","3,710,000,000","3,534,200,000","3,608,400,000","3,600,800,000","3,529,500,000","3,464,500,000","3,387,200,000","3,425,500,000","3,307,500,000","3,148,600,000","3,125,200,000","3,108,200,000","3,099,700,000","3,041,300,000","3,048,600,000","3,089,400,000","3,095,300,000","3,124,300,000","3,237,600,000","3,323,600,000","3,275,700,000","3,347,700,000","3,288,800,000","7,409,700,000","2,212,300,000","2,152,000,000","2,014,600,000","1,920,800,000","1,836,800,000","1,830,100,000","1,776,500,000","1,764,000,000","1,781,000,000","1,725,900,000","1,702,000,000","1,809,300,000","1,793,500,000","1,748,600,000","1,739,700,000","1,726,900,000","1,694,600,000","1,687,800,000","1,667,600,000","1,646,200,000","1,575,100,000","1,612,700,000","1,573,300,000","1,463,100,000","1,452,700,000","1,396,000,000","1,421,800,000","1,391,100,000","1,367,700,000","1,340,700,000","1,294,000,000","1,253,900,000","1,223,200,000","1,224,400,000","1,183,200,000","1,113,200,000","1,065,000,000","1,087,700,000","1,037,200,000","1,050,600,000","1,015,400,000"
	OperatingRevenue,"19,440,000,000","4,965,000,000","5,010,000,000","4,722,000,000","4,743,000,000","4,836,000,000","4,683,000,000","4,612,000,000","5,009,000,000","4,583,000,000","4,640,000,000","4,594,000,000","4,633,000,000","4,569,000,000","4,582,000,000","4,604,000,000","4,731,000,000","4,582,000,000","4,640,000,000","4,554,000,000","4,483,000,000","4,544,000,000","4,594,000,000","4,588,000,000","4,476,000,000","4,539,000,000","4,718,000,000","4,643,000,000","4,691,000,000","3,661,000,000","5,442,000,000","5,343,000,000","5,278,000,000","5,305,000,000","5,262,000,000","5,267,000,000","5,318,000,000","5,307,000,000","5,246,000,000","5,269,000,000","5,241,000,000","5,176,000,000","5,382,000,000","5,259,000,000","5,029,000,000","5,075,000,000","4,979,000,000","4,857,000,000","4,835,000,000","4,982,000,000","4,913,000,000","4,727,000,000","4,493,000,000","4,597,900,000","4,998,200,000","5,006,200,000","4,812,700,000","4,758,100,000","4,620,600,000","4,502,000,000","4,385,300,000","4,307,200,000","4,210,400,000","4,161,400,000","4,067,900,000","4,008,900,000","4,000,800,000","3,987,100,000","3,905,800,000","3,642,100,000","3,866,300,000","3,775,700,000","3,799,100,000","3,702,100,000","3,641,600,000","3,544,600,000","3,459,700,000","3,339,800,000","3,486,700,000","3,408,900,000","3,330,900,000","3,671,800,000","3,710,000,000","3,534,200,000","3,608,400,000","3,600,800,000","3,529,500,000","3,464,500,000","3,387,200,000","3,425,500,000","3,307,500,000","3,148,600,000","3,125,200,000","3,108,200,000","3,099,700,000","3,041,300,000","3,048,600,000","3,089,400,000","3,095,300,000","3,124,300,000","3,237,600,000","3,323,600,000","3,275,700,000","3,347,700,000","3,288,800,000","7,409,700,000","2,212,300,000","2,152,000,000","2,014,600,000","1,920,800,000","1,836,800,000","1,830,100,000","1,776,500,000","1,764,000,000","1,781,000,000","1,725,900,000","1,702,000,000","1,809,300,000","1,793,500,000","1,748,600,000","1,739,700,000","1,726,900,000","1,694,600,000","1,687,800,000","1,667,600,000","1,646,200,000","1,575,100,000","1,612,700,000","1,573,300,000","1,463,100,000","1,452,700,000","1,396,000,000","1,421,800,000","1,391,100,000","1,367,700,000","1,340,700,000","1,294,000,000","1,253,900,000","1,223,200,000","1,224,400,000","1,183,200,000","1,113,200,000","1,065,000,000","1,087,700,000","1,037,200,000","1,050,600,000","1,015,400,000"
CostOfRevenue,"13,452,000,000","3,529,000,000","3,527,000,000","3,242,000,000","3,154,000,000","3,172,000,000","3,093,000,000","2,835,000,000","3,218,000,000","3,017,000,000","3,085,000,000","3,108,000,000","3,205,000,000","3,167,000,000","3,166,000,000","3,149,000,000","3,407,000,000","2,984,000,000","2,981,000,000","2,910,000,000","2,831,000,000","2,866,000,000","2,924,000,000","2,924,000,000","2,837,000,000","2,913,000,000","3,036,000,000","2,986,000,000","3,032,000,000","2,513,000,000","3,541,000,000","3,534,000,000","3,453,000,000","3,492,000,000","3,457,000,000","3,467,000,000","3,496,000,000","3,783,000,000","3,480,000,000","3,514,000,000","3,537,000,000","3,632,000,000","3,794,000,000","3,702,000,000","3,566,000,000","3,430,000,000","3,365,000,000","3,213,000,000","3,188,000,000","3,316,000,000","3,186,000,000","3,154,000,000","3,039,000,000","3,143,300,000","3,535,000,000","3,521,700,000","3,357,000,000","3,296,000,000","3,177,100,000","3,056,000,000","3,033,000,000","2,941,300,000","2,934,900,000","2,873,800,000","2,914,800,000","2,719,300,000","2,844,400,000","2,664,500,000","2,599,200,000","2,410,400,000","2,601,800,000","2,491,000,000","2,511,500,000","2,427,900,000","2,426,700,000","2,337,400,000","2,256,100,000","2,219,600,000","2,246,500,000","2,166,100,000","2,118,500,000","2,199,000,000","2,161,800,000","2,103,700,000","2,151,000,000","1,970,000,000","1,953,900,000","1,885,100,000","1,827,800,000","1,868,400,000","1,808,600,000","1,696,300,000","1,703,600,000","1,839,300,000","1,766,000,000","1,722,800,000","1,760,500,000","1,977,800,000","1,817,200,000","1,811,000,000","1,875,700,000","1,950,400,000","1,881,700,000","1,953,300,000","1,895,000,000","4,301,700,000","1,355,400,000","1,326,900,000","1,262,400,000","1,210,800,000","1,166,200,000","1,128,700,000","1,092,100,000","1,086,900,000","1,121,200,000","1,049,900,000","1,029,800,000","1,109,900,000","1,071,900,000","971,500,000","1,025,100,000","1,040,200,000","1,009,600,000","1,014,600,000","1,002,500,000","1,019,800,000","963,000,000","1,009,200,000","991,600,000","737,200,000","921,500,000","896,800,000",,,,,,,,,,,,,,,
GrossProfit,"5,988,000,000","1,436,000,000","1,483,000,000","1,480,000,000","1,589,000,000","1,664,000,000","1,590,000,000","1,777,000,000","1,791,000,000","1,566,000,000","1,555,000,000","1,486,000,000","1,428,000,000","1,402,000,000","1,416,000,000","1,455,000,000","1,324,000,000","1,598,000,000","1,659,000,000","1,644,000,000","1,652,000,000","1,678,000,000","1,670,000,000","1,664,000,000","1,639,000,000","1,626,000,000","1,682,000,000","1,657,000,000","1,659,000,000","1,148,000,000","1,901,000,000","1,809,000,000","1,825,000,000","1,813,000,000","1,805,000,000","1,800,000,000","1,822,000,000","1,524,000,000","1,766,000,000","1,755,000,000","1,704,000,000","1,544,000,000","1,588,000,000","1,557,000,000","1,463,000,000","1,645,000,000","1,614,000,000","1,644,000,000","1,647,000,000","1,666,000,000","1,727,000,000","1,573,000,000","1,454,000,000","1,454,600,000","1,463,200,000","1,484,500,000","1,455,700,000","1,462,100,000","1,443,500,000","1,446,000,000","1,352,300,000","1,365,900,000","1,275,500,000","1,287,600,000","1,153,100,000","1,289,600,000","1,156,400,000","1,322,600,000","1,306,600,000","1,231,700,000","1,264,500,000","1,284,700,000","1,287,600,000","1,274,200,000","1,214,900,000","1,207,200,000","1,203,600,000","1,120,200,000","1,240,200,000","1,242,800,000","1,212,400,000","1,472,800,000","1,548,200,000","1,430,500,000","1,457,400,000","1,630,800,000","1,575,600,000","1,579,400,000","1,559,400,000","1,557,100,000","1,498,900,000","1,452,300,000","1,421,600,000","1,268,900,000","1,333,700,000","1,318,500,000","1,288,100,000","1,111,600,000","1,278,100,000","1,313,300,000","1,361,900,000","1,373,200,000","1,394,000,000","1,394,400,000","1,393,800,000","3,108,000,000","856,900,000","825,100,000","752,200,000","710,000,000","670,600,000","701,400,000","684,400,000","677,100,000","659,800,000","676,000,000","672,200,000","699,400,000","721,600,000","777,100,000","714,600,000","686,700,000","685,000,000","673,200,000","665,100,000","626,400,000","612,100,000","603,500,000","581,700,000","725,900,000","531,200,000","499,200,000",,,,,,,,,,,,,,,
OperatingExpense,"3,427,000,000","915,000,000","826,000,000","867,000,000","819,000,000","915,000,000","924,000,000","852,000,000","887,000,000","815,000,000","640,000,000","816,000,000","773,000,000","763,000,000","747,000,000","781,000,000","1,077,000,000","786,000,000","805,000,000","845,000,000","818,000,000","839,000,000","834,000,000","826,000,000","835,000,000","996,000,000","903,000,000","2,201,000,000","911,000,000","1,121,000,000","994,000,000","1,019,000,000","1,028,000,000","991,000,000","998,000,000","1,004,000,000","1,039,000,000","1,075,000,000","983,000,000","1,001,000,000","1,004,000,000","933,000,000","926,000,000","932,000,000","919,000,000","946,000,000","916,000,000","933,000,000","982,000,000","949,000,000","856,000,000","964,000,000","826,000,000","831,300,000","853,700,000","834,400,000","791,600,000","793,200,000","760,800,000","797,300,000","736,200,000","755,300,000","749,100,000","12,331,900,000","732,700,000","717,400,000","691,800,000","686,400,000","-5,069,400,000","648,900,000","633,900,000","640,000,000","639,300,000","652,000,000","610,900,000","600,300,000","624,300,000","590,400,000","595,400,000","618,500,000","547,500,000","985,400,000","919,100,000","839,900,000","826,300,000","971,800,000","922,400,000","953,500,000","967,900,000","961,600,000","960,600,000","912,100,000","847,300,000","839,500,000","912,700,000","849,800,000","829,600,000","832,500,000","811,600,000","818,900,000","817,600,000","846,800,000","848,200,000","906,200,000","900,500,000","2,216,200,000","576,500,000","567,600,000","528,900,000","501,600,000","488,200,000","485,300,000","472,200,000","460,800,000","470,200,000","484,400,000","476,200,000","782,400,000","510,400,000","572,500,000","504,300,000","511,500,000","493,800,000","489,100,000","473,800,000","455,900,000","415,600,000","408,000,000","390,600,000","556,700,000","353,600,000","344,300,000",,,,,,,,,,,,,,,
	SellingGeneralAndAdministration,"3,399,000,000","911,000,000","819,000,000","854,000,000","815,000,000","996,000,000","919,000,000","844,000,000","873,000,000","859,000,000","815,000,000","811,000,000","769,000,000","768,000,000","749,000,000","771,000,000","1,079,000,000","759,000,000","813,000,000","842,000,000","813,000,000","821,000,000","833,000,000","847,000,000","825,000,000","857,000,000","868,000,000","869,000,000","849,000,000","695,000,000","1,011,000,000","1,032,000,000","971,000,000","999,000,000","990,000,000","1,012,000,000","1,027,000,000","1,066,000,000","988,000,000","1,019,000,000","996,000,000","957,000,000","943,000,000","940,000,000","921,000,000","954,000,000","909,000,000","929,000,000","881,000,000","974,000,000","852,000,000","923,000,000","749,000,000","816,300,000","849,000,000","827,300,000","798,400,000","792,000,000","783,700,000","797,600,000","732,600,000","744,700,000","749,200,000","741,900,000","712,500,000","715,900,000","679,500,000","688,100,000","653,900,000","635,200,000","625,400,000","625,500,000","624,800,000","617,600,000","589,600,000","579,500,000","588,900,000","545,900,000","579,100,000","587,300,000","566,200,000","827,400,000","805,100,000","736,200,000","733,600,000","722,900,000","689,200,000","717,400,000","735,300,000","728,700,000","734,800,000","684,400,000","655,900,000","612,300,000","728,600,000","670,300,000","653,100,000","641,600,000","640,800,000","647,500,000","648,000,000","702,900,000","710,200,000","766,100,000","761,500,000","1,908,700,000","481,700,000","475,400,000","441,700,000","415,800,000","406,900,000","404,100,000","393,200,000","380,500,000","398,300,000","412,500,000","406,700,000","710,300,000","434,000,000","501,600,000","434,700,000","441,200,000","426,900,000","425,300,000","409,300,000","395,300,000","355,700,000","348,000,000","332,100,000","501,500,000","301,700,000","293,200,000",,,,,,,,,,,,,,,
		GeneralAndAdministrativeExpense,,,,,,,,,,,,,,,,,,,,,,,,,,,,,,,,,,,,,,,,,,,,,,,,,,,,,,,,,,,,,,,,,,,,,,,,,,,,,,,,,,"216,700,000","189,000,000","183,700,000","178,500,000",,,,,,,,,,,,,,,,,,,,,,,,,,,,,,,,,,,,,,,,,,,,,,,,,,,,,,,,,,,,,,
			OtherGandA,,,,,,,,,,,,,,,,,,,,,,,,,,,,,,,,,,,,,,,,,,,,,,,,,,,,,,,,,,,,,,,,,,,,,,,,,,,,,,,,,,"216,700,000","189,000,000","183,700,000","178,500,000",,,,,,,,,,,,,,,,,,,,,,,,,,,,,,,,,,,,,,,,,,,,,,,,,,,,,,,,,,,,,,
		SellingAndMarketingExpense,,,,,,,,,,,,,,,,,,,,,,,,,,,,,,,,,,,,,,,"988,000,000","1,019,000,000","996,000,000","957,000,000","943,000,000","940,000,000","921,000,000","954,000,000","909,000,000","929,000,000","881,000,000","974,000,000","852,000,000","923,000,000","749,000,000",,,,,,,,,,,,,,,,,,,,,,,,,,,,,"610,700,000","616,100,000","552,500,000","555,100,000",,,,,,,,,,,,,,,,,,,,,,,,,,,,,,,,,,,,,,,,,,,,,,,,,,,,,,,,,,,,,,
	ResearchAndDevelopment,,,,,,,,,,,,,,,,,,,,,,,,,,,,,,,,,,,,,,,,,,,,,,,,,,,,,,,,,,,,,,,,,,,,,,,,,,,,,,,,,,"79,500,000","73,900,000","73,200,000","68,700,000","80,400,000","67,400,000","68,400,000","61,200,000","70,600,000","62,200,000","62,200,000","54,800,000","62,900,000","54,200,000","54,800,000","52,900,000","61,800,000","51,000,000","50,300,000","48,700,000",,,,,,,,,,,,,,,,,,,,,,,,,,,,,,,,,,,,,,,,,,,,,,
	DepreciationAmortizationDepletionIncomeStatement,,,,,,,,,,,,,,,,,,,,,,,,,,,,,,,,,,,,,,,,,,,,,,,,,,,,,,,,,,,,,,,,,,,,,,,,,,,,,,,,,,"22,400,000","22,700,000","22,500,000","21,800,000","168,500,000","165,800,000","167,700,000","171,400,000","162,300,000","163,600,000","165,500,000","136,600,000","164,300,000","129,900,000","124,700,000","123,600,000","129,100,000","119,800,000","121,100,000","120,900,000","143,900,000","138,000,000","140,100,000","139,000,000","307,500,000","94,800,000","92,200,000","87,200,000","85,800,000","81,300,000","81,200,000","79,000,000","80,300,000","71,900,000","71,900,000","69,500,000","72,100,000","76,400,000","70,900,000","69,600,000","70,300,000","66,900,000","63,800,000","64,500,000","60,600,000","59,900,000","60,000,000","58,500,000","55,200,000","51,900,000","51,100,000",,,,,,,,,,,,,,,
		DepreciationAndAmortizationInIncomeStatement,,,,,,,,,,,,,,,,,,,,,,,,,,,,,,,,,,,,,,,,,,,,,,,,,,,,,,,,,,,,,,,,,,,,,,,,,,,,,,,,,,"22,400,000","22,700,000","22,500,000","21,800,000","168,500,000","165,800,000","167,700,000","171,400,000","162,300,000","163,600,000","165,500,000","136,600,000","164,300,000","129,900,000","124,700,000","123,600,000","129,100,000","119,800,000","121,100,000","120,900,000","143,900,000","138,000,000","140,100,000","139,000,000","307,500,000","94,800,000","92,200,000","87,200,000","85,800,000","81,300,000","81,200,000","79,000,000","80,300,000","71,900,000","71,900,000","69,500,000","72,100,000","76,400,000","70,900,000","69,600,000","70,300,000","66,900,000","63,800,000","64,500,000","60,600,000","59,900,000","60,000,000","58,500,000","55,200,000","51,900,000","51,100,000",,,,,,,,,,,,,,,
			Amortization,,,,,,,,,,,,,,,,,,,,,,,,,,,,,,,,,,,,,,,,,,,,,,,,,,,,,,,,,,,,,,,,,,,,,,,,,,,,,,,,,,"22,400,000","22,700,000","22,500,000","21,800,000",,,,,,,,,,,,,,,,,,,,,,,,,,,,,,,,,,,,,,,,,,,,,,,,,,,,,,,,,,,,,,
				AmortizationOfIntangiblesIncomeStatement,,,,,,,,,,,,,,,,,,,,,,,,,,,,,,,,,,,,,,,,,,,,,,,,,,,,,,,,,,,,,,,,,,,,,,,,,,,,,,,,,,"22,400,000","22,700,000","22,500,000","21,800,000",,,,,,,,,,,,,,,,,,,,,,,,,,,,,,,,,,,,,,,,,,,,,,,,,,,,,,,,,,,,,,
	OtherOperatingExpenses,"28,000,000","4,000,000","7,000,000","13,000,000","4,000,000","-81,000,000","5,000,000","8,000,000","14,000,000","-44,000,000","-175,000,000","5,000,000","4,000,000","-5,000,000","-2,000,000","10,000,000","-2,000,000","27,000,000","-8,000,000","3,000,000","5,000,000","18,000,000","1,000,000","-21,000,000","10,000,000","139,000,000","35,000,000","1,332,000,000","62,000,000","426,000,000","-17,000,000","-13,000,000","57,000,000","-8,000,000","8,000,000","-8,000,000","12,000,000","9,000,000","-5,000,000","-18,000,000","8,000,000","-24,000,000","-17,000,000","-8,000,000","-2,000,000","-8,000,000","7,000,000","4,000,000","101,000,000","-25,000,000","4,000,000","41,000,000","77,000,000","15,000,000","4,700,000","7,100,000","-6,800,000","1,200,000","-22,900,000","-300,000","3,600,000","10,600,000","-100,000","11,590,000,000","20,200,000","1,500,000","12,300,000","-1,700,000","-5,723,300,000","13,700,000","8,500,000","14,500,000","14,500,000","34,400,000","21,300,000","20,800,000","35,400,000","44,500,000","16,300,000","31,200,000","-18,700,000","56,100,000","17,400,000","8,000,000","2,200,000",,,,,,,,,,,,,,,,,,,,,,,,,,,,,,,,,,,,,,,,,,,,,,,,,,,,,,,,,,,,,,
OperatingIncome,"2,561,000,000","521,000,000","657,000,000","613,000,000","770,000,000","749,000,000","666,000,000","925,000,000","904,000,000","751,000,000","915,000,000","670,000,000","655,000,000","639,000,000","669,000,000","674,000,000","247,000,000","812,000,000","854,000,000","799,000,000","834,000,000","839,000,000","836,000,000","838,000,000","804,000,000","630,000,000","779,000,000","-544,000,000","748,000,000","27,000,000","907,000,000","790,000,000","797,000,000","822,000,000","807,000,000","796,000,000","783,000,000","449,000,000","783,000,000","754,000,000","700,000,000","611,000,000","662,000,000","625,000,000","544,000,000","699,000,000","698,000,000","711,000,000","665,000,000","717,000,000","871,000,000","609,000,000","628,000,000","623,300,000","609,500,000","650,100,000","664,100,000","668,900,000","682,700,000","648,700,000","616,100,000","610,600,000","526,400,000","-11,044,300,000","420,400,000","572,200,000","464,600,000","636,200,000","6,376,000,000","582,800,000","630,600,000","644,700,000","648,300,000","622,200,000","604,000,000","606,900,000","579,300,000","529,800,000","644,800,000","624,300,000","664,900,000","487,400,000","629,100,000","590,600,000","631,100,000","659,000,000","653,200,000","625,900,000","591,500,000","595,500,000","538,300,000","540,200,000","574,300,000","429,400,000","421,000,000","468,700,000","458,500,000","279,100,000","466,500,000","494,400,000","544,300,000","526,400,000","545,800,000","488,200,000","493,300,000","891,800,000","280,400,000","257,500,000","223,300,000","208,400,000","182,400,000","216,100,000","212,200,000","216,300,000","189,600,000","191,600,000","196,000,000","-83,000,000","211,200,000","204,600,000","210,300,000","175,200,000","191,200,000","184,100,000","191,300,000","170,500,000","196,500,000","195,500,000","191,100,000","169,200,000","177,600,000","154,900,000","1,421,800,000","-3,361,800,000","1,367,700,000","1,340,700,000","1,294,000,000","-3,044,700,000","1,223,200,000","1,224,400,000","1,183,200,000","-2,704,900,000","1,065,000,000","1,087,700,000","1,037,200,000","-2,536,000,000","1,015,400,000"
NetNonOperatingInterestIncomeExpense,"-250,000,000","-62,000,000","-63,000,000","-63,000,000","-62,000,000","-62,000,000","-60,000,000","-63,000,000","-59,000,000","-60,000,000","-63,000,000","-65,000,000","-62,000,000","-62,000,000","-62,000,000","-65,000,000","-64,000,000","-69,000,000","-75,000,000","-83,000,000","-81,000,000","-79,000,000","-79,000,000","-78,000,000","-72,000,000","-71,000,000","-70,000,000","-69,000,000","-68,000,000","-65,000,000","-66,000,000","-67,000,000","-68,000,000","-68,000,000","-67,000,000","-66,000,000","-62,000,000","-67,000,000","-66,000,000","-66,000,000","-67,000,000","-67,000,000","-65,000,000","-67,000,000","-60,000,000","-59,000,000","-54,000,000","-54,000,000","-56,000,000","-59,000,000","-60,000,000","-65,000,000","-65,000,000",,,,,,,,,,,,,,,,,,,,,,,,,,,,,,,,,,,,,,,,,,,,,,,,,,,,,,,,,,,,,,,,,,,,,,,,,,,,,,,,,,,,,,,,,,,,,,
	InterestIncomeNonOperating,"6,000,000","2,000,000","1,000,000","2,000,000","1,000,000","2,000,000","2,000,000","2,000,000","2,000,000","3,000,000","3,000,000","2,000,000","3,000,000","3,000,000","2,000,000","3,000,000","2,000,000","3,000,000","3,000,000","2,000,000","2,000,000","2,000,000","2,000,000","3,000,000","4,000,000","5,000,000","4,000,000","4,000,000","4,000,000","5,000,000","5,000,000","5,000,000","3,000,000","4,000,000","6,000,000","5,000,000","5,000,000","5,000,000","4,000,000","5,000,000","4,000,000","5,000,000","5,000,000","4,000,000","4,000,000","4,000,000","5,000,000","6,000,000","5,000,000","5,000,000","7,000,000","6,000,000","8,000,000",,,,,,,,,,,,,,,,,,,,,,,,,,,,,,,,,,,,,,,,,,,,,,,,,,,,,,,,,,,,,,,,,,,,,,,,,,,,,,,,,,,,,,,,,,,,,,
	InterestExpenseNonOperating,"256,000,000","64,000,000","64,000,000","65,000,000","63,000,000","64,000,000","62,000,000","65,000,000","61,000,000","63,000,000","66,000,000","67,000,000","65,000,000","65,000,000","64,000,000","68,000,000","66,000,000","72,000,000","78,000,000","85,000,000","83,000,000","81,000,000","81,000,000","81,000,000","76,000,000","76,000,000","74,000,000","73,000,000","72,000,000","70,000,000","71,000,000","72,000,000","71,000,000","72,000,000","73,000,000","71,000,000","67,000,000","72,000,000","70,000,000","71,000,000","71,000,000","72,000,000","70,000,000","71,000,000","64,000,000","63,000,000","59,000,000","60,000,000","61,000,000","64,000,000","67,000,000","71,000,000","73,000,000",,,,,,,,,,,,,,,,,,,,,,,,,,,,,,,,,,,,,,,,,,,,,,,,,,,,,,,,,,,,,,,,,,,,,,,,,,,,,,,,,,,,,,,,,,,,,,
OtherIncomeExpense,"-86,000,000","-15,000,000","-10,000,000","-55,000,000","-6,000,000","-13,000,000","-40,000,000","-6,000,000","-11,000,000","-58,000,000","-11,000,000","-11,000,000","-11,000,000","-88,000,000","-30,000,000","-36,000,000","-9,000,000",,,,,,,,,,,,,,,,,,,,,,,,,,,,,,,"47,000,000",,,,"44,000,000",,"14,200,000","48,000,000","41,300,000","50,200,000","56,600,000","55,500,000","-4,400,000","13,800,000","58,400,000","25,700,000","33,700,000","3,000,000","-5,900,000","-22,500,000","-13,900,000","-27,300,000","-22,800,000","-3,600,000","-23,300,000","-35,100,000","-111,100,000","600,000","9,500,000","-9,400,000","-13,200,000","11,800,000","-9,700,000","51,100,000","-24,000,000","12,800,000","44,600,000","37,300,000","61,000,000","41,300,000","53,500,000","134,800,000","63,300,000","223,500,000","81,200,000","65,000,000","-16,900,000","164,300,000","13,500,000","23,400,000","-417,100,000","30,500,000","62,100,000","49,800,000","49,900,000","77,900,000","118,200,000","41,700,000","-1,297,200,000","82,500,000","30,300,000","-2,800,000","10,000,000","55,400,000","45,200,000","27,400,000","37,300,000","29,100,000","39,000,000","24,700,000","22,500,000","25,000,000","28,600,000","25,000,000","43,100,000","25,800,000","26,600,000","21,900,000","19,300,000","21,700,000","-3,300,000","15,800,000","20,400,000","15,600,000","22,800,000",,,,,,,,,,,,,,,
	EarningsFromEquityInterest,,,,,,,,,,,,,,,,,,,,,,,,,,,,,,,,,,,,,,,,,,,,,,,,"47,000,000",,,,"44,000,000",,"21,500,000","52,700,000","48,400,000","43,400,000","43,100,000","39,100,000","42,800,000","45,000,000","93,900,000","42,800,000","42,900,000","39,000,000","37,200,000","33,000,000","32,300,000","34,100,000","32,700,000","31,300,000","29,900,000","30,900,000","28,800,000","21,900,000","30,300,000","26,000,000","31,300,000","28,100,000","21,500,000","32,400,000","32,100,000","30,200,000","52,600,000","39,500,000",,,,,,,,,,,,,,,,,,,,,,,,,,,,,,,,,,,,,,,,,,,,,,,,,,,,,,,,,,,,,,
	SpecialIncomeCharges,,,,,,,,,,,,,,,,,,,,,,,,,,,,,,,,,,,,,,,,,,,,,,,,,,,,,,"-7,300,000","-4,700,000","-7,100,000","6,800,000","13,500,000","16,400,000","-47,200,000","-31,200,000","-35,500,000","-17,100,000","-9,200,000","-36,000,000","-43,100,000","-55,500,000","-46,200,000","-61,400,000","-55,500,000","-34,900,000","-53,200,000","-66,000,000","-139,900,000","-21,300,000","-20,800,000","-35,400,000","-44,500,000","-16,300,000","-31,200,000","18,700,000","-56,100,000","-17,400,000","-8,000,000","-2,200,000","61,000,000","41,300,000","53,500,000","134,800,000","63,300,000","223,500,000","81,200,000","65,000,000","-16,900,000","164,300,000","13,500,000","23,400,000","-417,100,000","30,500,000","62,100,000","49,800,000","49,900,000","77,900,000","118,200,000","41,700,000","-1,297,200,000","82,500,000","30,300,000","-2,800,000","10,000,000","55,400,000","45,200,000","27,400,000","37,300,000","29,100,000","39,000,000","24,700,000","22,500,000","25,000,000","28,600,000","25,000,000","43,100,000","25,800,000","26,600,000","21,900,000","19,300,000","21,700,000","-3,300,000","15,800,000","20,400,000","15,600,000","22,800,000",,,,,,,,,,,,,,,
	OtherNonOperatingIncomeExpenses,"-86,000,000","-15,000,000","-10,000,000","-55,000,000","-6,000,000","-13,000,000","-40,000,000","-6,000,000","-11,000,000","-58,000,000","-11,000,000","-11,000,000","-11,000,000","-88,000,000","-30,000,000","-36,000,000","-9,000,000",,,,,,,,,,,,,,,,,,,,,,,,,,,,,,,,,,,,,,,,,,,,,,,,,,,,,,,,,,,,,,,,,,,,,,,,,,,,,,,,,,,,,,,,,,,,,,,,,,,,,,,,,,,,,,,,,,,,,,,,,,,,,,,,,,
PretaxIncome,"2,225,000,000","444,000,000","584,000,000","495,000,000","702,000,000","674,000,000","566,000,000","856,000,000","834,000,000","633,000,000","841,000,000","594,000,000","582,000,000","489,000,000","577,000,000","573,000,000","174,000,000","743,000,000","779,000,000","716,000,000","753,000,000","760,000,000","757,000,000","760,000,000","732,000,000","559,000,000","709,000,000","-613,000,000","680,000,000","-38,000,000","841,000,000","723,000,000","729,000,000","754,000,000","740,000,000","730,000,000","721,000,000","382,000,000","717,000,000","688,000,000","633,000,000","544,000,000","597,000,000","558,000,000","484,000,000","640,000,000","644,000,000","657,000,000","609,000,000","658,000,000","811,000,000","544,000,000","563,000,000","557,700,000","548,900,000","584,700,000","597,700,000","609,700,000","606,900,000","556,700,000","544,200,000","540,700,000","459,500,000","48,800,000","356,700,000","484,400,000","380,800,000","550,300,000","553,400,000","504,200,000","567,800,000","569,300,000","562,100,000","481,100,000","568,200,000","566,600,000","541,100,000","489,500,000","603,300,000","582,700,000","621,900,000","446,200,000","586,700,000","546,200,000","585,300,000","648,100,000","621,400,000","617,200,000","672,400,000","604,600,000","701,000,000","556,900,000","580,800,000","356,600,000","528,000,000","427,100,000","427,200,000","-178,000,000","455,500,000","504,400,000","535,200,000","519,700,000","567,100,000","546,100,000","471,700,000","-557,600,000","322,400,000","243,500,000","178,400,000","177,900,000","201,900,000","226,700,000","205,000,000","218,100,000","187,200,000","198,800,000","191,200,000","-89,000,000","208,800,000","205,900,000","205,600,000","186,100,000","188,200,000","184,200,000","185,900,000","164,200,000","193,500,000","166,700,000","184,900,000","168,900,000","172,400,000","156,800,000",,,,,,,,,,,,,,,
TaxProvision,"479,000,000","93,000,000","126,000,000","113,000,000","147,000,000","166,000,000","114,000,000","199,000,000","197,000,000","109,000,000","192,000,000","132,000,000","143,000,000","91,000,000","138,000,000","138,000,000","104,000,000","143,000,000","224,000,000","202,000,000","207,000,000","271,000,000","227,000,000","217,000,000","207,000,000","252,000,000","217,000,000","-281,000,000","230,000,000","107,000,000","290,000,000","233,000,000","226,000,000","244,000,000","224,000,000","238,000,000","223,000,000","147,000,000","223,000,000","213,000,000","185,000,000","161,000,000","174,000,000","173,000,000","152,000,000","171,000,000","195,000,000","181,000,000","241,000,000","184,000,000","240,000,000","158,000,000","164,000,000","124,300,000","154,500,000","174,600,000","164,600,000","145,400,000","167,500,000","111,500,000","112,100,000","124,300,000","114,600,000","131,000,000","99,300,000","114,100,000","66,300,000","140,800,000","117,200,000","101,400,000","139,000,000","126,800,000","116,700,000","34,000,000","157,800,000","164,900,000","157,500,000","141,900,000","176,400,000","163,200,000","185,100,000","132,800,000","173,700,000","164,300,000","174,900,000","192,400,000","181,000,000","182,900,000","202,200,000","180,600,000","222,600,000","165,800,000","177,100,000","117,300,000","188,000,000","127,000,000","129,600,000","-31,000,000","139,500,000","153,600,000","171,000,000","172,600,000","189,900,000","181,400,000","156,900,000","-110,200,000","113,800,000","80,200,000","69,700,000","72,300,000","60,100,000","75,200,000","68,800,000","76,500,000","76,000,000","65,500,000","66,400,000","-20,500,000","69,800,000","67,800,000","69,200,000","47,400,000","62,100,000","61,000,000","65,600,000","53,000,000","70,200,000","86,300,000","67,700,000","58,300,000","63,600,000","55,500,000",,,,,,,,,,,,,,,
EarningsFromEquityInterestNetOfTax,"98,000,000","10,000,000","21,000,000","28,000,000","39,000,000","38,000,000","31,000,000","35,000,000","38,000,000","32,000,000","31,000,000","33,000,000","27,000,000","23,000,000","23,000,000","30,000,000","27,000,000","25,000,000","24,000,000","26,000,000","29,000,000","29,000,000","33,000,000","35,000,000","35,000,000","37,000,000","37,000,000","39,000,000","36,000,000","32,000,000","31,000,000","40,000,000","43,000,000","48,000,000","49,000,000","55,000,000","53,000,000","51,000,000","43,000,000","43,000,000","39,000,000","39,000,000","35,000,000","47,000,000","40,000,000","51,000,000","40,000,000","47,000,000","43,000,000","48,000,000","40,000,000","44,000,000","32,000,000",,,,,,,,,,,,,,,,,,,,,,,,,,,,,,,,,,,,,,,,,,,,,,,,,,,,,,,,,,,,,,,,,,,,,,,,,,,,,,,,,,,,,,,,,,,,,,
NetIncomeCommonStockholders,"1,814,000,000","357,000,000","469,000,000","404,000,000","584,000,000","539,000,000","472,000,000","681,000,000","660,000,000","547,000,000","671,000,000","485,000,000","454,000,000","411,000,000","451,000,000","455,000,000","93,000,000","617,000,000","567,000,000","531,000,000","563,000,000","505,000,000","550,000,000","566,000,000","545,000,000","333,000,000","517,000,000","-305,000,000","468,000,000","-83,000,000","562,000,000","509,000,000","538,000,000","539,000,000","546,000,000","526,000,000","531,000,000","267,000,000","517,000,000","498,000,000","468,000,000","401,000,000","432,000,000","408,000,000","350,000,000","492,000,000","469,000,000","498,000,000","384,000,000","492,000,000","582,000,000","403,000,000","407,000,000","419,300,000","413,100,000","416,700,000","440,900,000","456,000,000","453,100,000","461,800,000","452,000,000","482,600,000","364,200,000","377,600,000","275,100,000","371,100,000","325,300,000","421,800,000","450,100,000","445,300,000","441,300,000","454,300,000","459,300,000","459,500,000","419,700,000","417,300,000","397,700,000","369,600,000","441,200,000","424,600,000","439,200,000","341,700,000","419,400,000","415,400,000","433,400,000","455,700,000","440,400,000","434,300,000","470,200,000","424,000,000","478,400,000","391,100,000","403,700,000","228,100,000","340,000,000","300,100,000","297,600,000","-147,000,000","316,000,000","363,500,000","369,000,000","347,100,000","377,200,000","364,700,000","314,800,000","-447,400,000","208,600,000","163,300,000","108,700,000","105,600,000","141,800,000","151,500,000","136,200,000","141,600,000","111,200,000","133,300,000","124,800,000","-278,500,000","139,000,000","138,100,000","136,400,000","138,700,000","126,100,000","123,200,000","120,300,000","111,200,000","123,300,000","80,400,000","117,200,000","110,600,000","108,800,000","101,300,000",,,,,,,,,,,,,,,
	NetIncome,"1,814,000,000","357,000,000","469,000,000","404,000,000","584,000,000","539,000,000","472,000,000","681,000,000","660,000,000","547,000,000","671,000,000","485,000,000","454,000,000","411,000,000","451,000,000","455,000,000","93,000,000","617,000,000","567,000,000","531,000,000","563,000,000","505,000,000","550,000,000","566,000,000","545,000,000","333,000,000","517,000,000","-305,000,000","468,000,000","-83,000,000","562,000,000","509,000,000","538,000,000","539,000,000","546,000,000","526,000,000","531,000,000","267,000,000","517,000,000","498,000,000","468,000,000","401,000,000","432,000,000","408,000,000","350,000,000","492,000,000","469,000,000","498,000,000","384,000,000","492,000,000","582,000,000","403,000,000","407,000,000","419,300,000","413,100,000","416,700,000","440,900,000","456,000,000","453,100,000","461,800,000","452,000,000","482,600,000","364,200,000","377,600,000","275,100,000","371,100,000","325,300,000","421,800,000","450,100,000","445,300,000","441,300,000","454,300,000","459,300,000","459,500,000","419,700,000","417,300,000","397,700,000","369,600,000","441,200,000","424,600,000","439,200,000","341,700,000","419,400,000","415,400,000","433,400,000","455,700,000","440,400,000","434,300,000","470,200,000","424,000,000","478,400,000","391,100,000","403,700,000","228,100,000","340,000,000","300,100,000","297,600,000","-147,000,000","316,000,000","363,500,000","369,000,000","347,100,000","377,200,000","364,700,000","314,800,000","-447,400,000","208,600,000","163,300,000","108,700,000","105,600,000","141,800,000","151,500,000","136,200,000","141,600,000","111,200,000","133,300,000","124,800,000","-278,500,000","139,000,000","138,100,000","136,400,000","138,700,000","126,100,000","123,200,000","120,300,000","111,200,000","123,300,000","80,400,000","117,200,000","110,600,000","108,800,000","101,300,000",,,,,,,,,,,,,,,
		NetIncomeIncludingNoncontrollingInterests,"1,844,000,000","361,000,000","479,000,000","410,000,000","594,000,000","546,000,000","483,000,000","692,000,000","675,000,000","556,000,000","680,000,000","495,000,000","466,000,000","421,000,000","462,000,000","465,000,000","97,000,000","625,000,000","579,000,000","540,000,000","575,000,000","518,000,000","563,000,000","578,000,000","560,000,000","344,000,000","529,000,000","-293,000,000","486,000,000","-63,000,000","582,000,000","530,000,000","546,000,000","558,000,000","565,000,000","547,000,000","551,000,000","286,000,000","537,000,000","518,000,000","487,000,000","422,000,000","458,000,000","432,000,000","372,000,000","520,000,000","489,000,000","523,000,000","411,000,000","522,000,000","611,000,000","430,000,000","431,000,000","454,600,000","447,100,000","450,800,000","476,500,000","507,400,000","478,500,000","488,000,000","477,100,000","510,300,000","387,700,000","399,900,000","296,400,000","395,200,000","347,500,000","441,800,000","470,300,000","465,300,000","460,100,000","472,400,000","476,300,000","475,900,000","432,300,000","432,000,000","409,600,000","378,900,000","455,000,000","441,000,000","457,800,000","345,500,000","443,200,000","434,500,000","449,900,000","472,600,000","459,100,000","449,700,000","482,500,000","438,500,000","492,100,000","401,000,000","408,700,000","233,100,000","346,600,000","306,300,000","304,100,000","-153,500,000","322,500,000","375,600,000","384,600,000","362,100,000","390,800,000","374,500,000","326,500,000","-432,500,000","213,900,000","169,300,000","113,500,000","113,100,000","144,700,000","153,800,000","139,700,000","146,100,000","115,300,000","137,000,000","128,200,000","-274,800,000","141,800,000","141,100,000","140,400,000","143,900,000","128,500,000","125,200,000","123,400,000","115,100,000","125,300,000","82,200,000","119,200,000","113,800,000","112,000,000","105,400,000","103,100,000","94,700,000","90,500,000","100,100,000","93,300,000","82,200,000","84,100,000","83,800,000","75,100,000","64,300,000","63,000,000","68,800,000","73,200,000","53,600,000","62,300,000"
			NetIncomeContinuousOperations,"1,844,000,000","361,000,000","479,000,000","410,000,000","594,000,000","546,000,000","483,000,000","692,000,000","675,000,000","556,000,000","680,000,000","495,000,000","466,000,000","421,000,000","462,000,000","465,000,000","97,000,000","625,000,000","579,000,000","540,000,000","575,000,000","518,000,000","563,000,000","578,000,000","560,000,000","344,000,000","529,000,000","-293,000,000","486,000,000","-113,000,000","582,000,000","530,000,000","546,000,000","558,000,000","565,000,000","547,000,000","551,000,000","286,000,000","537,000,000","518,000,000","487,000,000","422,000,000","458,000,000","432,000,000","372,000,000","520,000,000","489,000,000","476,000,000","411,000,000","638,000,000","571,000,000","386,000,000","431,000,000","427,300,000","413,100,000","424,400,000","440,900,000","456,000,000","453,100,000","461,800,000","452,000,000","482,600,000","364,200,000","377,600,000","275,100,000","383,400,000","325,300,000","421,800,000","450,100,000","415,500,000","441,300,000","454,300,000","459,300,000","459,500,000","419,700,000","417,300,000","397,700,000","369,600,000","441,200,000","424,600,000","450,600,000","341,700,000","419,400,000","415,400,000","433,400,000","455,700,000","440,400,000","434,300,000","470,200,000","424,000,000","478,400,000","391,100,000","403,700,000","239,300,000","340,000,000","300,100,000","297,600,000","-147,000,000","316,000,000","350,800,000","364,200,000","347,100,000","377,200,000","364,700,000","314,800,000","-447,400,000","208,600,000","163,300,000","108,700,000","105,600,000","141,800,000","151,500,000","136,200,000","141,600,000","111,200,000","133,300,000","124,800,000","-68,500,000","139,000,000","138,100,000","136,400,000","138,700,000","126,100,000","123,200,000","120,300,000","111,200,000","123,300,000","80,400,000","117,200,000","110,600,000","108,800,000","101,300,000","103,100,000","94,700,000","90,500,000","100,100,000","93,300,000","82,200,000","84,100,000","83,800,000","75,100,000","64,300,000","63,000,000","68,800,000","73,200,000","53,600,000","62,300,000"
			NetIncomeDiscontinuousOperations,,,,,,,,,,,,,,,,,,,,,,,,,,"0","0","0","0","-15,000,000",,,,,,,,,,,,,,,,,,,,,,,,,,,,,,,,,,,,,,,,,,,,,,,,,,,,,,,,,,,,,,,,,,,,,,,,,,,,,,,,,,,,,,,,,,,,,,,,,,,,,,,,,,,,,,,,,,,,,
			NetIncomeExtraordinary,,,,,,,,,,,,,,,,,,,,,,,,,,,,,,,,,,,,,,,,,,,,,,,,,,"0","0","0",,,,"-7,700,000",,,,,,,,,,,,,,,,,,,,,,"0",,,"-11,400,000",,,,,,,,,,,,,,,,,,,,,,,,,,,,,,,,,,,,,,,,,,,,,,,,,,,,,,,,,,,,,,,,,,
			NetIncomeFromTaxLossCarryforward,,,,,,,,,,,,,,,,,,,,,,,,,,,,,,,,,,,,,,,,,,,,,,,,,,,"40,000,000","44,000,000",,,,,,,,,,,,,,,,,,,,,,,,,,,,,,,,,,,,,,,,,,,,,,"0",,"12,700,000","4,800,000",,,,,,,,,,,,,,,,,,,,,,,,,,,,,,,,,,,,,,,,,,,,,,
		MinorityInterests,"-30,000,000","-4,000,000","-10,000,000","-6,000,000","-10,000,000","-7,000,000","-11,000,000","-11,000,000","-15,000,000","-9,000,000","-9,000,000","-10,000,000","-12,000,000","-10,000,000","-11,000,000","-10,000,000","-4,000,000","-8,000,000","-12,000,000","-9,000,000","-12,000,000","-13,000,000","-13,000,000","-12,000,000","-15,000,000","-11,000,000","-12,000,000","-12,000,000","-18,000,000","-20,000,000","-20,000,000","-21,000,000","-8,000,000","-19,000,000","-19,000,000","-21,000,000","-20,000,000","-19,000,000","-20,000,000","-20,000,000","-19,000,000","-21,000,000","-26,000,000","-24,000,000","-22,000,000","-28,000,000","-20,000,000","-25,000,000","-27,000,000","-30,000,000","-29,000,000","-27,000,000","-24,000,000","-35,300,000","-34,000,000","-34,100,000","-35,600,000","-51,400,000","-25,400,000","-26,200,000","-25,100,000","-27,700,000","-23,500,000","-22,300,000","-21,300,000","-24,100,000","-22,200,000","-20,000,000","-20,200,000","-20,000,000","-18,800,000","-18,100,000","-17,000,000","-16,400,000","-12,600,000","-14,700,000","-11,900,000","-9,300,000","-13,800,000","-16,400,000","-18,600,000","-3,800,000","-23,800,000","-19,100,000","-16,500,000","-16,900,000","-18,700,000","-15,400,000","-12,300,000","-14,500,000","-13,700,000","-9,900,000","-5,000,000","-5,000,000","-6,600,000","-6,200,000","-6,500,000","6,500,000","-6,500,000","-12,100,000","-15,600,000","-15,000,000","-13,600,000","-9,800,000","-11,700,000","-14,900,000","-5,300,000","-6,000,000","-4,800,000","-7,500,000","-2,900,000","-2,300,000","-3,500,000","-4,500,000","-4,100,000","-3,700,000","-3,400,000","-3,700,000","-2,800,000","-3,000,000","-4,000,000","-5,200,000","-2,400,000","-2,000,000","-3,100,000","-3,900,000","-2,000,000","-1,800,000","-2,000,000","-3,200,000","-3,200,000","-4,100,000",,,,,,,,,,,,,,,
	OtherunderPreferredStockDividend,,,,,,,,,,,,,,,,,,,,,,,,,,,,,,,,,,,,,,,,,,,,,,,,,,,,"27,000,000",,,,,,,,,,,,,,,,,,,,,,,,,,,,,,,,,,,,,,,,,,,,,,,,,,,,,,,,,,,,,,,,,,,,,,,,,,,,,,,,,,,,,,,,,,,,,,,
DilutedNIAvailtoComStockholders,"1,814,000,000","357,000,000","469,000,000","404,000,000","584,000,000","539,000,000","472,000,000","681,000,000","660,000,000","547,000,000","671,000,000","485,000,000","454,000,000","411,000,000","451,000,000","455,000,000","93,000,000","617,000,000","567,000,000","531,000,000","563,000,000","505,000,000","550,000,000","566,000,000","545,000,000","333,000,000","517,000,000","-305,000,000","468,000,000","-83,000,000","562,000,000","509,000,000","538,000,000","539,000,000","546,000,000","526,000,000","531,000,000","267,000,000","517,000,000","498,000,000","468,000,000","401,000,000","432,000,000","408,000,000","350,000,000","492,000,000","469,000,000","498,000,000","384,000,000","492,000,000","582,000,000","403,000,000","407,000,000","419,300,000","413,100,000","416,700,000","440,900,000","456,000,000","453,100,000","461,800,000","452,000,000","482,600,000","364,200,000","377,600,000","275,100,000","371,100,000","325,300,000","421,800,000","450,100,000","445,300,000","441,300,000","454,300,000","459,300,000","459,500,000","419,700,000","417,300,000","397,700,000","369,600,000","441,200,000","424,600,000","439,200,000","341,700,000","419,400,000","415,400,000","433,400,000","455,700,000","440,400,000","434,300,000","470,200,000","424,000,000","478,400,000","391,100,000","403,700,000","228,100,000","340,000,000","300,100,000","297,600,000","-147,000,000","316,000,000","363,500,000","369,000,000","347,100,000","377,200,000","364,700,000","314,800,000","-447,400,000","208,600,000","163,300,000","108,700,000","105,600,000","141,800,000","151,500,000","136,200,000","141,600,000","111,200,000","133,300,000","124,800,000","-278,500,000","139,000,000","138,100,000","136,400,000","138,700,000","126,100,000","123,200,000","120,300,000","111,200,000","123,300,000","80,400,000","117,200,000","110,600,000","108,800,000","101,300,000",,,,,,,,,,,,,,,
BasicEPS,,"1.06","1.39","1.2","1.73","1.59","1.38","2","1.93","1.6","1.95","1.41","1.32","1.19","1.3","1.3","0.27","1.76","1.61","1.5","1.58","1.41","1.53","1.57","1.51","0.92","1.42","-0.84","1.28","-0.22","1.51","1.35","1.42","1.41","1.43","1.37","1.37","0.686","1.3","1.26","1.18",,"1.09","1.03","0.86",,"1.14","1.2","0.926",,"1.403","0.97","0.98",,"1","1","1.05",,"1.05","1.01","0.99",,"0.8","0.82","0.6",,"0.69","0.88","0.94",,"0.9","0.91","0.92",,"0.83","0.82","0.78",,"0.85","0.82","0.84",,"0.79","0.78","0.81",,"0.82","0.8","0.86",,"0.9","0.73","0.75",,"0.62","0.54","0.53",,"0.57","0.65","0.66",,"0.67","0.64","0.56",,"0.65","0.51","0.34",,"0.44","0.47","0.43",,"0.35","0.42","0.39",,"0.44","0.43","0.43",,"0.4","0.39","0.38",,"0.39","0.26","0.37",,"0.34","0.32","0.32",,"0.28","0.32","0.29",,"0.25","0.24","0.21",,"0.18","0.19","0.2",,"0.17"
DilutedEPS,,"1.06","1.39","1.19","1.72","1.58","1.38","1.99","1.92","1.59","1.94","1.4","1.31","1.18","1.29","1.3","0.26","1.75","1.6","1.49","1.57","1.4","1.52","1.56","1.5","0.91","1.41","-0.84","1.27","-0.22","1.5","1.35","1.41","1.4","1.42","1.36","1.36","0.68","1.3","1.26","1.18",,"1.09","1.03","0.86",,"1.14","1.2","0.92",,"1.4","0.97","0.98",,"0.99","0.99","1.04",,"1.04","1","0.98",,"0.79","0.82","0.6",,"0.68","0.88","0.93",,"0.89","0.9","0.91",,"0.83","0.82","0.78",,"0.85","0.81","0.84",,"0.79","0.78","0.81",,"0.81","0.79","0.86",,"0.89","0.73","0.75",,"0.62","0.54","0.53",,"0.57","0.65","0.65",,"0.66","0.64","0.55",,"0.65","0.51","0.34",,"0.44","0.47","0.43",,"0.35","0.42","0.39",,"0.44","0.43","0.43",,"0.4","0.39","0.38",,"0.39","0.26","0.37",,"0.34","0.32","0.32",,"0.28","0.32","0.29",,"0.25","0.24","0.21",,"0.18","0.19","0.2",,"0.17"
BasicAverageShares,,"336,800,000","336,700,000","336,900,000","337,572,254","338,700,000","341,000,000","340,900,000","340,800,000","341,400,000","343,800,000","344,200,000","344,300,000","345,000,000","347,200,000","348,800,000","344,444,444","350,568,182","352,700,000","354,400,000","356,000,000","358,156,028","359,477,124","360,509,554","360,700,000","361,956,522","363,900,000","364,300,000","365,200,000","377,272,727","373,300,000","377,037,037","379,000,000","382,269,504","382,100,000","383,400,000","387,591,241","389,300,000","392,300,000","395,238,095","396,610,169",,"396,330,275","396,116,505","406,976,744",,"412,600,000","415,000,000","414,900,000",,"415,600,000","415,463,918","415,600,000",,"413,100,000","417,700,000","419,904,762",,"431,523,810","457,227,723","456,565,657",,"455,250,000","460,487,805","458,500,000",,"471,449,275","479,318,182","478,829,787",,"490,333,333","499,230,769","499,239,130",,"505,662,651","508,902,439","509,871,795",,"519,058,824","517,804,878","522,857,143",,"530,886,076","532,564,103","535,061,728",,"537,073,171","542,875,000","546,744,186",,"531,555,556","535,753,425","538,266,667",,"548,387,097","555,740,741","561,509,434",,"554,385,965","559,230,769","559,090,909",,"562,985,075","569,843,750","562,142,857",,"320,923,077","320,196,078","319,705,882",,"322,272,727","322,340,426","316,744,186",,"317,714,286","317,380,952","320,000,000",,"315,909,091","321,162,791","317,209,302",,"315,250,000","315,897,436","316,578,947",,"316,153,846","309,230,769","316,756,757",,"320,000,000","316,562,500","322,096,000",,"321,732,000","320,696,000","320,696,000",,"344,484,000","367,640,000","367,640,000",,"367,168,000","367,168,000","366,328,000",,"366,176,000"
DilutedAverageShares,,"338,200,000","337,500,000","338,300,000","339,400,000","341,100,000","342,300,000","341,900,000","340,800,000","344,400,000","345,900,000","346,000,000","346,000,000","347,300,000","348,800,000","350,300,000","352,600,000","353,400,000","354,800,000","356,700,000","358,600,000","359,600,000","361,500,000","362,400,000","363,400,000","364,500,000","366,200,000","366,700,000","367,900,000","377,272,727","375,900,000","378,400,000","382,100,000","384,900,000","385,800,000","387,800,000","390,500,000","393,500,000","396,700,000","396,500,000","396,610,169",,"396,330,275","396,116,505","406,976,744",,"412,600,000","415,600,000","417,391,304",,"416,800,000","415,463,918","415,900,000",,"417,272,727","419,900,000","423,942,308",,"435,673,077","461,800,000","461,224,490",,"461,012,658","460,487,805","458,500,000",,"478,382,353","479,318,182","483,978,495",,"495,842,697","504,777,778","504,725,275",,"505,662,651","508,902,439","509,871,795",,"519,058,824","524,197,531","522,857,143",,"530,886,076","532,564,103","535,061,728",,"543,703,704","549,746,835","546,744,186",,"537,528,090","535,753,425","538,266,667",,"548,387,097","555,740,741","561,509,434",,"554,385,965","559,230,769","567,692,308",,"571,515,152","569,843,750","572,363,636",,"320,923,077","320,196,078","319,705,882",,"322,272,727","322,340,426","316,744,186",,"317,714,286","317,380,952","320,000,000",,"315,909,091","321,162,791","317,209,302",,"315,250,000","315,897,436","316,578,947",,"316,153,846","309,230,769","316,756,757",,"320,000,000","316,562,500","322,096,000",,"321,732,000","320,696,000","320,696,000",,"344,484,000","367,640,000","367,640,000",,"367,168,000","367,168,000","366,328,000",,"366,176,000"
TotalOperatingIncomeAsReported,"2,561,000,000","521,000,000","657,000,000","613,000,000","770,000,000","749,000,000","666,000,000","925,000,000","904,000,000","751,000,000","915,000,000","670,000,000","655,000,000","639,000,000","669,000,000","674,000,000","247,000,000","812,000,000","854,000,000","799,000,000","834,000,000","839,000,000","836,000,000","838,000,000","804,000,000","630,000,000","779,000,000","-544,000,000","748,000,000","27,000,000","907,000,000","790,000,000","797,000,000","822,000,000","807,000,000","796,000,000","783,000,000","449,000,000","783,000,000","754,000,000","700,000,000","611,000,000","662,000,000","625,000,000","544,000,000","699,000,000","698,000,000","711,000,000","665,000,000","717,000,000","871,000,000","609,000,000","628,000,000","623,300,000","609,500,000","650,100,000","664,100,000","668,900,000","682,700,000","648,700,000","616,100,000","610,600,000","526,400,000","544,100,000","420,400,000","572,200,000","464,600,000","636,200,000","6,376,000,000","582,800,000","630,600,000","644,700,000","648,300,000","622,200,000","604,000,000","606,900,000","579,300,000","529,800,000","644,800,000","624,300,000","664,900,000","487,400,000","629,100,000","590,600,000","631,100,000","659,000,000","653,200,000","625,900,000","591,500,000","595,500,000","538,300,000","540,200,000","574,300,000","429,400,000","421,000,000","468,700,000","458,500,000","279,100,000","466,500,000","494,400,000","544,300,000","526,400,000","545,800,000","488,200,000","493,300,000","891,800,000","280,400,000","257,500,000","223,300,000","208,400,000","182,400,000","216,100,000","212,200,000","216,300,000","189,600,000","191,600,000","196,000,000","-83,000,000","211,200,000","204,600,000","210,300,000","175,200,000","191,200,000","184,100,000","191,300,000","170,500,000","196,500,000","195,500,000","191,100,000","169,200,000","177,600,000","154,900,000",,,,,,,,,,,,,,,
TotalExpenses,"16,879,000,000","4,444,000,000","4,353,000,000","4,109,000,000","3,973,000,000","4,087,000,000","4,017,000,000","3,687,000,000","4,105,000,000","3,832,000,000","3,725,000,000","3,924,000,000","3,978,000,000","3,930,000,000","3,913,000,000","3,930,000,000","4,484,000,000","3,770,000,000","3,786,000,000","3,755,000,000","3,649,000,000","3,705,000,000","3,758,000,000","3,750,000,000","3,672,000,000","3,909,000,000","3,939,000,000","5,187,000,000","3,943,000,000","3,634,000,000","4,535,000,000","4,553,000,000","4,481,000,000","4,483,000,000","4,455,000,000","4,471,000,000","4,535,000,000","4,858,000,000","4,463,000,000","4,515,000,000","4,541,000,000","4,565,000,000","4,720,000,000","4,634,000,000","4,485,000,000","4,376,000,000","4,281,000,000","4,146,000,000","4,170,000,000","4,265,000,000","4,042,000,000","4,118,000,000","3,865,000,000","3,974,600,000","4,388,700,000","4,356,100,000","4,148,600,000","4,089,200,000","3,937,900,000","3,853,300,000","3,769,200,000","3,696,600,000","3,684,000,000","15,205,700,000","3,647,500,000","3,436,700,000","3,536,200,000","3,350,900,000","-2,470,200,000","3,059,300,000","3,235,700,000","3,131,000,000","3,150,800,000","3,079,900,000","3,037,600,000","2,937,700,000","2,880,400,000","2,810,000,000","2,841,900,000","2,784,600,000","2,666,000,000","3,184,400,000","3,080,900,000","2,943,600,000","2,977,300,000","2,941,800,000","2,876,300,000","2,838,600,000","2,795,700,000","2,830,000,000","2,769,200,000","2,608,400,000","2,550,900,000","2,678,800,000","2,678,700,000","2,572,600,000","2,590,100,000","2,810,300,000","2,628,800,000","2,629,900,000","2,693,300,000","2,797,200,000","2,729,900,000","2,859,500,000","2,795,500,000","6,517,900,000","1,931,900,000","1,894,500,000","1,791,300,000","1,712,400,000","1,654,400,000","1,614,000,000","1,564,300,000","1,547,700,000","1,591,400,000","1,534,300,000","1,506,000,000","1,892,300,000","1,582,300,000","1,544,000,000","1,529,400,000","1,551,700,000","1,503,400,000","1,503,700,000","1,476,300,000","1,475,700,000","1,378,600,000","1,417,200,000","1,382,200,000","1,293,900,000","1,275,100,000","1,241,100,000",,,,,,,,,,,,,,,
NetIncomeFromContinuingAndDiscontinuedOperation,"1,814,000,000","357,000,000","469,000,000","404,000,000","584,000,000","539,000,000","472,000,000","681,000,000","660,000,000","547,000,000","671,000,000","485,000,000","454,000,000","411,000,000","451,000,000","455,000,000","93,000,000","617,000,000","567,000,000","531,000,000","563,000,000","505,000,000","550,000,000","566,000,000","545,000,000","333,000,000","517,000,000","-305,000,000","468,000,000","-83,000,000","562,000,000","509,000,000","538,000,000","539,000,000","546,000,000","526,000,000","531,000,000","267,000,000","517,000,000","498,000,000","468,000,000","401,000,000","432,000,000","408,000,000","350,000,000","492,000,000","469,000,000","498,000,000","384,000,000","608,000,000","542,000,000","359,000,000","407,000,000","427,300,000","413,100,000","424,400,000","440,900,000","456,000,000","453,100,000","461,800,000","452,000,000","482,600,000","364,200,000","377,600,000","275,100,000","383,400,000","325,300,000","421,800,000","450,100,000","445,300,000","441,300,000","454,300,000","459,300,000","459,500,000","419,700,000","417,300,000","397,700,000","369,600,000","441,200,000","424,600,000","450,600,000","341,700,000","419,400,000","415,400,000","433,400,000","455,700,000","440,400,000","434,300,000","470,200,000","424,000,000","478,400,000","391,100,000","403,700,000","239,300,000","340,000,000","300,100,000","297,600,000","-147,000,000","316,000,000","350,800,000","364,200,000","347,100,000","377,200,000","364,700,000","314,800,000","-447,400,000","208,600,000","163,300,000","108,700,000","105,600,000","141,800,000","151,500,000","136,200,000","141,600,000","111,200,000","133,300,000","124,800,000","-68,500,000","139,000,000","138,100,000","136,400,000","138,700,000","126,100,000","123,200,000","120,300,000","111,200,000","123,300,000","80,400,000","117,200,000","110,600,000","108,800,000","101,300,000",,,,,,,,,,,,,,,
NormalizedIncome,"1,814,000,000","357,000,000","469,000,000","404,000,000","584,000,000","539,000,000","472,000,000","681,000,000","660,000,000","547,000,000","671,000,000","485,000,000","454,000,000","411,000,000","451,000,000","455,000,000","93,000,000","617,000,000","567,000,000","531,000,000","563,000,000","505,000,000","550,000,000","566,000,000","545,000,000","333,000,000","517,000,000","-305,000,000","468,000,000","-133,000,000","562,000,000","509,000,000","538,000,000","539,000,000","546,000,000","526,000,000","531,000,000","267,000,000","517,000,000","498,000,000","468,000,000","401,000,000","432,000,000","408,000,000","350,000,000","492,000,000","469,000,000","498,000,000","384,000,000","608,000,000","542,000,000","359,000,000","407,000,000","432,972,978.304","416,477,081.436","429,379,835.813","435,972,645.14","445,719,452.19","441,226,281.101","499,546,434.345","476,773,098.126","509,939,004.994","377,035,233.95","383,120,000","301,078,132.885","416,347,832.37","371,137,053.571","456,179,247.683","498,496,602.819","459,838,357.795","467,656,322.649","495,650,781.662","511,597,455.969","589,513,074.205","435,084,582.893","432,046,487.822","422,795,989.651","401,200,000","452,734,012.929","447,061,644.071","437,465,798.36","381,103,272.075","431,648,508.607","420,993,555.474","434,942,593.542","412,808,933.807","411,129,771.484","396,654,099.157","375,936,228.435","379,608,336.09","325,871,611.983","334,074,824.924","358,520,075.758","250,640,914.19","234,200,757.576","290,614,282.369","281,298,876.404","197,458,988.764","294,840,834.248","307,610,705.789","330,311,434.978","313,772,522.609","325,385,716.805","285,762,918.879","286,970,532.118","593,430,846.485","155,220,657.568","142,979,712.526","110,406,053.812","99,600,000","102,891,035.166","121,293,559.771","117,995,707.317","117,383,218.707","93,740,000","107,149,597.586","108,677,824.268","-85,817,415.73","122,357,279.693","118,917,581.35","119,814,396.887","106,577,646.427","108,813,177.471","105,408,903.366","106,128,025.82","98,129,598.051","109,472,558.14","82,380,000","107,185,073.012","97,241,563.055","98,954,988.399","86,570,153.061",,,,,,,,,,,,,,,
InterestIncome,"6,000,000","2,000,000","1,000,000","2,000,000","1,000,000","2,000,000","2,000,000","2,000,000","2,000,000","3,000,000","3,000,000","2,000,000","3,000,000","3,000,000","2,000,000","3,000,000","2,000,000","3,000,000","3,000,000","2,000,000","2,000,000","2,000,000","2,000,000","3,000,000","4,000,000","5,000,000","4,000,000","4,000,000","4,000,000","5,000,000","5,000,000","5,000,000","3,000,000","4,000,000","6,000,000","5,000,000","5,000,000","5,000,000","4,000,000","5,000,000","4,000,000","5,000,000","5,000,000","4,000,000","4,000,000","4,000,000","5,000,000","6,000,000","5,000,000","5,000,000","7,000,000","6,000,000","8,000,000",,,,,,,,,,,,,,,,,,,,,,,,,,,,,,,,,,,,,,,,,,,,,,,,,,,,,,,,,,,,,,,,,,,,,,,,,,,,,,,,,,,,,,,,,,,,,,
InterestExpense,"256,000,000","64,000,000","64,000,000","65,000,000","63,000,000","64,000,000","62,000,000","65,000,000","61,000,000","63,000,000","66,000,000","67,000,000","65,000,000","65,000,000","64,000,000","68,000,000","66,000,000","72,000,000","78,000,000","85,000,000","83,000,000","81,000,000","81,000,000","81,000,000","76,000,000","76,000,000","74,000,000","73,000,000","72,000,000","70,000,000","71,000,000","72,000,000","71,000,000","72,000,000","73,000,000","71,000,000","67,000,000","72,000,000","70,000,000","71,000,000","71,000,000","72,000,000","70,000,000","71,000,000","64,000,000","63,000,000","59,000,000","60,000,000","61,000,000","64,000,000","67,000,000","71,000,000","73,000,000",,,,,,,,,,,,,,,,,,,,,,,,,,,,,,,,,,,,,,,,,,,,,,,,,,,,,,,,,,,,,,,,,,,,,,,,,,,,,,,,,,,,,,,,,,,,,,
NetInterestIncome,"-250,000,000","-62,000,000","-63,000,000","-63,000,000","-62,000,000","-62,000,000","-60,000,000","-63,000,000","-59,000,000","-60,000,000","-63,000,000","-65,000,000","-62,000,000","-62,000,000","-62,000,000","-65,000,000","-64,000,000","-69,000,000","-75,000,000","-83,000,000","-81,000,000","-79,000,000","-79,000,000","-78,000,000","-72,000,000","-71,000,000","-70,000,000","-69,000,000","-68,000,000","-65,000,000","-66,000,000","-67,000,000","-68,000,000","-68,000,000","-67,000,000","-66,000,000","-62,000,000","-67,000,000","-66,000,000","-66,000,000","-67,000,000","-67,000,000","-65,000,000","-67,000,000","-60,000,000","-59,000,000","-54,000,000","-54,000,000","-56,000,000","-59,000,000","-60,000,000","-65,000,000","-65,000,000",,,,,,,,,,,,,,,,,,,,,,,,,,,,,,,,,,,,,,,,,,,,,,,,,,,,,,,,,,,,,,,,,,,,,,,,,,,,,,,,,,,,,,,,,,,,,,
EBIT,"2,481,000,000","508,000,000","648,000,000","560,000,000","765,000,000","738,000,000","628,000,000","921,000,000","895,000,000","696,000,000","907,000,000","661,000,000","647,000,000","554,000,000","641,000,000","641,000,000","240,000,000","815,000,000","857,000,000","801,000,000","836,000,000","841,000,000","838,000,000","841,000,000","808,000,000","635,000,000","783,000,000","-540,000,000","752,000,000","32,000,000","912,000,000","795,000,000","800,000,000","826,000,000","813,000,000","801,000,000","788,000,000","454,000,000","787,000,000","759,000,000","704,000,000","616,000,000","667,000,000","629,000,000","548,000,000","703,000,000","703,000,000","717,000,000","670,000,000","722,000,000","878,000,000","615,000,000","636,000,000","623,300,000","609,500,000","650,100,000","664,100,000","668,900,000","682,700,000","648,700,000","616,100,000","610,600,000","526,400,000","-11,044,300,000","420,400,000","572,200,000","464,600,000","636,200,000","6,376,000,000","582,800,000","630,600,000","644,700,000","648,300,000","622,200,000","604,000,000","606,900,000","579,300,000","529,800,000","644,800,000","624,300,000","664,900,000","487,400,000","629,100,000","590,600,000","631,100,000","659,000,000","653,200,000","625,900,000","591,500,000","595,500,000","538,300,000","540,200,000","574,300,000","429,400,000","421,000,000","468,700,000","458,500,000","279,100,000","466,500,000","494,400,000","544,300,000","526,400,000","545,800,000","488,200,000","493,300,000","891,800,000","280,400,000","257,500,000","223,300,000","208,400,000","182,400,000","216,100,000","212,200,000","216,300,000","189,600,000","191,600,000","196,000,000","-83,000,000","211,200,000","204,600,000","210,300,000","175,200,000","191,200,000","184,100,000","191,300,000","170,500,000","196,500,000","195,500,000","191,100,000","169,200,000","177,600,000","154,900,000","1,421,800,000","-3,361,800,000","1,367,700,000","1,340,700,000","1,294,000,000","-3,044,700,000","1,223,200,000","1,224,400,000","1,183,200,000","-2,704,900,000","1,065,000,000","1,087,700,000","1,037,200,000","-2,536,000,000","1,015,400,000"
EBITDA,"3,247,000,000"
ReconciledCostOfRevenue,"13,452,000,000","3,529,000,000","3,527,000,000","3,242,000,000","3,154,000,000","3,172,000,000","3,093,000,000","2,835,000,000","3,218,000,000","3,017,000,000","3,085,000,000","3,108,000,000","3,205,000,000","3,167,000,000","3,166,000,000","3,149,000,000","3,407,000,000","2,984,000,000","2,981,000,000","2,910,000,000","2,831,000,000","2,866,000,000","2,924,000,000","2,924,000,000","2,837,000,000","2,913,000,000","3,036,000,000","2,986,000,000","3,032,000,000","2,513,000,000","3,541,000,000","3,534,000,000","3,453,000,000","3,492,000,000","3,457,000,000","3,467,000,000","3,496,000,000","3,783,000,000","3,480,000,000","3,514,000,000","3,537,000,000","3,632,000,000","3,794,000,000","3,702,000,000","3,566,000,000","3,430,000,000","3,365,000,000","3,213,000,000","3,188,000,000","3,316,000,000","3,186,000,000","3,154,000,000","3,039,000,000","3,143,300,000","3,535,000,000","3,521,700,000","3,357,000,000","3,296,000,000","3,177,100,000","3,056,000,000","3,033,000,000","2,941,300,000","2,934,900,000","2,873,800,000","2,914,800,000","2,719,300,000","2,844,400,000","2,664,500,000","2,599,200,000","2,410,400,000","2,601,800,000","2,491,000,000","2,511,500,000","2,427,900,000","2,426,700,000","2,337,400,000","2,256,100,000","2,219,600,000","2,246,500,000","2,166,100,000","2,118,500,000","2,024,200,000","2,001,200,000","1,944,400,000","1,995,500,000","1,970,000,000","1,953,900,000","1,885,100,000","1,827,800,000","1,868,400,000","1,808,600,000","1,696,300,000","1,703,600,000","1,839,300,000","1,766,000,000","1,722,800,000","1,760,500,000","1,977,800,000","1,817,200,000","1,811,000,000","1,875,700,000","1,950,400,000","1,881,700,000","1,953,300,000","1,895,000,000","4,301,700,000","1,355,400,000","1,326,900,000","1,262,400,000","1,210,800,000","1,166,100,000","1,126,500,000","1,092,100,000","1,086,900,000","1,118,900,000","1,049,900,000","1,029,800,000","1,109,900,000","1,073,100,000","970,300,000","1,025,100,000","1,040,200,000","1,009,600,000","1,014,600,000","1,002,500,000","1,019,800,000","963,300,000","1,007,600,000","991,600,000","737,200,000","919,900,000","896,800,000",,,,,,,,,,,,,,,
ReconciledDepreciation,"766,000,000","194,000,000","194,000,000","189,000,000","189,000,000","190,000,000","192,000,000","201,000,000","213,000,000","217,000,000","230,000,000","236,000,000","234,000,000","230,000,000","217,000,000","224,000,000","211,000,000","184,000,000","182,000,000","180,000,000","178,000,000","177,000,000","179,000,000","177,000,000","172,000,000","181,000,000","182,000,000","189,000,000","194,000,000","207,000,000","220,000,000","217,000,000","218,000,000","222,000,000","208,000,000","212,000,000","221,000,000","215,000,000","210,000,000","214,000,000","218,000,000","270,000,000","291,000,000","287,000,000","243,000,000","206,000,000","205,000,000","209,000,000","193,000,000","220,000,000","196,000,000","190,000,000","177,000,000","179,500,000","195,300,000","200,700,000","199,500,000","180,100,000","213,500,000","198,300,000","214,600,000","218,300,000","214,900,000","238,600,000","261,000,000","219,900,000","239,600,000","193,000,000","192,000,000","184,100,000","208,300,000","207,500,000","200,400,000","195,100,000","180,000,000","188,800,000","181,900,000","188,300,000","177,200,000","170,200,000","170,900,000","197,200,000","183,300,000","181,800,000","177,300,000","168,500,000","165,800,000","167,700,000","171,400,000","162,300,000","163,600,000","165,500,000","136,600,000","164,300,000","129,900,000","124,700,000","123,600,000","129,100,000","119,800,000","121,100,000","120,900,000","143,900,000","138,000,000","140,100,000","139,000,000","307,500,000","94,800,000","92,200,000","87,200,000","85,800,000","81,400,000","83,400,000","79,000,000","80,300,000","74,200,000","71,900,000","69,500,000","72,100,000","75,200,000","72,100,000","69,600,000","70,300,000","66,900,000","63,800,000","64,500,000","60,600,000","59,600,000","61,600,000","58,500,000","55,200,000","53,500,000","51,100,000",,,,,,,,,,,,,,,
NetIncomeFromContinuingOperationNetMinorityInterest,"1,814,000,000","357,000,000","469,000,000","404,000,000","584,000,000","539,000,000","472,000,000","681,000,000","660,000,000","547,000,000","671,000,000","485,000,000","454,000,000","411,000,000","451,000,000","455,000,000","93,000,000","617,000,000","567,000,000","531,000,000","563,000,000","505,000,000","550,000,000","566,000,000","545,000,000","333,000,000","517,000,000","-305,000,000","468,000,000","-133,000,000","562,000,000","509,000,000","538,000,000","539,000,000","546,000,000","526,000,000","531,000,000","267,000,000","517,000,000","498,000,000","468,000,000","401,000,000","432,000,000","408,000,000","350,000,000","492,000,000","469,000,000","498,000,000","384,000,000","608,000,000","542,000,000","359,000,000","407,000,000","427,300,000","413,100,000","424,400,000","440,900,000","456,000,000","453,100,000","461,800,000","452,000,000","482,600,000","364,200,000","377,600,000","275,100,000","383,400,000","325,300,000","421,800,000","450,100,000","415,500,000","441,300,000","454,300,000","459,300,000","459,500,000","419,700,000","417,300,000","397,700,000","369,600,000","441,200,000","424,600,000","450,600,000","341,700,000","419,400,000","415,400,000","433,400,000","455,700,000","440,400,000","434,300,000","470,200,000","424,000,000","478,400,000","391,100,000","403,700,000","239,300,000","340,000,000","300,100,000","297,600,000","-147,000,000","316,000,000","350,800,000","364,200,000","347,100,000","377,200,000","364,700,000","314,800,000","-447,400,000","208,600,000","163,300,000","108,700,000","105,600,000","141,800,000","151,500,000","136,200,000","141,600,000","111,200,000","133,300,000","124,800,000","-68,500,000","139,000,000","138,100,000","136,400,000","138,700,000","126,100,000","123,200,000","120,300,000","111,200,000","123,300,000","80,400,000","117,200,000","110,600,000","108,800,000","101,300,000",,,,,,,,,,,,,,,
TotalUnusualItemsExcludingGoodwill,,,,,,,,,,,,,,,,,,,,,,,,,,,,,,,,,,,,,,,,,,,,,,,,,,,,,,"-7,300,000","-4,700,000","-7,100,000","6,800,000","13,500,000","16,400,000","-47,200,000","-31,200,000","-35,500,000","-17,100,000","-9,200,000","-36,000,000","-43,100,000","-55,500,000","-46,200,000","-61,400,000","-55,500,000","-34,900,000","-53,200,000","-66,000,000","-139,900,000","-21,300,000","-20,800,000","-35,400,000","-44,500,000","-16,300,000","-31,200,000","18,700,000","-56,100,000","-17,400,000","-8,000,000","-2,200,000","61,000,000","41,300,000","53,500,000","134,800,000","63,300,000","223,500,000","81,200,000","65,000,000","-16,900,000","164,300,000","13,500,000","23,400,000","-417,100,000","30,500,000","62,100,000","49,800,000","49,900,000","77,900,000","118,200,000","41,700,000","-1,297,200,000","82,500,000","30,300,000","-2,800,000","10,000,000","55,400,000","45,200,000","27,400,000","37,300,000","29,100,000","39,000,000","24,700,000","22,500,000","25,000,000","28,600,000","25,000,000","43,100,000","25,800,000","26,600,000","21,900,000","19,300,000","21,700,000","-3,300,000","15,800,000","20,400,000","15,600,000","22,800,000",,,,,,,,,,,,,,,
TotalUnusualItems,,,,,,,,,,,,,,,,,,,,,,,,,,,,,,,,,,,,,,,,,,,,,,,,,,,,,,"-7,300,000","-4,700,000","-7,100,000","6,800,000","13,500,000","16,400,000","-47,200,000","-31,200,000","-35,500,000","-17,100,000","-9,200,000","-36,000,000","-43,100,000","-55,500,000","-46,200,000","-61,400,000","-55,500,000","-34,900,000","-53,200,000","-66,000,000","-139,900,000","-21,300,000","-20,800,000","-35,400,000","-44,500,000","-16,300,000","-31,200,000","18,700,000","-56,100,000","-17,400,000","-8,000,000","-2,200,000","61,000,000","41,300,000","53,500,000","134,800,000","63,300,000","223,500,000","81,200,000","65,000,000","-16,900,000","164,300,000","13,500,000","23,400,000","-417,100,000","30,500,000","62,100,000","49,800,000","49,900,000","77,900,000","118,200,000","41,700,000","-1,297,200,000","82,500,000","30,300,000","-2,800,000","10,000,000","55,400,000","45,200,000","27,400,000","37,300,000","29,100,000","39,000,000","24,700,000","22,500,000","25,000,000","28,600,000","25,000,000","43,100,000","25,800,000","26,600,000","21,900,000","19,300,000","21,700,000","-3,300,000","15,800,000","20,400,000","15,600,000","22,800,000",,,,,,,,,,,,,,,
NormalizedEBITDA,"3,247,000,000","702,000,000","842,000,000","749,000,000","954,000,000","928,000,000","820,000,000","1,122,000,000","1,108,000,000","913,000,000","1,137,000,000","897,000,000","881,000,000","784,000,000","858,000,000","865,000,000","451,000,000","999,000,000","1,039,000,000","981,000,000","1,014,000,000","1,018,000,000","1,017,000,000","1,018,000,000","980,000,000","816,000,000","965,000,000","-351,000,000","946,000,000","239,000,000","1,132,000,000","1,012,000,000","1,018,000,000","1,048,000,000","1,021,000,000","1,013,000,000","1,009,000,000","669,000,000","997,000,000","973,000,000","922,000,000","886,000,000","958,000,000","916,000,000","791,000,000","909,000,000","908,000,000","926,000,000","863,000,000","942,000,000","1,074,000,000","805,000,000","813,000,000","810,100,000","809,500,000","857,900,000","856,800,000","835,500,000","879,800,000","894,200,000","861,900,000","864,400,000","758,400,000","-10,796,500,000","717,400,000","835,200,000","759,700,000","875,400,000","6,629,400,000","822,400,000","873,800,000","905,400,000","914,700,000","957,200,000","805,300,000","816,500,000","796,600,000","762,600,000","838,300,000","825,700,000","817,100,000","740,700,000","829,800,000","780,400,000","810,600,000","766,500,000","777,700,000","740,100,000","628,100,000","694,500,000","478,400,000","624,500,000","645,900,000","610,600,000","386,600,000","579,900,000","558,700,000","825,300,000","555,800,000","553,400,000","615,400,000","620,400,000","605,900,000","510,100,000","590,600,000","2,496,500,000","292,700,000","319,400,000","313,300,000","284,200,000","208,400,000","254,300,000","263,800,000","259,300,000","234,700,000","224,500,000","240,800,000","-33,400,000","262,600,000","248,100,000","254,900,000","202,400,000","232,300,000","221,300,000","233,900,000","211,800,000","234,700,000","260,400,000","233,800,000","204,000,000","215,500,000","183,200,000","1,421,800,000","-3,361,800,000","1,367,700,000","1,340,700,000","1,294,000,000","-3,044,700,000","1,223,200,000","1,224,400,000","1,183,200,000","-2,704,900,000","1,065,000,000","1,087,700,000","1,037,200,000","-2,536,000,000","1,015,400,000"
TaxRateForCalcs,"0.215","0.209","0.216","0.228","0.209","0.246","0.201","0.232","0.236","0.172","0.228","0.222","0.246","0.186","0.239","0.241","0.27","0.192","0.288","0.282","0.275","0.357","0.3","0.286","0.283","0.4","0.306","0.4","0.338","0.35","0.345","0.322","0.31","0.324","0.303","0.326","0.309","0.385","0.311","0.31","0.292","0.296","0.291","0.31","0.314","0.267","0.303","0.275","0.396","0.28","0.296","0.29","0.291","0.223","0.281","0.299","0.275","0.238","0.276","0.2","0.206","0.23","0.249","0.4","0.278","0.236","0.174","0.256","0.212","0.201","0.245","0.223","0.208","0.071","0.278","0.291","0.291","0.29","0.292","0.28","0.298","0.298","0.296","0.301","0.299","0.297","0.291","0.296","0.301","0.299","0.318","0.298","0.305","0.329","0.356","0.297","0.303","0.174","0.306","0.305","0.32","0.332","0.335","0.332","0.333","0.198","0.353","0.329","0.391","0.4","0.298","0.332","0.336","0.351","0.4","0.329","0.347","0.23","0.334","0.329","0.337","0.255","0.33","0.331","0.353","0.323","0.363","0.4","0.366","0.345","0.369","0.354",,,,,,,,,,,,,,,
TaxEffectOfUnusualItems,"0","0","0","0","0","0","0","0","0","0","0","0","0","0","0","0","0","0","0","0","0","0","0","0","0","0","0","0","0","0","0","0","0","0","0","0","0","0","0","0","0","0","0","0","0","0","0","0","0","0","0","0","0","-1,627,021.696","-1,322,918.564","-2,120,164.187","1,872,645.14","3,219,452.19","4,526,281.101","-9,453,565.655","-6,426,901.874","-8,160,995.006","-4,264,766.05","-3,680,000","-10,021,867.115","-10,152,167.63","-9,662,946.429","-11,820,752.317","-13,003,397.181","-11,161,642.205","-8,543,677.351","-11,849,218.338","-13,702,544.031","-9,886,925.795","-5,915,417.107","-6,053,512.178","-10,304,010.349","-12,900,000","-4,765,987.071","-8,738,355.929","5,565,798.36","-16,696,727.925","-5,151,491.393","-2,406,444.526","-657,406.458","18,108,933.807","12,029,771.484","15,854,099.157","40,536,228.435","18,908,336.09","70,971,611.983","24,174,824.924","19,820,075.758","-5,559,085.81","58,500,757.576","4,014,282.369","7,098,876.404","-72,641,011.236","9,340,834.248","18,910,705.789","15,911,434.978","16,572,522.609","26,085,716.805","39,262,918.879","13,870,532.118","-256,369,153.515","29,120,657.568","9,979,712.526","-1,093,946.188","4,000,000","16,491,035.166","14,993,559.771","9,195,707.317","13,083,218.707","11,640,000","12,849,597.586","8,577,824.268","5,182,584.27","8,357,279.693","9,417,581.35","8,414,396.887","10,977,646.427","8,513,177.471","8,808,903.366","7,728,025.82","6,229,598.051","7,872,558.14","-1,320,000","5,785,073.012","7,041,563.055","5,754,988.399","8,070,153.061",,,,,,,,,,,,,,,