name,ttm,12/31/2021,09/30/2021,06/30/2021,03/31/2021,12/31/2020,09/30/2020,06/30/2020,03/31/2020,12/31/2019,09/30/2019,06/30/2019,03/31/2019,12/31/2018,09/30/2018,06/30/2018,03/31/2018,12/31/2017,09/30/2017,06/30/2017,03/31/2017,12/31/2016,09/30/2016,06/30/2016,03/31/2016,12/31/2015,09/30/2015,06/30/2015,03/31/2015,12/31/2014,09/30/2014,06/30/2014,03/31/2014,12/31/2013,09/30/2013,06/30/2013,03/31/2013,12/31/2012,09/30/2012,06/30/2012,03/31/2012,12/31/2011,09/30/2011,06/30/2011,03/31/2011,12/31/2010,09/30/2010,06/30/2010,03/31/2010,12/31/2009,09/30/2009,06/30/2009,03/31/2009,12/31/2008,09/30/2008,06/30/2008,03/31/2008,12/31/2007,09/30/2007,06/30/2007,03/31/2007,12/31/2006,09/30/2006,06/30/2006,03/31/2006,12/31/2005,09/30/2005,06/30/2005,03/31/2005,12/31/2004,09/30/2004,06/30/2004,03/31/2004,12/31/2003,09/30/2003,06/30/2003,03/31/2003,12/31/2002,09/30/2002,06/30/2002,03/31/2002,12/31/2001,09/30/2001,06/30/2001,03/31/2001,12/31/2000,09/30/2000,06/30/2000,03/31/2000,12/31/1999,09/30/1999,06/30/1999,03/31/1999,12/31/1998,09/30/1998,06/30/1998,03/31/1998,12/31/1997,09/30/1997,06/30/1997,03/31/1997,12/31/1996,09/30/1996,06/30/1996,03/31/1996,12/31/1995,09/30/1995,06/30/1995,03/31/1995,12/31/1994,09/30/1994,06/30/1994,03/31/1994,12/31/1993,09/30/1993,06/30/1993,03/31/1993,12/31/1992,09/30/1992,06/30/1992,03/31/1992,12/31/1991,09/30/1991,06/30/1991,03/31/1991,12/31/1990,09/30/1990,06/30/1990,03/31/1990,12/31/1989,09/30/1989,06/30/1989,03/31/1989,12/31/1988,09/30/1988,06/30/1988,03/31/1988,12/31/1987,09/30/1987,06/30/1987,03/31/1987,12/31/1986,09/30/1986,06/30/1986,03/31/1986,12/31/1985,09/30/1985
TotalRevenue,"38,655,000,000","9,464,000,000","10,042,000,000","10,129,000,000","9,020,000,000","8,611,000,000","8,652,000,000","7,150,000,000","8,601,000,000","9,068,000,000","9,507,000,000","9,997,000,000","8,020,000,000","7,058,000,000","8,245,000,000","8,927,000,000","7,626,000,000","7,512,000,000","9,078,000,000","9,702,000,000","9,118,000,000","9,409,000,000","10,633,000,000","11,539,000,000","10,282,000,000","10,000,000,000","11,427,000,000","12,156,000,000","10,711,000,000","10,872,000,000","11,976,000,000","12,574,000,000","10,576,000,000","11,040,000,000","12,030,000,000","12,749,000,000","11,035,000,000","11,455,000,000","12,340,000,000","13,085,000,000","11,137,000,000","11,040,000,000","12,248,000,000","12,737,000,000","10,517,000,000","10,494,000,000","8,426,000,000","8,674,000,000","7,525,000,000","7,510,000,000","8,044,000,000","8,267,000,000","7,169,000,000","7,126,000,000","8,393,000,000","9,046,000,000","7,379,000,000","7,331,000,000","7,690,000,000","7,733,000,000","6,103,000,000","5,932,000,000","6,454,000,000","6,476,000,000","5,226,000,000","5,551,000,000","6,037,000,000","6,310,000,000","5,266,000,000","5,257,000,000","5,662,000,000","5,965,000,000","5,078,000,000","5,193,000,000","5,662,000,000","5,691,000,000","4,498,000,000","4,795,000,000","5,322,000,000","5,368,000,000","4,079,000,000","4,923,000,000","5,397,000,000","5,293,000,000","4,479,000,000","4,903,000,000","5,543,000,000","5,621,000,000","4,391,000,000","4,803,000,000","5,195,000,000","5,379,000,000","4,428,000,000","4,458,000,000","4,747,000,000","5,151,000,000","4,457,000,000","4,701,000,000","4,954,000,000","5,075,000,000","4,138,000,000","4,443,000,000","4,656,000,000","5,253,000,000","4,194,000,000","4,333,000,000","4,895,000,000","4,936,000,000","3,854,000,000","4,017,000,000","4,461,000,000","4,342,000,000","3,352,000,000","3,373,000,000","3,629,000,000","3,899,000,000","3,056,000,000","3,244,100,000","3,507,500,000","3,550,400,000","2,771,900,000","2,879,000,000","3,172,100,000","3,039,500,000","2,481,000,000","2,556,100,000","2,792,800,000","2,739,300,000","2,148,300,000","2,248,900,000","2,302,600,000","2,429,100,000","1,985,200,000","2,026,800,000","2,128,300,000","2,313,600,000","1,869,100,000","1,991,700,000","2,014,400,000","2,104,400,000","1,547,800,000","2,155,000,000","2,533,800,000","2,245,000,000","1,734,800,000","1,936,900,000","2,172,700,000"
	OperatingRevenue,"38,655,000,000","9,464,000,000","10,042,000,000","10,129,000,000","9,020,000,000","8,611,000,000","8,652,000,000","7,150,000,000","8,601,000,000","9,068,000,000","9,507,000,000","9,997,000,000","8,020,000,000","7,058,000,000","8,245,000,000","8,927,000,000","7,626,000,000","7,512,000,000","9,078,000,000","9,702,000,000","9,118,000,000","9,409,000,000","10,633,000,000","11,539,000,000","10,282,000,000","10,000,000,000","11,427,000,000","12,156,000,000","10,711,000,000","10,872,000,000","11,976,000,000","12,574,000,000","10,576,000,000","11,040,000,000","12,030,000,000","12,749,000,000","11,035,000,000","11,455,000,000","12,340,000,000","13,085,000,000","11,137,000,000","11,040,000,000","12,248,000,000","12,737,000,000","10,517,000,000","10,494,000,000","8,426,000,000","8,674,000,000","7,525,000,000","7,510,000,000","8,044,000,000","8,267,000,000","7,169,000,000","7,126,000,000","8,393,000,000","9,046,000,000","7,379,000,000","7,331,000,000","7,690,000,000","7,733,000,000","6,103,000,000","5,932,000,000","6,454,000,000","6,476,000,000","5,226,000,000","5,551,000,000","6,037,000,000","6,310,000,000","5,266,000,000","5,257,000,000","5,662,000,000","5,965,000,000","5,078,000,000","5,193,000,000","5,662,000,000","5,691,000,000","4,498,000,000","4,795,000,000","5,322,000,000","5,368,000,000","4,079,000,000","4,923,000,000","5,397,000,000","5,293,000,000","4,479,000,000","4,903,000,000","5,543,000,000","5,621,000,000","4,391,000,000","4,803,000,000","5,195,000,000","5,379,000,000","4,428,000,000","4,458,000,000","4,747,000,000","5,151,000,000","4,457,000,000","4,701,000,000","4,954,000,000","5,075,000,000","4,138,000,000","4,443,000,000","4,656,000,000","5,253,000,000","4,194,000,000","4,333,000,000","4,895,000,000","4,936,000,000","3,854,000,000","4,017,000,000","4,461,000,000","4,342,000,000","3,352,000,000","3,373,000,000","3,629,000,000","3,899,000,000","3,056,000,000","3,244,100,000","3,507,500,000","3,550,400,000","2,771,900,000","2,879,000,000","3,172,100,000","3,039,500,000","2,481,000,000","2,556,100,000","2,792,800,000","2,739,300,000","2,148,300,000","2,248,900,000","2,302,600,000","2,429,100,000","1,985,200,000","2,026,800,000","2,128,300,000","2,313,600,000","1,869,100,000","1,991,700,000","2,014,400,000","2,104,400,000","1,547,800,000","2,155,000,000","2,533,800,000","2,245,000,000","1,734,800,000","1,936,900,000","2,172,700,000"
CostOfRevenue,"15,357,000,000","4,088,000,000","3,977,000,000","3,787,000,000","3,505,000,000","3,578,000,000","3,471,000,000","3,013,000,000","3,371,000,000","3,566,000,000","3,767,000,000","3,921,000,000","2,990,000,000","2,721,000,000","3,059,000,000","3,252,000,000","2,738,000,000","2,689,000,000","3,395,000,000","3,659,000,000","3,513,000,000","3,794,000,000","4,131,000,000","4,471,000,000","4,069,000,000","4,054,000,000","4,577,000,000","4,748,000,000","4,103,000,000","4,357,000,000","4,630,000,000","4,819,000,000","4,083,000,000","4,315,000,000","4,793,000,000","4,989,000,000","4,324,000,000","4,628,000,000","4,853,000,000","5,224,000,000","4,348,000,000","4,403,000,000","4,875,000,000","4,989,000,000","3,949,000,000","4,279,000,000","2,918,000,000","2,955,000,000","2,541,000,000","2,651,000,000","2,934,000,000","2,913,000,000","2,590,000,000","2,568,000,000","3,020,000,000","3,162,000,000","2,624,000,000","2,641,000,000","2,884,000,000","2,736,000,000","2,145,000,000","2,063,000,000","2,265,000,000","2,110,000,000","1,771,000,000","1,996,000,000","2,235,000,000","2,146,000,000","1,809,000,000","1,803,000,000","2,052,000,000","2,030,000,000","1,753,000,000","1,897,000,000","2,150,000,000","2,113,000,000","1,602,000,000","1,701,000,000","2,083,000,000","1,927,000,000","1,394,000,000","1,428,000,000","1,692,000,000","1,579,000,000","1,345,000,000","1,965,000,000","1,607,000,000","1,451,000,000","1,181,000,000","1,153,000,000","1,497,000,000","1,421,000,000","1,146,000,000","1,125,000,000","1,295,000,000","1,331,000,000","1,166,000,000","1,276,000,000","1,510,000,000","1,446,000,000","1,157,000,000","1,369,000,000","1,689,000,000","1,783,000,000","1,418,000,000","1,553,000,000","1,831,000,000","1,767,000,000","1,335,000,000","1,378,000,000","1,662,000,000","1,565,000,000","1,151,000,000","1,163,000,000","1,165,000,000","1,379,000,000","1,005,000,000","1,190,900,000","1,296,300,000","1,287,100,000","958,100,000","1,175,300,000","1,231,100,000","1,114,200,000","866,400,000","1,002,600,000","1,110,200,000","1,044,100,000","805,100,000","968,500,000","950,900,000","1,001,900,000","788,000,000",,,,,,,,,,,,,,
GrossProfit,"23,298,000,000","5,376,000,000","6,065,000,000","6,342,000,000","5,515,000,000","5,033,000,000","5,181,000,000","4,137,000,000","5,230,000,000","5,502,000,000","5,740,000,000","6,076,000,000","5,030,000,000","4,337,000,000","5,186,000,000","5,675,000,000","4,888,000,000","4,823,000,000","5,683,000,000","6,043,000,000","5,605,000,000","5,615,000,000","6,502,000,000","7,068,000,000","6,213,000,000","5,946,000,000","6,850,000,000","7,408,000,000","6,608,000,000","6,515,000,000","7,346,000,000","7,755,000,000","6,493,000,000","6,725,000,000","7,237,000,000","7,760,000,000","6,711,000,000","6,827,000,000","7,487,000,000","7,861,000,000","6,789,000,000","6,637,000,000","7,373,000,000","7,748,000,000","6,568,000,000","6,215,000,000","5,508,000,000","5,719,000,000","4,984,000,000","4,859,000,000","5,110,000,000","5,354,000,000","4,579,000,000","4,558,000,000","5,373,000,000","5,884,000,000","4,755,000,000","4,690,000,000","4,806,000,000","4,997,000,000","3,958,000,000","3,869,000,000","4,189,000,000","4,366,000,000","3,455,000,000","3,555,000,000","3,802,000,000","4,164,000,000","3,457,000,000","3,454,000,000","3,610,000,000","3,935,000,000","3,325,000,000","3,296,000,000","3,512,000,000","3,578,000,000","2,896,000,000","3,094,000,000","3,239,000,000","3,441,000,000","2,685,000,000","3,495,000,000","3,705,000,000","3,714,000,000","3,134,000,000","2,938,000,000","3,936,000,000","4,170,000,000","3,210,000,000","3,650,000,000","3,698,000,000","3,958,000,000","3,282,000,000","3,333,000,000","3,452,000,000","3,820,000,000","3,291,000,000","3,425,000,000","3,444,000,000","3,629,000,000","2,981,000,000","3,074,000,000","2,967,000,000","3,470,000,000","2,776,000,000","2,780,000,000","3,064,000,000","3,169,000,000","2,519,000,000","2,639,000,000","2,799,000,000","2,777,000,000","2,201,000,000","2,210,000,000","2,464,000,000","2,520,000,000","2,051,000,000","2,053,200,000","2,211,200,000","2,263,300,000","1,813,800,000","1,703,700,000","1,941,000,000","1,925,300,000","1,614,600,000","1,553,500,000","1,682,600,000","1,695,200,000","1,343,200,000","1,280,400,000","1,351,700,000","1,427,200,000","1,197,200,000",,,,,,,,,,,,,,
OperatingExpense,"12,259,000,000","2,973,000,000","3,167,000,000","3,039,000,000","2,687,000,000","1,967,000,000","2,883,000,000","2,156,000,000","2,850,000,000","3,155,000,000","3,241,000,000","3,088,000,000","2,694,000,000","2,060,000,000","2,660,000,000","2,948,000,000","3,077,000,000","2,001,000,000","3,563,000,000","3,965,000,000","3,623,000,000","4,260,000,000","4,231,000,000","4,209,000,000","4,072,000,000","4,428,000,000","4,471,000,000","4,873,000,000","4,169,000,000","5,064,000,000","4,635,000,000","4,585,000,000","4,117,000,000","4,620,000,000","4,765,000,000","4,517,000,000","4,303,000,000","4,644,000,000","4,694,000,000","4,567,000,000","4,280,000,000","4,686,000,000","4,623,000,000","4,574,000,000","4,289,000,000","5,056,000,000","3,164,000,000","2,956,000,000","2,801,000,000","3,079,000,000","2,960,000,000","2,916,000,000","2,716,000,000","2,852,000,000","3,186,000,000","3,205,000,000","2,881,000,000","3,164,000,000","2,977,000,000","2,727,000,000","2,331,000,000","2,657,000,000","2,527,000,000","2,327,000,000","2,105,000,000","2,293,000,000","2,310,000,000","2,192,000,000","2,098,000,000","2,107,000,000","2,513,000,000","2,132,000,000","1,874,000,000","2,204,000,000","2,061,000,000","1,976,000,000","1,820,000,000","2,086,000,000","1,694,000,000","1,789,000,000","1,432,000,000","2,247,000,000","2,394,000,000","2,201,000,000","1,854,000,000","2,099,000,000","2,609,000,000","2,885,000,000","2,970,000,000","3,301,000,000","2,599,000,000","2,568,000,000","2,138,000,000","2,396,000,000","2,215,000,000","2,309,000,000","2,009,000,000","2,252,000,000","2,201,000,000","2,186,000,000","1,839,000,000","2,028,000,000","2,513,000,000","2,088,000,000","1,743,000,000","1,831,000,000","2,058,000,000","1,911,000,000","1,640,000,000","1,773,000,000","1,799,000,000","1,707,000,000","1,429,000,000","1,573,000,000","1,635,000,000","1,561,000,000","1,374,000,000","1,469,900,000","1,440,200,000","1,426,800,000","1,234,400,000","1,216,600,000","1,296,300,000","1,232,100,000","1,120,600,000","1,132,000,000","1,170,100,000","1,115,500,000","905,200,000","898,600,000","893,300,000","928,400,000","810,200,000",,,,,,,,,,,,,,
	SellingGeneralAndAdministration,"12,144,000,000","3,336,000,000","3,122,000,000","3,017,000,000","2,669,000,000","2,589,000,000","2,511,000,000","1,983,000,000","2,648,000,000","3,224,000,000","3,116,000,000","2,996,000,000","2,567,000,000","2,538,000,000","2,505,000,000","2,723,000,000","2,541,000,000","2,836,000,000","3,203,000,000","3,142,000,000","3,315,000,000","3,580,000,000","4,009,000,000","3,912,000,000","3,761,000,000","3,937,000,000","4,207,000,000","4,204,000,000","4,079,000,000","4,338,000,000","4,507,000,000","4,384,000,000","3,989,000,000","4,319,000,000","4,424,000,000","4,385,000,000","4,182,000,000","4,430,000,000","4,630,000,000","4,497,000,000","4,181,000,000","4,411,000,000","4,527,000,000","4,422,000,000","4,080,000,000","4,511,000,000","3,064,000,000","2,878,000,000","2,705,000,000","2,978,000,000","2,912,000,000","2,844,000,000","2,624,000,000","2,502,000,000","3,186,000,000","3,205,000,000","2,881,000,000","3,293,000,000","2,896,000,000","2,685,000,000","2,325,000,000","2,657,000,000","2,527,000,000","2,327,000,000","2,060,000,000","2,293,000,000","2,310,000,000","2,192,000,000","2,098,000,000","2,107,000,000","2,513,000,000","2,132,000,000","1,874,000,000","2,204,000,000","2,061,000,000","1,976,000,000","1,820,000,000","2,086,000,000","1,694,000,000","1,789,000,000","1,432,000,000","2,247,000,000","2,394,000,000","2,201,000,000","1,854,000,000","2,671,000,000","2,480,000,000","2,659,000,000","2,753,000,000","3,118,000,000","2,390,000,000","2,353,000,000","1,953,000,000","2,222,000,000","2,064,000,000","2,141,000,000","1,857,000,000","2,076,000,000","2,052,000,000","2,023,000,000","1,701,000,000","1,909,000,000","2,388,000,000","1,965,000,000","1,631,000,000","1,714,000,000","1,940,000,000","1,802,000,000","1,530,000,000","1,653,000,000","1,701,000,000","1,605,000,000","1,338,000,000","1,476,000,000","1,457,000,000","1,476,000,000","1,286,000,000","1,396,900,000","1,351,200,000","1,340,300,000","1,161,000,000","1,200,600,000","1,220,200,000","1,160,500,000","1,022,900,000","1,059,300,000","1,113,000,000","1,059,700,000","843,800,000","849,900,000","848,300,000","883,900,000","765,700,000",,,,,,,,,,,,,,
		GeneralAndAdministrativeExpense,"5,472,000,000","1,696,000,000","1,343,000,000","1,283,000,000","1,150,000,000","1,218,000,000","1,006,000,000","1,044,000,000","1,048,000,000","1,545,000,000","1,182,000,000","1,118,000,000","1,059,000,000","1,395,000,000","906,000,000","1,064,000,000","1,128,000,000","1,235,000,000","1,391,000,000","1,319,000,000","1,336,000,000","1,465,000,000","1,599,000,000","1,555,000,000","1,462,000,000","1,630,000,000","1,604,000,000","1,544,000,000","1,648,000,000","1,425,000,000","1,370,000,000","1,334,000,000","1,209,000,000","1,598,000,000","1,355,000,000","1,341,000,000","1,240,000,000",,,,"1,244,000,000",,,,,,,,,,,,,,,,,,,,,,,,,,,,,,,,,,,,,,,,,,,,,,,,,,,,,,,,,,,,,,,,,,,,,,,,,,,,,,,,,,,,,,,,,,,,,,,,,,,,,,,,,,
			SalariesAndWages,"337,000,000","101,000,000","88,000,000","90,000,000","58,000,000","38,000,000","52,000,000","41,000,000","-5,000,000","55,000,000","58,000,000","48,000,000","40,000,000","58,000,000","46,000,000","49,000,000","72,000,000","52,000,000","53,000,000","59,000,000","55,000,000","67,000,000","72,000,000","50,000,000","69,000,000","65,000,000","54,000,000","57,000,000","60,000,000","66,000,000","31,000,000","73,000,000","39,000,000","72,000,000","63,000,000","45,000,000","47,000,000",,,,"77,000,000",,,,,,,,,,,,,,,,,,,,,,,,,,,,,,,,,,,,,,,,,,,,,,,,,,,,,,,,,,,,,,,,,,,,,,,,,,,,,,,,,,,,,,,,,,,,,,,,,,,,,,,,,,
			OtherGandA,"5,135,000,000","1,595,000,000","1,255,000,000","1,193,000,000","1,092,000,000","1,180,000,000","954,000,000","1,003,000,000","1,053,000,000","1,490,000,000","1,124,000,000","1,070,000,000","1,019,000,000","1,337,000,000","860,000,000","1,015,000,000","1,056,000,000","1,183,000,000","1,338,000,000","1,260,000,000","1,281,000,000","1,398,000,000","1,527,000,000","1,505,000,000","1,393,000,000","1,565,000,000","1,550,000,000","1,487,000,000","1,588,000,000","1,359,000,000","1,339,000,000","1,261,000,000","1,170,000,000","1,526,000,000","1,292,000,000","1,296,000,000","1,193,000,000",,,,"1,167,000,000",,,,,,,,,,,,,,,,,,,,,,,,,,,,,,,,,,,,,,,,,,,,,,,,,,,,,,,,,,,,,,,,,,,,,,,,,,,,,,,,,,,,,,,,,,,,,,,,,,,,,,,,,,
		SellingAndMarketingExpense,"6,672,000,000","1,640,000,000","1,779,000,000","1,734,000,000","1,519,000,000","1,371,000,000","1,505,000,000","939,000,000","1,600,000,000","1,679,000,000","1,934,000,000","1,878,000,000","1,508,000,000","1,143,000,000","1,599,000,000","1,659,000,000","1,413,000,000","1,601,000,000","1,812,000,000","1,823,000,000","1,979,000,000","2,115,000,000","2,410,000,000","2,357,000,000","2,299,000,000","2,307,000,000","2,603,000,000","2,660,000,000","2,431,000,000","2,913,000,000","3,137,000,000","3,050,000,000","2,780,000,000","2,721,000,000","3,069,000,000","3,044,000,000","2,942,000,000",,,,"2,937,000,000",,,,,,,,,,,,,,,,,,,,,,,,,,,,,,,,,,,,,,,,,,,,,,,,,,,,,,,,,,,,,,,,,,,,,,,,,,,,,,,,,,,,,,,,,,,,,,,,,,,,,,,,,,
	DepreciationAmortizationDepletionIncomeStatement,,,,,,,,,,,,,,,,,,,,,,,,,,,,,,,,,,,,,,,,,,,,,,,,,,,,,,,,,,,,,,,,,,,,,,,,,,,,,,,,,,,,,,,"129,000,000","226,000,000","217,000,000","183,000,000","209,000,000","215,000,000","185,000,000","174,000,000","151,000,000","168,000,000","152,000,000","176,000,000","149,000,000","163,000,000","138,000,000","119,000,000","125,000,000","123,000,000","112,000,000","117,000,000","118,000,000","109,000,000","110,000,000","120,000,000","98,000,000","102,000,000","91,000,000","97,000,000","178,000,000","85,000,000","88,000,000","73,000,000","89,000,000","86,500,000","73,400,000","16,000,000","76,100,000","71,600,000","97,700,000","72,700,000","57,100,000","55,800,000","61,400,000","48,700,000","45,000,000","44,500,000","44,500,000",,,,,,,,,,,,,,
		DepreciationAndAmortizationInIncomeStatement,,,,,,,,,,,,,,,,,,,,,,,,,,,,,,,,,,,,,,,,,,,,,,,,,,,,,,,,,,,,,,,,,,,,,,,,,,,,,,,,,,,,,,,"129,000,000","226,000,000","217,000,000","183,000,000","209,000,000","215,000,000","185,000,000","174,000,000","151,000,000","168,000,000","152,000,000","176,000,000","149,000,000","163,000,000","138,000,000","119,000,000","125,000,000","123,000,000","112,000,000","117,000,000","118,000,000","109,000,000","110,000,000","120,000,000","98,000,000","102,000,000","91,000,000","97,000,000","178,000,000","85,000,000","88,000,000","73,000,000","89,000,000","86,500,000","73,400,000","16,000,000","76,100,000","71,600,000","97,700,000","72,700,000","57,100,000","55,800,000","61,400,000","48,700,000","45,000,000","44,500,000","44,500,000",,,,,,,,,,,,,,
	OtherOperatingExpenses,"115,000,000","-363,000,000","45,000,000","22,000,000","18,000,000","-622,000,000","372,000,000","173,000,000","202,000,000","-69,000,000","125,000,000","92,000,000","127,000,000","-478,000,000","155,000,000","225,000,000","536,000,000","-835,000,000","360,000,000","823,000,000","308,000,000","680,000,000","222,000,000","297,000,000","311,000,000","491,000,000","264,000,000","669,000,000","90,000,000","726,000,000","128,000,000","201,000,000","128,000,000","301,000,000","341,000,000","132,000,000","121,000,000","214,000,000","64,000,000","70,000,000","99,000,000","275,000,000","96,000,000","152,000,000","209,000,000","545,000,000","100,000,000","78,000,000","96,000,000","101,000,000","48,000,000","72,000,000","92,000,000",,,,,,"81,000,000","42,000,000","6,000,000",,,,"45,000,000",,,,,,,,,,,,,,,,,,,,,,,,,,,,,,,,,,,,,,,,,,,,,,,,,,,,,,,,,,,,,,,,,,,,,,,,,,,,,,,,,,
OperatingIncome,"11,039,000,000","2,403,000,000","2,898,000,000","3,303,000,000","2,828,000,000","3,066,000,000","2,298,000,000","1,981,000,000","2,380,000,000","2,347,000,000","2,499,000,000","2,988,000,000","2,336,000,000","2,277,000,000","2,526,000,000","2,727,000,000","1,811,000,000","2,822,000,000","2,120,000,000","2,078,000,000","1,982,000,000","1,355,000,000","2,271,000,000","2,859,000,000","2,141,000,000","1,518,000,000","2,379,000,000","2,535,000,000","2,439,000,000","1,451,000,000","2,711,000,000","3,170,000,000","2,376,000,000","2,105,000,000","2,472,000,000","3,243,000,000","2,408,000,000","2,183,000,000","2,793,000,000","3,294,000,000","2,509,000,000","1,951,000,000","2,750,000,000","3,174,000,000","2,279,000,000","1,159,000,000","2,344,000,000","2,763,000,000","2,183,000,000","1,780,000,000","2,150,000,000","2,438,000,000","1,863,000,000","1,706,000,000","2,187,000,000","2,679,000,000","1,874,000,000","1,526,000,000","1,829,000,000","2,270,000,000","1,627,000,000","1,212,000,000","1,662,000,000","2,039,000,000","1,350,000,000","1,262,000,000","1,492,000,000","1,972,000,000","1,359,000,000","1,347,000,000","1,097,000,000","1,803,000,000","1,451,000,000","1,092,000,000","1,451,000,000","1,602,000,000","1,076,000,000","1,008,000,000","1,545,000,000","1,652,000,000","1,253,000,000","1,248,000,000","1,311,000,000","1,513,000,000","1,280,000,000","839,000,000","1,327,000,000","1,285,000,000","240,000,000","349,000,000","1,099,000,000","1,390,000,000","1,144,000,000","937,000,000","1,237,000,000","1,511,000,000","1,282,000,000","1,173,000,000","1,243,000,000","1,443,000,000","1,142,000,000","1,046,000,000","454,000,000","1,382,000,000","1,033,000,000","949,000,000","1,006,000,000","1,258,000,000","879,000,000","866,000,000","1,000,000,000","1,070,000,000","772,000,000","637,000,000","829,000,000","959,000,000","677,000,000","583,300,000","771,000,000","836,500,000","579,400,000","487,100,000","644,700,000","693,200,000","494,000,000","421,500,000","512,500,000","579,700,000","438,000,000","381,800,000","458,400,000","498,800,000","387,000,000","-4,712,800,000","2,128,300,000","2,313,600,000","1,869,100,000","-4,306,500,000","2,014,400,000","2,104,400,000","1,547,800,000","-5,368,500,000","2,533,800,000","2,245,000,000","1,734,800,000","-4,921,600,000","2,172,700,000"
NetNonOperatingInterestIncomeExpense,"-1,321,000,000","-94,000,000","-142,000,000","-709,000,000","-376,000,000","-234,000,000","-578,000,000","-174,000,000","-81,000,000","-100,000,000","-77,000,000","-94,000,000","-103,000,000","-66,000,000","-35,000,000","-71,000,000","-65,000,000","-28,000,000","-33,000,000","-66,000,000","-37,000,000","-78,000,000","-18,000,000","2,000,000","3,000,000","11,000,000","17,000,000","21,000,000","-292,000,000","19,000,000","56,000,000","37,000,000","-1,000,000","4,000,000","46,000,000","7,000,000","14,000,000","31,000,000","16,000,000","0","27,000,000","23,000,000","25,000,000","37,000,000","-19,000,000","-390,000,000","13,000,000","-14,000,000","-25,000,000","-19,000,000","-22,000,000","-40,000,000","-25,000,000",,,,,,,,,,,,,,,,,,,,,,,,,,,,,,,,,,,,,,,,,,,,,,,,,,,,,,,,,,,,,,,,,,,,,,,,,,,,,,,,,,,,,,,,,,,,,,
	InterestIncomeNonOperating,"276,000,000","71,000,000","68,000,000","71,000,000","66,000,000","76,000,000","82,000,000","100,000,000","112,000,000","135,000,000","153,000,000","142,000,000","129,000,000","176,000,000","171,000,000","170,000,000","165,000,000","182,000,000","175,000,000","165,000,000","155,000,000","170,000,000","164,000,000","164,000,000","144,000,000","154,000,000","155,000,000","149,000,000","155,000,000","158,000,000","169,000,000","144,000,000","123,000,000","153,000,000","136,000,000","129,000,000","116,000,000","126,000,000","118,000,000","112,000,000","115,000,000","127,000,000","141,000,000","121,000,000","94,000,000","97,000,000","93,000,000","67,000,000","60,000,000","65,000,000","67,000,000","57,000,000","60,000,000",,,,,,,,,,,,,,,,,,,,,,,,,,,,,,,,,,,,,,,,,,,,,,,,,,,,,,,,,,,,,,,,,,,,,,,,,,,,,,,,,,,,,,,,,,,,,,
	InterestExpenseNonOperating,"1,597,000,000","165,000,000","210,000,000","780,000,000","442,000,000","310,000,000","660,000,000","274,000,000","193,000,000","235,000,000","230,000,000","236,000,000","232,000,000","242,000,000","206,000,000","241,000,000","230,000,000","210,000,000","208,000,000","231,000,000","192,000,000","248,000,000","182,000,000","162,000,000","141,000,000","143,000,000","138,000,000","128,000,000","447,000,000","139,000,000","113,000,000","107,000,000","124,000,000","149,000,000","90,000,000","122,000,000","102,000,000","95,000,000","102,000,000","112,000,000","88,000,000","104,000,000","116,000,000","84,000,000","113,000,000","487,000,000","80,000,000","81,000,000","85,000,000","84,000,000","89,000,000","97,000,000","85,000,000",,,,,,,,,,,,,,,,,,,,,,,,,,,,,,,,,,,,,,,,,,,,,,,,,,,,,,,,,,,,,,,,,,,,,,,,,,,,,,,,,,,,,,,,,,,,,,
OtherIncomeExpense,"2,707,000,000","651,000,000","328,000,000","1,024,000,000","311,000,000","-471,000,000","461,000,000","390,000,000","711,000,000","173,000,000","670,000,000","155,000,000","-101,000,000","-1,424,000,000","356,000,000","227,000,000","87,000,000","-1,857,000,000","-413,000,000","612,000,000","-438,000,000","-762,000,000","-825,000,000","1,438,000,000","-250,000,000","9,000,000","-671,000,000","1,805,000,000","-166,000,000","-394,000,000","-107,000,000","177,000,000","-170,000,000","119,000,000","862,000,000","275,000,000","-78,000,000","163,000,000","275,000,000","329,000,000","189,000,000","237,000,000","148,000,000","583,000,000","251,000,000","5,472,000,000","343,000,000","374,000,000","21,000,000","199,000,000","315,000,000","330,000,000","-23,000,000","-529,000,000","264,000,000","-763,000,000","126,000,000","296,000,000","271,000,000","144,000,000","130,000,000","-320,000,000","176,000,000","368,000,000","73,000,000","100,000,000","161,000,000","252,000,000","97,000,000","82,000,000","146,000,000","265,000,000","70,000,000","42,000,000","52,000,000","146,000,000","36,000,000","-27,000,000","51,000,000","121,000,000","-114,000,000","1,000,000","221,000,000","83,000,000","-23,000,000","-341,000,000","184,000,000","78,000,000","-111,000,000","-96,000,000","69,000,000","-10,000,000","-49,000,000","-52,000,000","66,000,000","304,000,000","-29,000,000","81,000,000","320,000,000","554,000,000","357,000,000","134,000,000","550,000,000","211,000,000","72,000,000","56,000,000","228,000,000","115,000,000","109,000,000","17,000,000","84,000,000","87,000,000","31,000,000","86,000,000","79,000,000","61,000,000","25,000,000","12,600,000","58,900,000","54,600,000","21,300,000","103,400,000","60,900,000","63,900,000","28,500,000","59,600,000","115,500,000","70,300,000","48,400,000","39,600,000","162,000,000","88,000,000","56,900,000",,,,,,,,,,,,,,
	EarningsFromEquityInterest,"1,438,000,000","302,000,000","455,000,000","402,000,000","279,000,000","204,000,000","431,000,000","176,000,000","167,000,000","241,000,000","346,000,000","329,000,000","133,000,000","195,000,000","347,000,000","324,000,000","142,000,000","188,000,000","358,000,000","409,000,000","116,000,000","157,000,000","281,000,000","305,000,000","92,000,000","87,000,000","200,000,000","200,000,000","2,000,000","239,000,000","205,000,000","254,000,000","71,000,000","65,000,000","204,000,000","246,000,000","87,000,000","182,000,000","252,000,000","245,000,000","140,000,000","155,000,000","180,000,000","221,000,000","134,000,000","178,000,000","355,000,000","356,000,000","136,000,000","172,000,000","282,000,000","310,000,000","17,000,000","-440,000,000","272,000,000","-843,000,000","137,000,000","171,000,000","287,000,000","190,000,000","20,000,000","-467,000,000","231,000,000","252,000,000","86,000,000","127,000,000","195,000,000","267,000,000","91,000,000","125,000,000","180,000,000","221,000,000","95,000,000","81,000,000","86,000,000","190,000,000","49,000,000","34,000,000","113,000,000","176,000,000","61,000,000","-15,000,000","104,000,000","101,000,000","-38,000,000",,,,,,,,,,,,,,,,,,,,,,,,,,,,,,,,,,,,,,,,,,,,,,,,,,,,,,,,,,,,,,
	SpecialIncomeCharges,"-731,000,000",,,"-287,000,000","-106,000,000",,,,,,,,,,,,,,,,,,,,,,,,"-143,000,000",,,,,,,,,,"23,000,000","84,000,000","49,000,000","82,000,000","-32,000,000","362,000,000","117,000,000","5,294,000,000","-12,000,000","18,000,000","-115,000,000","27,000,000","33,000,000","20,000,000","-40,000,000","-89,000,000","-8,000,000","80,000,000","-11,000,000","125,000,000","-16,000,000","-46,000,000","110,000,000","147,000,000","-55,000,000","116,000,000","-13,000,000","-27,000,000","-34,000,000","-15,000,000","6,000,000","-43,000,000","-34,000,000","44,000,000","-25,000,000","-39,000,000","-34,000,000","-44,000,000","-13,000,000","-61,000,000","-62,000,000","-55,000,000","-175,000,000","16,000,000","117,000,000","-18,000,000","15,000,000","-341,000,000","184,000,000","78,000,000","-111,000,000","-96,000,000","69,000,000","-10,000,000","-49,000,000","-52,000,000","66,000,000","304,000,000","-29,000,000","81,000,000","320,000,000","554,000,000","357,000,000","134,000,000","550,000,000","211,000,000","72,000,000","56,000,000","228,000,000","115,000,000","109,000,000","17,000,000","84,000,000","87,000,000","31,000,000","86,000,000","79,000,000","61,000,000","25,000,000","12,600,000","58,900,000","54,600,000","21,300,000","103,400,000","60,900,000","63,900,000","28,500,000","59,600,000","115,500,000","70,300,000","48,400,000","39,600,000","162,000,000","88,000,000","56,900,000",,,,,,,,,,,,,,
		RestructuringAndMergernAcquisition,"638,000,000",,,"283,000,000","97,000,000",,,,,,,,,,,,,,,,,,,,,,,,"35,000,000",,,,,,,,,,,,,,,,,,,,,,,,,,,,,,,,,,,,,,,,,,,,,,,,,,,,,,,,,,,,,,,,,,,,,,,,,,,,,,,,,,,,,,,,,,,,,,,,,,,,,,,,,,,,,,,,,,,,,,
		ImpairmentOfCapitalAssets,"78,000,000"
		WriteOff,,,,,,,,,,,,,,,,,,,,,,,,,,,,,"108,000,000",,,,,,,,,,,,,,,,,,,,,,,,,,,,,,,,,,,,,,,,,,,,,,,,,,,,,,,,,,,,,,,,,,,,,,,,,,,,,,,,,,,,,,,,,,,,,,,,,,,,,,,,,,,,,,,,,,,,,,
		OtherSpecialCharges,"15,000,000",,,"4,000,000","9,000,000",,,,,,,,,,,,,,,,,,,,,,,,,,,,,,,,,,,,,,,,,,,,,,,,,,,,,,,,,,,,,,,,,,,,,,,,,,,,,,,,,,,,,,,,,,,,,,,,,,,,,,,,,,,,,,,,,,,,,,,,,,,,,,,,,,,,,,,,,,,,,,
	OtherNonOperatingIncomeExpenses,"2,000,000,000","1,080,000,000","-127,000,000","909,000,000","138,000,000","53,000,000","30,000,000","214,000,000","544,000,000","115,000,000","324,000,000","-174,000,000","-234,000,000","-978,000,000","9,000,000","-97,000,000","-55,000,000","-769,000,000","-771,000,000","203,000,000","-554,000,000","-919,000,000","-1,106,000,000","1,133,000,000","-342,000,000","-78,000,000","-871,000,000","1,605,000,000","-25,000,000","-633,000,000","-312,000,000","-77,000,000","-241,000,000","54,000,000","658,000,000","29,000,000","-165,000,000","-19,000,000",,,,,,,,,,,,,,,,,,,,,,,,,,,,,,,,,,,,,,,,,,,,,,,,,,,,,,,,,,,,,,,,,,,,,,,,,,,,,,,,,,,,,,,,,,,,,,,,,,,,,,,,,,,,,
PretaxIncome,"12,425,000,000","2,960,000,000","3,084,000,000","3,618,000,000","2,763,000,000","2,361,000,000","2,181,000,000","2,197,000,000","3,010,000,000","2,420,000,000","3,092,000,000","3,049,000,000","2,132,000,000","787,000,000","2,847,000,000","2,883,000,000","1,833,000,000","937,000,000","1,674,000,000","2,624,000,000","1,507,000,000","515,000,000","1,428,000,000","4,299,000,000","1,894,000,000","1,538,000,000","1,725,000,000","4,361,000,000","1,981,000,000","1,076,000,000","2,660,000,000","3,384,000,000","2,205,000,000","2,228,000,000","3,380,000,000","3,525,000,000","2,344,000,000","2,377,000,000","3,084,000,000","3,623,000,000","2,725,000,000","2,211,000,000","2,923,000,000","3,794,000,000","2,511,000,000","6,241,000,000","2,700,000,000","3,123,000,000","2,179,000,000","1,960,000,000","2,443,000,000","2,728,000,000","1,815,000,000","1,150,000,000","2,445,000,000","1,896,000,000","1,948,000,000","1,623,000,000","2,113,000,000","2,408,000,000","1,729,000,000","886,000,000","1,826,000,000","2,391,000,000","1,475,000,000","1,373,000,000","1,653,000,000","2,216,000,000","1,448,000,000","1,422,000,000","1,235,000,000","2,053,000,000","1,512,000,000","1,124,000,000","1,498,000,000","1,750,000,000","1,123,000,000","991,000,000","1,590,000,000","1,767,000,000","1,151,000,000","1,292,000,000","1,534,000,000","1,597,000,000","1,247,000,000","477,000,000","1,483,000,000","1,342,000,000","97,000,000","230,000,000","1,141,000,000","1,366,000,000","1,082,000,000","865,000,000","1,287,000,000","1,803,000,000","1,243,000,000","1,184,000,000","1,505,000,000","1,935,000,000","1,431,000,000","1,104,000,000","937,000,000","1,522,000,000","1,033,000,000","925,000,000","1,168,000,000","1,304,000,000","931,000,000","828,000,000","1,033,000,000","1,107,000,000","760,000,000","679,000,000","870,000,000","980,000,000","656,000,000","552,700,000","788,000,000","846,900,000","558,500,000","547,100,000","665,200,000","703,200,000","467,800,000","429,000,000","574,600,000","597,500,000","413,200,000","342,800,000","531,300,000","508,100,000","382,100,000",,,,,,,,,,,,,,
TaxProvision,"2,621,000,000","510,000,000","609,000,000","994,000,000","508,000,000","887,000,000","441,000,000","438,000,000","215,000,000","355,000,000","503,000,000","421,000,000","486,000,000","-5,000,000","528,000,000","594,000,000","506,000,000","3,755,000,000","230,000,000","1,252,000,000","323,000,000","-32,000,000","378,000,000","839,000,000","401,000,000","302,000,000","272,000,000","1,250,000,000","415,000,000","305,000,000","538,000,000","779,000,000","579,000,000","520,000,000","925,000,000","831,000,000","575,000,000","487,000,000","755,000,000","823,000,000","658,000,000","537,000,000","680,000,000","990,000,000","598,000,000","457,000,000","633,000,000","741,000,000","553,000,000","382,000,000","523,000,000","679,000,000","456,000,000","155,000,000","555,000,000","474,000,000","448,000,000","409,000,000","459,000,000","557,000,000","467,000,000","208,000,000","366,000,000","555,000,000","369,000,000","509,000,000","370,000,000","493,000,000","446,000,000","221,000,000","300,000,000","469,000,000","385,000,000","197,000,000","275,000,000","388,000,000","288,000,000","267,000,000","429,000,000","477,000,000","350,000,000","378,000,000","460,000,000","479,000,000","374,000,000","235,000,000","416,000,000","416,000,000","155,000,000","275,000,000","354,000,000","424,000,000","335,000,000","268,000,000","399,000,000","612,000,000","386,000,000","367,000,000","494,000,000","621,000,000","444,000,000","342,000,000","-30,000,000","472,000,000","320,000,000","277,000,000","366,000,000","406,000,000","293,000,000","261,000,000","325,000,000","349,000,000","239,000,000","213,000,000","280,000,000","302,000,000","202,000,000","173,600,000","247,400,000","265,900,000","175,400,000","188,700,000","208,900,000","220,800,000","146,900,000","134,700,000","180,400,000","187,600,000","129,700,000","116,600,000","170,000,000","162,600,000","122,300,000",,,,,,,,,,,,,,
EarningsFromEquityInterestNetOfTax,,,,,,,,,,,,,,,,,,,,,,,,,,,,,,,,,,,,,,,,,,,,,,,,,,,,,"17,000,000",,,,,,,,,,,,,,,,,,,,,,,,,,,,,,,,,,,,,,,,,,,,,,,,,,,,,,,,,,,,,,,,,,,,,,,,,,,,,,,,,,,,,,,,,,,,,,
NetIncomeCommonStockholders,"9,771,000,000","2,414,000,000","2,471,000,000","2,641,000,000","2,245,000,000","1,456,000,000","1,737,000,000","1,779,000,000","2,775,000,000","2,042,000,000","2,593,000,000","2,607,000,000","1,678,000,000","870,000,000","1,880,000,000","2,316,000,000","1,368,000,000","-2,752,000,000","1,447,000,000","1,371,000,000","1,182,000,000","550,000,000","1,046,000,000","3,448,000,000","1,483,000,000","1,237,000,000","1,449,000,000","3,108,000,000","1,557,000,000","770,000,000","2,114,000,000","2,595,000,000","1,619,000,000","1,710,000,000","2,447,000,000","2,676,000,000","1,751,000,000","1,866,000,000","2,311,000,000","2,788,000,000","2,054,000,000","1,654,000,000","2,221,000,000","2,797,000,000","1,900,000,000","5,771,000,000","2,055,000,000","2,369,000,000","1,614,000,000","1,543,000,000","1,896,000,000","2,037,000,000","1,348,000,000","995,000,000","1,890,000,000","1,422,000,000","1,500,000,000","1,214,000,000","1,654,000,000","1,851,000,000","1,262,000,000","678,000,000","1,460,000,000","1,836,000,000","1,106,000,000","864,000,000","1,283,000,000","1,723,000,000","1,002,000,000","1,201,000,000","935,000,000","1,584,000,000","1,127,000,000","927,000,000","1,223,000,000","1,362,000,000","835,000,000","724,000,000","1,161,000,000","1,290,000,000","-125,000,000","914,000,000","1,074,000,000","1,118,000,000","863,000,000","242,000,000","1,067,000,000","926,000,000","-58,000,000","-45,000,000","787,000,000","942,000,000","747,000,000","597,000,000","888,000,000","1,191,000,000","857,000,000","817,000,000","1,011,000,000","1,314,000,000","987,000,000","762,000,000","967,000,000","1,050,000,000","713,000,000","648,000,000","802,000,000","898,000,000","638,000,000","567,000,000","708,000,000","758,000,000","521,000,000","454,000,000","590,000,000","678,000,000","454,000,000","159,700,000","540,600,000","581,000,000","383,100,000","358,400,000","456,300,000","482,400,000","320,400,000","290,600,000","389,400,000","405,000,000","278,600,000","242,600,000","356,100,000","339,800,000","254,400,000",,,,,,,,,,,,,,
	NetIncome,"9,771,000,000","2,414,000,000","2,471,000,000","2,641,000,000","2,245,000,000","1,456,000,000","1,737,000,000","1,779,000,000","2,775,000,000","2,042,000,000","2,593,000,000","2,607,000,000","1,678,000,000","870,000,000","1,880,000,000","2,316,000,000","1,368,000,000","-2,752,000,000","1,447,000,000","1,371,000,000","1,182,000,000","550,000,000","1,046,000,000","3,448,000,000","1,483,000,000","1,237,000,000","1,449,000,000","3,108,000,000","1,557,000,000","770,000,000","2,114,000,000","2,595,000,000","1,619,000,000","1,710,000,000","2,447,000,000","2,676,000,000","1,751,000,000","1,866,000,000","2,311,000,000","2,788,000,000","2,054,000,000","1,654,000,000","2,221,000,000","2,797,000,000","1,900,000,000","5,771,000,000","2,055,000,000","2,369,000,000","1,614,000,000","1,543,000,000","1,896,000,000","2,037,000,000","1,348,000,000","995,000,000","1,890,000,000","1,422,000,000","1,500,000,000","1,214,000,000","1,654,000,000","1,851,000,000","1,262,000,000","678,000,000","1,460,000,000","1,836,000,000","1,106,000,000","864,000,000","1,283,000,000","1,723,000,000","1,002,000,000","1,201,000,000","935,000,000","1,584,000,000","1,127,000,000","927,000,000","1,223,000,000","1,362,000,000","835,000,000","724,000,000","1,161,000,000","1,290,000,000","-125,000,000","914,000,000","1,074,000,000","1,118,000,000","863,000,000","242,000,000","1,067,000,000","926,000,000","-58,000,000","-45,000,000","787,000,000","942,000,000","747,000,000","597,000,000","888,000,000","1,191,000,000","857,000,000","817,000,000","1,011,000,000","1,314,000,000","987,000,000","762,000,000","967,000,000","1,050,000,000","713,000,000","648,000,000","802,000,000","898,000,000","638,000,000","567,000,000","708,000,000","758,000,000","521,000,000","454,000,000","590,000,000","678,000,000","454,000,000","159,700,000","540,600,000","581,000,000","383,100,000","358,400,000","456,300,000","482,400,000","320,900,000","294,300,000","394,200,000","409,900,000","283,500,000","247,700,000","361,300,000","345,500,000","259,800,000",,,,,,,,,,,,,,
		NetIncomeIncludingNoncontrollingInterests,"9,804,000,000","2,450,000,000","2,475,000,000","2,624,000,000","2,255,000,000","1,474,000,000","1,740,000,000","1,759,000,000","2,795,000,000","2,065,000,000","2,589,000,000","2,628,000,000","1,703,000,000","927,000,000","1,818,000,000","2,331,000,000","1,400,000,000","-2,717,000,000","1,444,000,000","1,372,000,000","1,184,000,000","547,000,000","1,050,000,000","3,460,000,000","1,493,000,000","1,236,000,000","1,453,000,000","3,111,000,000","1,566,000,000","771,000,000","2,122,000,000","2,605,000,000","1,626,000,000","1,708,000,000","2,455,000,000","2,694,000,000","1,769,000,000","1,890,000,000","2,329,000,000","2,800,000,000","2,067,000,000","1,674,000,000","2,243,000,000","2,804,000,000","1,913,000,000","5,784,000,000","2,067,000,000","2,382,000,000","1,626,000,000","1,578,000,000","1,920,000,000","2,049,000,000","1,359,000,000","995,000,000","1,890,000,000","1,422,000,000","1,500,000,000","1,214,000,000","1,654,000,000","1,851,000,000","1,262,000,000","678,000,000","1,460,000,000","1,836,000,000","1,106,000,000","864,000,000","1,283,000,000","1,723,000,000","1,002,000,000","1,201,000,000","935,000,000","1,584,000,000","1,127,000,000","927,000,000","1,223,000,000","1,362,000,000","835,000,000","724,000,000","1,161,000,000","1,290,000,000","-125,000,000","914,000,000","1,074,000,000","1,118,000,000","863,000,000","242,000,000","1,067,000,000","926,000,000","-58,000,000","-45,000,000","787,000,000","942,000,000","747,000,000","597,000,000","888,000,000","1,191,000,000","857,000,000","817,000,000","1,011,000,000","1,314,000,000","987,000,000","762,000,000","967,000,000","1,050,000,000","713,000,000","648,000,000","802,000,000","898,000,000","638,000,000","567,000,000","708,000,000","758,000,000","521,000,000","454,000,000","590,000,000","678,000,000","454,000,000","159,700,000","540,600,000","581,000,000","383,100,000","358,400,000","456,300,000","482,400,000","320,900,000","294,300,000","394,200,000","409,900,000","283,500,000","247,700,000","361,300,000","345,500,000","259,800,000","235,500,000","295,600,000","303,100,000","210,500,000","192,900,000","271,400,000","266,400,000","185,400,000","314,500,000","233,100,000","225,500,000","161,200,000","189,400,000","195,700,000"
			NetIncomeContinuousOperations,"9,804,000,000","2,450,000,000","2,475,000,000","2,624,000,000","2,255,000,000","1,474,000,000","1,740,000,000","1,759,000,000","2,795,000,000","2,065,000,000","2,589,000,000","2,628,000,000","1,646,000,000","792,000,000","2,319,000,000","2,289,000,000","1,327,000,000","-2,818,000,000","1,444,000,000","1,372,000,000","1,184,000,000","547,000,000","1,050,000,000","3,460,000,000","1,493,000,000","1,236,000,000","1,453,000,000","3,111,000,000","1,566,000,000","771,000,000","2,122,000,000","2,605,000,000","1,626,000,000","1,708,000,000","2,455,000,000","2,694,000,000","1,769,000,000","1,890,000,000","2,329,000,000","2,800,000,000","2,067,000,000","1,674,000,000","2,243,000,000","2,804,000,000","1,913,000,000","5,784,000,000","2,067,000,000","2,382,000,000","1,626,000,000","1,578,000,000","1,920,000,000","2,049,000,000","1,359,000,000","995,000,000","1,890,000,000","1,422,000,000","1,500,000,000","1,214,000,000","1,654,000,000","1,851,000,000","1,262,000,000","678,000,000","1,460,000,000","1,836,000,000","1,106,000,000","864,000,000","1,283,000,000","1,723,000,000","1,002,000,000","1,201,000,000","935,000,000","1,584,000,000","1,127,000,000","927,000,000","1,223,000,000","1,362,000,000","835,000,000","724,000,000","1,161,000,000","1,290,000,000","801,000,000","914,000,000","1,074,000,000","1,118,000,000","873,000,000","242,000,000","1,067,000,000","926,000,000","-58,000,000","-45,000,000","787,000,000","942,000,000","747,000,000","597,000,000","888,000,000","1,191,000,000","857,000,000","817,000,000","1,011,000,000","1,314,000,000","987,000,000","762,000,000","967,000,000","1,050,000,000","713,000,000","648,000,000","802,000,000","898,000,000","638,000,000","567,000,000","708,000,000","758,000,000","521,000,000","466,000,000","590,000,000","678,000,000","454,000,000","379,100,000","540,600,000","581,000,000","383,100,000","358,400,000","456,300,000","482,400,000","320,900,000","294,300,000","394,200,000","409,900,000","283,500,000","226,200,000","361,300,000","345,500,000","259,800,000","235,500,000","295,600,000","303,100,000","210,500,000","192,900,000","271,400,000","266,400,000","185,400,000","314,500,000","233,100,000","225,500,000","161,200,000","144,700,000","195,700,000"
			NetIncomeDiscontinuousOperations,,,,,,,,,,,,,"57,000,000","135,000,000","-501,000,000","42,000,000","73,000,000","101,000,000",,,,,,,,,,,,,,,,,,,,,,,,,,,,,,,,,,,,,,,,,,,,,,,,,,,,,,,,,,,,,,,,,,,,,,,,,,,,,,,,,,,,,,,,,,,,,,,,,,,,,,,,,,,,,,,,,,,,,,,,,,,,,,,,,
			NetIncomeExtraordinary,,,,,,,,,,,,,,,,,,,,,,,,,,,,,,,,,,,,,,,,,,,,,,,,,,,,,,,,,,,,,,,,,,,,,,,,,,,,,,"0",,,"-926,000,000","0",,,"-10,000,000",,,,,,,,,,,,,,,,,,,,,,,,,,,,,,,,,,,,,,,,,,,,,,,,,,,,,,,,,,,,,,
		MinorityInterests,"-33,000,000","-36,000,000","-4,000,000","17,000,000","-10,000,000","-18,000,000","-3,000,000","20,000,000","-20,000,000","-23,000,000","4,000,000","-21,000,000","-25,000,000","-57,000,000","62,000,000","-15,000,000","-32,000,000","-35,000,000","3,000,000","-1,000,000","-2,000,000","3,000,000","-4,000,000","-12,000,000","-10,000,000","1,000,000","-4,000,000","-3,000,000","-9,000,000","-1,000,000","-8,000,000","-10,000,000","-7,000,000","2,000,000","-8,000,000","-18,000,000","-18,000,000","-24,000,000","-18,000,000","-12,000,000","-13,000,000","-20,000,000","-22,000,000","-7,000,000","-13,000,000","-13,000,000","-12,000,000","-13,000,000","-12,000,000","-35,000,000","-24,000,000","-12,000,000","-11,000,000",,,,,,,,,,,,,,,,,,,,,,,,,,,,,,,,,,,,,,,,,,,,,,,,,,,,,,,,,,,,,,,,,,,,,,,,,,,,,,,,,,,,,,,,,,,,,,
	PreferredStockDividends,,,,,,,,,,,,,,,,,,,,,,,,,,,,,,,,,,,,,,,,,,,,,,,,,,,,,,,,,,,,,,,,,,,,,,,,,,,,,,,,,,,,,,,,,,,,,,,,,,,,,,,,,,,,,,,,,,,,,,,,,,"0",,,"500,000","3,700,000","4,800,000","4,900,000","4,900,000","5,100,000","5,200,000","5,700,000","5,400,000",,,,,,,,,,,,,,
	OtherunderPreferredStockDividend,,,,,,,,,,,,,,,,,,,,,,,,,,,,,,,,,,,,,,,,,,,,,,,,,,,,"12,000,000",,,,,,,,,,,,,,,,,,,,,,,,,,,,,,,,,,,,,,,,,,,,,,,,,,,,,,,,,,,,,,,,,,,,,,,,,,,,,,,,,,,,,,,,,,,,,,,
DilutedNIAvailtoComStockholders,"9,771,000,000","2,414,000,000","2,471,000,000","2,641,000,000","2,245,000,000","1,456,000,000","1,737,000,000","1,779,000,000","2,775,000,000","2,042,000,000","2,593,000,000","2,607,000,000","1,678,000,000","870,000,000","1,880,000,000","2,316,000,000","1,368,000,000","-2,752,000,000","1,447,000,000","1,371,000,000","1,182,000,000","550,000,000","1,046,000,000","3,448,000,000","1,483,000,000","1,237,000,000","1,449,000,000","3,108,000,000","1,557,000,000","770,000,000","2,114,000,000","2,595,000,000","1,619,000,000","1,710,000,000","2,447,000,000","2,676,000,000","1,751,000,000","1,866,000,000","2,311,000,000","2,788,000,000","2,054,000,000","1,654,000,000","2,221,000,000","2,797,000,000","1,900,000,000","5,771,000,000","2,055,000,000","2,369,000,000","1,614,000,000","1,543,000,000","1,896,000,000","2,037,000,000","1,348,000,000","995,000,000","1,890,000,000","1,422,000,000","1,500,000,000","1,214,000,000","1,654,000,000","1,851,000,000","1,262,000,000","678,000,000","1,460,000,000","1,836,000,000","1,106,000,000","864,000,000","1,283,000,000","1,723,000,000","1,002,000,000","1,201,000,000","935,000,000","1,584,000,000","1,127,000,000","927,000,000","1,223,000,000","1,362,000,000","835,000,000","724,000,000","1,161,000,000","1,290,000,000","-125,000,000","914,000,000","1,074,000,000","1,118,000,000","863,000,000","242,000,000","1,067,000,000","926,000,000","-58,000,000","-45,000,000","787,000,000","942,000,000","747,000,000","597,000,000","888,000,000","1,191,000,000","857,000,000","817,000,000","1,011,000,000","1,314,000,000","987,000,000","762,000,000","967,000,000","1,050,000,000","713,000,000","648,000,000","802,000,000","898,000,000","638,000,000","567,000,000","708,000,000","758,000,000","521,000,000","454,000,000","590,000,000","678,000,000","454,000,000","159,700,000","540,600,000","581,000,000","383,100,000","358,400,000","456,300,000","482,400,000","320,400,000","290,600,000","389,400,000","405,000,000","278,600,000","242,600,000","356,100,000","339,800,000","254,400,000",,,,,,,,,,,,,,
BasicEPS,,"0.56","0.57","0.61","0.52","0.34","0.4","1.06","0.65","0.48","0.61","0.61","0.39","0.2","0.44","0.54","0.32","-0.65","0.34","0.32","0.28","0.13","0.24","0.8","0.34","0.29","0.33","0.71","0.36","0.18","0.48","0.59","0.37","0.39","0.55","0.6","0.39","0.42","0.51","0.62","0.455",,"0.485","0.61","0.415",,"0.445","0.513","0.35",,"0.41","0.44","0.29",,"0.41","0.305","0.325",,"0.36","0.4","0.275",,"0.31","0.39","0.235",,"0.27","0.36","0.21",,"0.195","0.325","0.23",,"0.25","0.275","0.17",,"0.235","0.26","-0.025",,"0.215","0.225","0.175",,"0.215","0.185","-0.01",,"0.16","0.19","0.15",,"0.18","0.24","0.175",,"0.205","0.265","0.2",,"0.195","0.21","0.14",,"0.16","0.18","0.125",,"0.14","0.15","0.1",,"0.115","0.13","0.09",,"0.105","0.11","0.075",,"0.09","0.09","0.06",,"0.075","0.08","0.055",,"0.065","0.065","0.045",,"0.055","0.055","0.04",,"0.045","0.045","0.035",,"0.04","0.04","0.03",,"0.035"
DilutedEPS,,"0.56","0.57","0.61","0.52","0.34","0.4","1.05","0.64","0.47","0.6","0.61","0.39","0.2","0.44","0.54","0.32","-0.65","0.33","0.32","0.27","0.13","0.24","0.79","0.34","0.28","0.33","0.71","0.35","0.17","0.48","0.58","0.36","0.38","0.54","0.59","0.39","0.41","0.5","0.605","0.445",,"0.475","0.6","0.41",,"0.44","0.51","0.345",,"0.405","0.44","0.29",,"0.405","0.305","0.32",,"0.355","0.4","0.27",,"0.31","0.39","0.235",,"0.27","0.36","0.21",,"0.195","0.325","0.23",,"0.25","0.275","0.17",,"0.235","0.26","-0.025",,"0.215","0.225","0.175",,"0.215","0.185","-0.01",,"0.16","0.19","0.15",,"0.18","0.24","0.17",,"0.2","0.26","0.195",,"0.19","0.21","0.14",,"0.16","0.18","0.125",,"0.14","0.15","0.1",,"0.115","0.13","0.09",,"0.105","0.11","0.075",,"0.09","0.09","0.06",,"0.075","0.08","0.055",,"0.065","0.065","0.045",,"0.055","0.055","0.04",,"0.045","0.045","0.035",,"0.04","0.04","0.03",,"0.035"
BasicAverageShares,,"4,321,000,000","4,318,000,000","4,313,000,000","4,307,000,000","4,300,000,000","4,296,000,000","4,292,000,000","4,289,000,000","4,282,000,000","4,280,000,000","4,269,000,000","4,271,000,000","4,262,000,000","4,255,000,000","4,255,000,000","4,265,000,000","4,261,000,000","4,266,000,000","4,273,000,000","4,287,000,000","4,303,000,000","4,315,000,000","4,323,000,000","4,328,000,000","4,336,000,000","4,349,000,000","4,355,000,000","4,365,000,000","4,375,000,000","4,383,000,000","4,391,000,000","4,401,000,000","4,410,000,000","4,426,000,000","4,446,000,000","4,455,000,000","4,479,000,000","4,502,000,000","4,510,000,000","4,526,000,000",,"4,572,000,000","4,580,000,000","4,584,000,000",,"4,620,000,000","4,608,000,000","4,608,000,000",,"4,632,000,000","4,626,000,000","4,626,000,000",,"4,622,000,000","4,632,000,000","4,644,000,000",,"4,622,000,000","4,624,000,000","4,628,000,000",,"4,684,000,000","4,700,000,000","4,730,000,000",,"4,768,000,000","4,798,000,000","4,818,000,000",,"4,842,000,000","4,860,000,000","4,880,000,000",,"4,910,000,000","4,926,000,000","4,938,000,000",,"4,958,000,000","4,962,000,000","4,970,000,000",,"4,976,000,000","4,976,000,000","4,972,000,000",,"4,956,000,000","4,950,000,000","4,944,000,000",,"4,938,000,000","4,936,000,000","4,932,000,000",,"4,928,000,000","4,938,000,000","4,942,000,000",,"4,956,000,000","4,960,000,000","4,960,000,000",,"4,984,000,000","4,992,000,000","5,006,000,000",,"5,036,000,000","5,060,000,000","5,088,000,000",,"5,156,000,000","5,168,000,000","5,184,000,000",,"5,130,434,783","5,215,384,615","5,044,444,444",,"5,148,571,429","5,281,818,182","5,108,000,000",,"5,070,000,000","5,360,000,000","5,340,000,000",,"5,192,000,000","5,062,500,000","5,065,454,545",,"5,478,461,538","5,227,692,308","5,653,333,333",,"5,743,536,000","5,911,920,000","5,910,464,000",,"6,031,696,000","6,047,968,000","6,190,768,000",,"6,190,768,000","6,186,736,000","6,284,928,000",,"6,295,648,000"
DilutedAverageShares,,"4,347,000,000","4,344,000,000","4,338,000,000","4,330,000,000","4,329,000,000","4,321,000,000","4,321,000,000","4,325,000,000","4,322,000,000","4,321,000,000","4,305,000,000","4,306,000,000","4,304,000,000","4,295,000,000","4,290,000,000","4,306,000,000","4,261,000,000","4,320,000,000","4,327,000,000","4,334,000,000","4,345,000,000","4,364,000,000","4,377,000,000","4,382,000,000","4,390,000,000","4,399,000,000","4,408,000,000","4,422,000,000","4,437,000,000","4,445,000,000","4,454,000,000","4,464,000,000","4,482,000,000","4,498,000,000","4,527,000,000","4,530,000,000","4,557,000,000","4,587,000,000","4,592,000,000","4,602,000,000",,"4,652,000,000","4,660,000,000","4,662,000,000",,"4,672,000,000","4,650,000,000","4,654,000,000",,"4,664,000,000","4,646,000,000","4,638,000,000",,"4,658,000,000","4,686,000,000","4,702,000,000",,"4,662,000,000","4,652,000,000","4,642,000,000",,"4,686,000,000","4,704,000,000","4,732,000,000",,"4,770,000,000","4,802,000,000","4,820,000,000",,"4,848,000,000","4,868,000,000","4,888,000,000",,"4,916,000,000","4,932,000,000","4,944,000,000",,"4,964,000,000","4,976,000,000","4,970,000,000",,"4,976,000,000","4,976,000,000","4,980,000,000",,"4,978,000,000","4,960,000,000","4,944,000,000",,"4,970,000,000","4,976,000,000","4,974,000,000",,"4,984,000,000","5,002,000,000","5,004,000,000",,"5,030,000,000","5,038,000,000","5,038,000,000",,"4,984,000,000","4,992,000,000","5,006,000,000",,"5,036,000,000","5,060,000,000","5,088,000,000",,"5,156,000,000","5,168,000,000","5,184,000,000",,"5,130,434,783","5,215,384,615","5,044,444,444",,"5,148,571,429","5,281,818,182","5,108,000,000",,"5,070,000,000","5,360,000,000","5,340,000,000",,"5,192,000,000","5,062,500,000","5,065,454,545",,"5,478,461,538","5,227,692,308","5,653,333,333",,"5,743,536,000","5,911,920,000","5,910,464,000",,"6,031,696,000","6,047,968,000","6,190,768,000",,"6,190,768,000","6,186,736,000","6,284,928,000",,"6,295,648,000"
TotalOperatingIncomeAsReported,"10,308,000,000","1,672,000,000","2,898,000,000","3,016,000,000","2,722,000,000","2,338,000,000","2,298,000,000","1,981,000,000","2,380,000,000","2,164,000,000","2,499,000,000","2,988,000,000","2,336,000,000","1,636,000,000","2,526,000,000","2,727,000,000","1,811,000,000","1,321,000,000","2,120,000,000","2,078,000,000","1,982,000,000","1,355,000,000","2,271,000,000","2,859,000,000","2,141,000,000","1,518,000,000","2,379,000,000","2,535,000,000","2,296,000,000","1,451,000,000","2,711,000,000","3,170,000,000","2,376,000,000","2,105,000,000","2,472,000,000","3,243,000,000","2,408,000,000","2,183,000,000","2,793,000,000","3,294,000,000","2,509,000,000","1,951,000,000","2,750,000,000","3,174,000,000","2,279,000,000","1,159,000,000","2,344,000,000","2,763,000,000","2,183,000,000","1,780,000,000","2,150,000,000","2,438,000,000","1,863,000,000","1,706,000,000","2,187,000,000","2,679,000,000","1,874,000,000","1,526,000,000","1,829,000,000","2,270,000,000","1,627,000,000","1,212,000,000","1,662,000,000","2,039,000,000","1,395,000,000","1,262,000,000","1,492,000,000","1,972,000,000","1,359,000,000","1,347,000,000","1,097,000,000","1,803,000,000","1,451,000,000","1,092,000,000","1,451,000,000","1,602,000,000","1,076,000,000","1,008,000,000","1,545,000,000","1,652,000,000","1,253,000,000","1,248,000,000","1,311,000,000","1,513,000,000","1,280,000,000","839,000,000","1,327,000,000","1,285,000,000","240,000,000","349,000,000","1,099,000,000","1,390,000,000","1,144,000,000","937,000,000","1,237,000,000","1,511,000,000","1,282,000,000","1,173,000,000","1,243,000,000","1,443,000,000","1,142,000,000","1,046,000,000","454,000,000","1,382,000,000","1,033,000,000","949,000,000","1,006,000,000","1,258,000,000","879,000,000","866,000,000","1,000,000,000","1,070,000,000","772,000,000","637,000,000","829,000,000","959,000,000","677,000,000","583,300,000","771,000,000","836,500,000","579,400,000","487,100,000","644,700,000","693,200,000","494,000,000","421,500,000","512,500,000","579,700,000","438,000,000","381,800,000","458,400,000","498,800,000","387,000,000",,,,,,,,,,,,,,
TotalExpenses,"27,616,000,000","7,061,000,000","7,144,000,000","6,826,000,000","6,192,000,000","5,545,000,000","6,354,000,000","5,169,000,000","6,221,000,000","6,721,000,000","7,008,000,000","7,009,000,000","5,684,000,000","4,781,000,000","5,719,000,000","6,200,000,000","5,815,000,000","4,690,000,000","6,958,000,000","7,624,000,000","7,136,000,000","8,054,000,000","8,362,000,000","8,680,000,000","8,141,000,000","8,482,000,000","9,048,000,000","9,621,000,000","8,272,000,000","9,421,000,000","9,265,000,000","9,404,000,000","8,200,000,000","8,935,000,000","9,558,000,000","9,506,000,000","8,627,000,000","9,272,000,000","9,547,000,000","9,791,000,000","8,628,000,000","9,089,000,000","9,498,000,000","9,563,000,000","8,238,000,000","9,335,000,000","6,082,000,000","5,911,000,000","5,342,000,000","5,730,000,000","5,894,000,000","5,829,000,000","5,306,000,000","5,420,000,000","6,206,000,000","6,367,000,000","5,505,000,000","5,805,000,000","5,861,000,000","5,463,000,000","4,476,000,000","4,720,000,000","4,792,000,000","4,437,000,000","3,876,000,000","4,289,000,000","4,545,000,000","4,338,000,000","3,907,000,000","3,910,000,000","4,565,000,000","4,162,000,000","3,627,000,000","4,101,000,000","4,211,000,000","4,089,000,000","3,422,000,000","3,787,000,000","3,777,000,000","3,716,000,000","2,826,000,000","3,675,000,000","4,086,000,000","3,780,000,000","3,199,000,000","4,064,000,000","4,216,000,000","4,336,000,000","4,151,000,000","4,454,000,000","4,096,000,000","3,989,000,000","3,284,000,000","3,521,000,000","3,510,000,000","3,640,000,000","3,175,000,000","3,528,000,000","3,711,000,000","3,632,000,000","2,996,000,000","3,397,000,000","4,202,000,000","3,871,000,000","3,161,000,000","3,384,000,000","3,889,000,000","3,678,000,000","2,975,000,000","3,151,000,000","3,461,000,000","3,272,000,000","2,580,000,000","2,736,000,000","2,800,000,000","2,940,000,000","2,379,000,000","2,660,800,000","2,736,500,000","2,713,900,000","2,192,500,000","2,391,900,000","2,527,400,000","2,346,300,000","1,987,000,000","2,134,600,000","2,280,300,000","2,159,600,000","1,710,300,000","1,867,100,000","1,844,200,000","1,930,300,000","1,598,200,000",,,,,,,,,,,,,,
NetIncomeFromContinuingAndDiscontinuedOperation,"9,771,000,000","2,414,000,000","2,471,000,000","2,641,000,000","2,245,000,000","1,456,000,000","1,737,000,000","1,779,000,000","2,775,000,000","2,042,000,000","2,593,000,000","2,607,000,000","1,678,000,000","870,000,000","1,880,000,000","2,316,000,000","1,368,000,000","-2,752,000,000","1,447,000,000","1,371,000,000","1,182,000,000","550,000,000","1,046,000,000","3,448,000,000","1,483,000,000","1,237,000,000","1,449,000,000","3,108,000,000","1,557,000,000","770,000,000","2,114,000,000","2,595,000,000","1,619,000,000","1,710,000,000","2,447,000,000","2,676,000,000","1,751,000,000","1,866,000,000","2,311,000,000","2,788,000,000","2,054,000,000","1,654,000,000","2,221,000,000","2,797,000,000","1,900,000,000","5,771,000,000","2,055,000,000","2,369,000,000","1,614,000,000","1,543,000,000","1,896,000,000","2,037,000,000","1,348,000,000","995,000,000","1,890,000,000","1,422,000,000","1,500,000,000","1,214,000,000","1,654,000,000","1,851,000,000","1,262,000,000","678,000,000","1,460,000,000","1,836,000,000","1,106,000,000","864,000,000","1,283,000,000","1,723,000,000","1,002,000,000","1,201,000,000","935,000,000","1,584,000,000","1,127,000,000","927,000,000","1,223,000,000","1,362,000,000","835,000,000","724,000,000","1,161,000,000","1,290,000,000","801,000,000","914,000,000","1,074,000,000","1,118,000,000","873,000,000","242,000,000","1,067,000,000","926,000,000","-58,000,000","-45,000,000","787,000,000","942,000,000","747,000,000","597,000,000","888,000,000","1,191,000,000","857,000,000","817,000,000","1,011,000,000","1,314,000,000","987,000,000","762,000,000","967,000,000","1,050,000,000","713,000,000","648,000,000","802,000,000","898,000,000","638,000,000","567,000,000","708,000,000","758,000,000","521,000,000","466,000,000","590,000,000","678,000,000","454,000,000","379,100,000","540,600,000","581,000,000","383,100,000","358,400,000","456,300,000","482,400,000","320,900,000","294,300,000","394,200,000","409,900,000","283,500,000","247,700,000","361,300,000","345,500,000","259,800,000",,,,,,,,,,,,,,
NormalizedIncome,"10,347,759,000","2,414,000,000","2,471,000,000","2,849,075,000","2,331,496,000","1,456,000,000","1,737,000,000","1,779,000,000","2,775,000,000","2,042,000,000","2,593,000,000","2,607,000,000","1,621,000,000","735,000,000","2,381,000,000","2,274,000,000","1,295,000,000","-2,853,000,000","1,447,000,000","1,371,000,000","1,182,000,000","550,000,000","1,046,000,000","3,448,000,000","1,483,000,000","1,237,000,000","1,449,000,000","3,108,000,000","1,670,113,000","770,000,000","2,114,000,000","2,595,000,000","1,619,000,000","1,710,000,000","2,447,000,000","2,676,000,000","1,751,000,000","1,866,000,000","2,293,630,674.449","2,723,081,424.234","2,016,831,926.606","1,591,915,875.17","2,245,555,593.568","2,529,459,673.168","1,810,863,799.283","864,655,503.926","2,064,186,666.667","2,355,270,893.372","1,699,814,593.85","1,521,262,244.898","1,870,064,674.58","2,021,978,005.865","1,377,950,413.223","1,072,004,347.826","1,896,184,049.08","1,362,000,000","1,508,470,225.873","1,120,500,308.071","1,666,524,372.929","1,886,359,634.551","1,181,710,815.5","565,510,158.014","1,503,975,903.614","1,746,925,972.396","1,115,747,796.61","880,990,531.682","1,309,389,594.676","1,734,662,906.137","997,848,066.298","1,237,317,158.931","960,740,890.688","1,550,051,631.758","1,145,634,259.259","959,164,590.747","1,250,758,344.459","1,396,244,571.429","844,666,073.019","768,565,085.772","1,206,271,698.113","1,330,152,801.358","922,785,403.997","902,681,114.551","992,084,745.763","1,130,601,127.113","862,498,797.113","446,600,000","934,614,295.347","872,178,837.556","8,600,000","12,600,000","739,407,537.248","948,896,046.852","780,829,020.333","632,889,017.341","842,461,538.462","990,188,019.967","876,994,368.463","761,107,263.514","796,036,544.85","937,795,348.837","740,767,295.597","669,510,869.565","637,000,000","904,434,954.008","663,303,969.022","608,769,729.73","645,445,205.479","818,805,214.724","563,303,974.221","555,358,695.652","650,427,879.961","698,428,184.282","499,748,684.211","406,977,908.689","536,425,287.356","635,797,959.184","436,698,170.732","370,457,590.013","500,192,208.122","543,542,685.087","368,489,382.274","290,663,644.672","414,525,090.198","438,564,163.823","301,349,657.973","253,413,566.434","314,962,095.371","361,672,435.146","250,292,352.372","200,069,544.924","251,135,121.4","285,661,385.554","221,112,169.589",,,,,,,,,,,,,,
InterestIncome,"276,000,000","71,000,000","68,000,000","71,000,000","66,000,000","76,000,000","82,000,000","100,000,000","112,000,000","135,000,000","153,000,000","142,000,000","129,000,000","176,000,000","171,000,000","170,000,000","165,000,000","182,000,000","175,000,000","165,000,000","155,000,000","170,000,000","164,000,000","164,000,000","144,000,000","154,000,000","155,000,000","149,000,000","155,000,000","158,000,000","169,000,000","144,000,000","123,000,000","153,000,000","136,000,000","129,000,000","116,000,000","126,000,000","118,000,000","112,000,000","115,000,000","127,000,000","141,000,000","121,000,000","94,000,000","97,000,000","93,000,000","67,000,000","60,000,000","65,000,000","67,000,000","57,000,000","60,000,000",,,,,,,,,,,,,,,,,,,,,,,,,,,,,,,,,,,,,,,,,,,,,,,,,,,,,,,,,,,,,,,,,,,,,,,,,,,,,,,,,,,,,,,,,,,,,,
InterestExpense,"1,597,000,000","165,000,000","210,000,000","780,000,000","442,000,000","310,000,000","660,000,000","274,000,000","193,000,000","235,000,000","230,000,000","236,000,000","232,000,000","242,000,000","206,000,000","241,000,000","230,000,000","210,000,000","208,000,000","231,000,000","192,000,000","248,000,000","182,000,000","162,000,000","141,000,000","143,000,000","138,000,000","128,000,000","447,000,000","139,000,000","113,000,000","107,000,000","124,000,000","149,000,000","90,000,000","122,000,000","102,000,000","95,000,000","102,000,000","112,000,000","88,000,000","104,000,000","116,000,000","84,000,000","113,000,000","487,000,000","80,000,000","81,000,000","85,000,000","84,000,000","89,000,000","97,000,000","85,000,000",,,,,,,,,,,,,,,,,,,,,,,,,,,,,,,,,,,,,,,,,,,,,,,,,,,,,,,,,,,,,,,,,,,,,,,,,,,,,,,,,,,,,,,,,,,,,,
NetInterestIncome,"-1,321,000,000","-94,000,000","-142,000,000","-709,000,000","-376,000,000","-234,000,000","-578,000,000","-174,000,000","-81,000,000","-100,000,000","-77,000,000","-94,000,000","-103,000,000","-66,000,000","-35,000,000","-71,000,000","-65,000,000","-28,000,000","-33,000,000","-66,000,000","-37,000,000","-78,000,000","-18,000,000","2,000,000","3,000,000","11,000,000","17,000,000","21,000,000","-292,000,000","19,000,000","56,000,000","37,000,000","-1,000,000","4,000,000","46,000,000","7,000,000","14,000,000","31,000,000","16,000,000","0","27,000,000","23,000,000","25,000,000","37,000,000","-19,000,000","-390,000,000","13,000,000","-14,000,000","-25,000,000","-19,000,000","-22,000,000","-40,000,000","-25,000,000",,,,,,,,,,,,,,,,,,,,,,,,,,,,,,,,,,,,,,,,,,,,,,,,,,,,,,,,,,,,,,,,,,,,,,,,,,,,,,,,,,,,,,,,,,,,,,
EBIT,"14,022,000,000","3,125,000,000","3,294,000,000","4,398,000,000","3,205,000,000","2,671,000,000","2,841,000,000","2,471,000,000","3,203,000,000","2,655,000,000","3,322,000,000","3,285,000,000","2,364,000,000","1,029,000,000","3,053,000,000","3,124,000,000","2,063,000,000","1,147,000,000","1,882,000,000","2,855,000,000","1,699,000,000","763,000,000","1,610,000,000","4,461,000,000","2,035,000,000","1,681,000,000","1,863,000,000","4,489,000,000","2,428,000,000","1,215,000,000","2,773,000,000","3,491,000,000","2,329,000,000","2,377,000,000","3,470,000,000","3,647,000,000","2,446,000,000","2,472,000,000","3,186,000,000","3,735,000,000","2,813,000,000","2,315,000,000","3,039,000,000","3,878,000,000","2,624,000,000","6,728,000,000","2,780,000,000","3,204,000,000","2,264,000,000","2,044,000,000","2,532,000,000","2,825,000,000","1,900,000,000","1,137,000,000","2,187,000,000","2,679,000,000","1,874,000,000","1,526,000,000","1,829,000,000","2,270,000,000","1,627,000,000","1,212,000,000","1,662,000,000","2,039,000,000","1,350,000,000","1,262,000,000","1,492,000,000","1,972,000,000","1,359,000,000","1,347,000,000","1,097,000,000","1,803,000,000","1,451,000,000","1,092,000,000","1,451,000,000","1,602,000,000","1,076,000,000","1,008,000,000","1,545,000,000","1,652,000,000","1,253,000,000","1,248,000,000","1,311,000,000","1,513,000,000","1,280,000,000","839,000,000","1,327,000,000","1,285,000,000","240,000,000","349,000,000","1,099,000,000","1,390,000,000","1,144,000,000","937,000,000","1,237,000,000","1,511,000,000","1,282,000,000","1,173,000,000","1,243,000,000","1,443,000,000","1,142,000,000","1,046,000,000","454,000,000","1,382,000,000","1,033,000,000","949,000,000","1,006,000,000","1,258,000,000","879,000,000","866,000,000","1,000,000,000","1,070,000,000","772,000,000","637,000,000","829,000,000","959,000,000","677,000,000","583,300,000","771,000,000","836,500,000","579,400,000","487,100,000","644,700,000","693,200,000","494,000,000","421,500,000","512,500,000","579,700,000","438,000,000","381,800,000","458,400,000","498,800,000","387,000,000","-4,712,800,000","2,128,300,000","2,313,600,000","1,869,100,000","-4,306,500,000","2,014,400,000","2,104,400,000","1,547,800,000","-5,368,500,000","2,533,800,000","2,245,000,000","1,734,800,000","-4,921,600,000","2,172,700,000"
EBITDA,"15,474,000,000"
ReconciledCostOfRevenue,"15,357,000,000","4,088,000,000","3,977,000,000","3,787,000,000","3,505,000,000","3,578,000,000","3,471,000,000","3,013,000,000","3,371,000,000","3,566,000,000","3,767,000,000","3,921,000,000","2,990,000,000","2,721,000,000","3,059,000,000","3,252,000,000","2,738,000,000","2,689,000,000","3,395,000,000","3,659,000,000","3,513,000,000","3,794,000,000","4,131,000,000","4,471,000,000","4,069,000,000","4,054,000,000","4,577,000,000","4,748,000,000","4,103,000,000","4,357,000,000","4,630,000,000","4,819,000,000","4,083,000,000","4,315,000,000","4,793,000,000","4,989,000,000","4,324,000,000","4,628,000,000","4,853,000,000","5,224,000,000","4,348,000,000","4,403,000,000","4,875,000,000","4,989,000,000","3,949,000,000","4,279,000,000","2,918,000,000","2,955,000,000","2,541,000,000","2,651,000,000","2,934,000,000","2,913,000,000","2,590,000,000","2,568,000,000","3,020,000,000","3,162,000,000","2,624,000,000","2,641,000,000","2,884,000,000","2,736,000,000","2,145,000,000","2,063,000,000","2,265,000,000","2,110,000,000","1,771,000,000","1,996,000,000","2,235,000,000","2,146,000,000","1,809,000,000","1,803,000,000","2,052,000,000","2,030,000,000","1,753,000,000","1,897,000,000","2,150,000,000","2,113,000,000","1,602,000,000","1,701,000,000","2,083,000,000","1,927,000,000","1,394,000,000","1,428,000,000","1,692,000,000","1,579,000,000","1,345,000,000","1,965,000,000","1,607,000,000","1,451,000,000","1,181,000,000","1,153,000,000","1,497,000,000","1,421,000,000","1,146,000,000","1,125,000,000","1,295,000,000","1,331,000,000","1,166,000,000","1,276,000,000","1,510,000,000","1,446,000,000","1,157,000,000","1,369,000,000","1,689,000,000","1,783,000,000","1,418,000,000","1,553,000,000","1,831,000,000","1,767,000,000","1,335,000,000","1,378,000,000","1,662,000,000","1,565,000,000","1,151,000,000","1,163,000,000","1,253,000,000","1,379,000,000","1,005,000,000","1,190,900,000","1,296,300,000","1,287,100,000","958,100,000","1,175,300,000","1,231,000,000","1,114,300,000","866,400,000","1,002,600,000","1,107,600,000","1,049,800,000","805,100,000","968,500,000","949,700,000","1,002,000,000","788,000,000",,,,,,,,,,,,,,
ReconciledDepreciation,"1,452,000,000","341,000,000","362,000,000","383,000,000","366,000,000","430,000,000","358,000,000","381,000,000","367,000,000","400,000,000","363,000,000","327,000,000","275,000,000","279,000,000","254,000,000","283,000,000","270,000,000","334,000,000","297,000,000","301,000,000","328,000,000","464,000,000","420,000,000","445,000,000","458,000,000","527,000,000","482,000,000","488,000,000","473,000,000","499,000,000","510,000,000","494,000,000","473,000,000","533,000,000","497,000,000","474,000,000","473,000,000","513,000,000","514,000,000","508,000,000","447,000,000","531,000,000","466,000,000","471,000,000","486,000,000","509,000,000","323,000,000","316,000,000","295,000,000","331,000,000","320,000,000","302,000,000","283,000,000","285,000,000","306,000,000","330,000,000","307,000,000","369,000,000","279,000,000","274,000,000","241,000,000","272,000,000","233,000,000","224,000,000","209,000,000","256,000,000","227,000,000","223,000,000","226,000,000","263,000,000","210,000,000","207,000,000","213,000,000","228,000,000","211,000,000","213,000,000","198,000,000","207,000,000","201,000,000","203,000,000","195,000,000","232,000,000","186,000,000","199,000,000","186,000,000","201,000,000","129,000,000","226,000,000","217,000,000","183,000,000","209,000,000","215,000,000","185,000,000","174,000,000","151,000,000","168,000,000","152,000,000","176,000,000","149,000,000","163,000,000","138,000,000","119,000,000","125,000,000","123,000,000","112,000,000","117,000,000","118,000,000","109,000,000","110,000,000","120,000,000","98,000,000","102,000,000","91,000,000","97,000,000","90,000,000","85,000,000","88,000,000","73,000,000","89,000,000","86,500,000","73,400,000","16,000,000","76,200,000","71,500,000","97,700,000","72,700,000","59,700,000","50,100,000","61,400,000","48,700,000","46,200,000","44,400,000","44,500,000",,,,,,,,,,,,,,
NetIncomeFromContinuingOperationNetMinorityInterest,"9,771,000,000","2,414,000,000","2,471,000,000","2,641,000,000","2,245,000,000","1,456,000,000","1,737,000,000","1,779,000,000","2,775,000,000","2,042,000,000","2,593,000,000","2,607,000,000","1,621,000,000","735,000,000","2,381,000,000","2,274,000,000","1,295,000,000","-2,853,000,000","1,447,000,000","1,371,000,000","1,182,000,000","550,000,000","1,046,000,000","3,448,000,000","1,483,000,000","1,237,000,000","1,449,000,000","3,108,000,000","1,557,000,000","770,000,000","2,114,000,000","2,595,000,000","1,619,000,000","1,710,000,000","2,447,000,000","2,676,000,000","1,751,000,000","1,866,000,000","2,311,000,000","2,788,000,000","2,054,000,000","1,654,000,000","2,221,000,000","2,797,000,000","1,900,000,000","5,771,000,000","2,055,000,000","2,369,000,000","1,614,000,000","1,543,000,000","1,896,000,000","2,037,000,000","1,348,000,000","995,000,000","1,890,000,000","1,422,000,000","1,500,000,000","1,214,000,000","1,654,000,000","1,851,000,000","1,262,000,000","678,000,000","1,460,000,000","1,836,000,000","1,106,000,000","864,000,000","1,283,000,000","1,723,000,000","1,002,000,000","1,201,000,000","935,000,000","1,584,000,000","1,127,000,000","927,000,000","1,223,000,000","1,362,000,000","835,000,000","724,000,000","1,161,000,000","1,290,000,000","801,000,000","914,000,000","1,074,000,000","1,118,000,000","873,000,000","242,000,000","1,067,000,000","926,000,000","-58,000,000","-45,000,000","787,000,000","942,000,000","747,000,000","597,000,000","888,000,000","1,191,000,000","857,000,000","817,000,000","1,011,000,000","1,314,000,000","987,000,000","762,000,000","967,000,000","1,050,000,000","713,000,000","648,000,000","802,000,000","898,000,000","638,000,000","567,000,000","708,000,000","758,000,000","521,000,000","466,000,000","590,000,000","678,000,000","454,000,000","379,100,000","540,600,000","581,000,000","383,100,000","358,400,000","456,300,000","482,400,000","320,900,000","294,300,000","394,200,000","409,900,000","283,500,000","226,200,000","361,300,000","345,500,000","259,800,000",,,,,,,,,,,,,,
TotalUnusualItemsExcludingGoodwill,"-731,000,000",,,"-287,000,000","-106,000,000",,,,,,,,,,,,,,,,,,,,,,,,"-143,000,000",,,,,,,,,,"23,000,000","84,000,000","49,000,000","82,000,000","-32,000,000","362,000,000","117,000,000","5,294,000,000","-12,000,000","18,000,000","-115,000,000","27,000,000","33,000,000","20,000,000","-40,000,000","-89,000,000","-8,000,000","80,000,000","-11,000,000","125,000,000","-16,000,000","-46,000,000","110,000,000","147,000,000","-55,000,000","116,000,000","-13,000,000","-27,000,000","-34,000,000","-15,000,000","6,000,000","-43,000,000","-34,000,000","44,000,000","-25,000,000","-39,000,000","-34,000,000","-44,000,000","-13,000,000","-61,000,000","-62,000,000","-55,000,000","-175,000,000","16,000,000","117,000,000","-18,000,000","15,000,000","-341,000,000","184,000,000","78,000,000","-111,000,000","-96,000,000","69,000,000","-10,000,000","-49,000,000","-52,000,000","66,000,000","304,000,000","-29,000,000","81,000,000","320,000,000","554,000,000","357,000,000","134,000,000","550,000,000","211,000,000","72,000,000","56,000,000","228,000,000","115,000,000","109,000,000","17,000,000","84,000,000","87,000,000","31,000,000","86,000,000","79,000,000","61,000,000","25,000,000","12,600,000","58,900,000","54,600,000","21,300,000","103,400,000","60,900,000","63,900,000","28,500,000","59,600,000","115,500,000","70,300,000","48,400,000","39,600,000","162,000,000","88,000,000","56,900,000",,,,,,,,,,,,,,
TotalUnusualItems,"-731,000,000",,,"-287,000,000","-106,000,000",,,,,,,,,,,,,,,,,,,,,,,,"-143,000,000",,,,,,,,,,"23,000,000","84,000,000","49,000,000","82,000,000","-32,000,000","362,000,000","117,000,000","5,294,000,000","-12,000,000","18,000,000","-115,000,000","27,000,000","33,000,000","20,000,000","-40,000,000","-89,000,000","-8,000,000","80,000,000","-11,000,000","125,000,000","-16,000,000","-46,000,000","110,000,000","147,000,000","-55,000,000","116,000,000","-13,000,000","-27,000,000","-34,000,000","-15,000,000","6,000,000","-43,000,000","-34,000,000","44,000,000","-25,000,000","-39,000,000","-34,000,000","-44,000,000","-13,000,000","-61,000,000","-62,000,000","-55,000,000","-175,000,000","16,000,000","117,000,000","-18,000,000","15,000,000","-341,000,000","184,000,000","78,000,000","-111,000,000","-96,000,000","69,000,000","-10,000,000","-49,000,000","-52,000,000","66,000,000","304,000,000","-29,000,000","81,000,000","320,000,000","554,000,000","357,000,000","134,000,000","550,000,000","211,000,000","72,000,000","56,000,000","228,000,000","115,000,000","109,000,000","17,000,000","84,000,000","87,000,000","31,000,000","86,000,000","79,000,000","61,000,000","25,000,000","12,600,000","58,900,000","54,600,000","21,300,000","103,400,000","60,900,000","63,900,000","28,500,000","59,600,000","115,500,000","70,300,000","48,400,000","39,600,000","162,000,000","88,000,000","56,900,000",,,,,,,,,,,,,,
NormalizedEBITDA,"16,205,000,000","3,466,000,000","3,656,000,000","5,068,000,000","3,677,000,000","3,101,000,000","3,199,000,000","2,852,000,000","3,570,000,000","3,055,000,000","3,685,000,000","3,612,000,000","2,639,000,000","1,308,000,000","3,307,000,000","3,407,000,000","2,333,000,000","1,481,000,000","2,179,000,000","3,156,000,000","2,027,000,000","1,227,000,000","2,030,000,000","4,906,000,000","2,493,000,000","2,208,000,000","2,345,000,000","4,977,000,000","3,044,000,000","1,714,000,000","3,283,000,000","3,985,000,000","2,802,000,000","2,910,000,000","3,967,000,000","4,121,000,000","2,919,000,000","2,985,000,000","3,677,000,000","4,159,000,000","3,211,000,000","2,764,000,000","3,537,000,000","3,987,000,000","2,993,000,000","1,943,000,000","3,115,000,000","3,502,000,000","2,674,000,000","2,348,000,000","2,819,000,000","3,107,000,000","2,223,000,000","1,511,000,000","2,501,000,000","2,929,000,000","2,192,000,000","1,770,000,000","2,124,000,000","2,590,000,000","1,758,000,000","1,337,000,000","1,950,000,000","2,147,000,000","1,572,000,000","1,545,000,000","1,753,000,000","2,210,000,000","1,579,000,000","1,653,000,000","1,341,000,000","1,966,000,000","1,689,000,000","1,359,000,000","1,696,000,000","1,859,000,000","1,287,000,000","1,276,000,000","1,808,000,000","1,910,000,000","1,623,000,000","1,464,000,000","1,380,000,000","1,730,000,000","1,451,000,000","1,381,000,000","1,272,000,000","1,433,000,000","568,000,000","628,000,000","1,239,000,000","1,615,000,000","1,378,000,000","1,163,000,000","1,322,000,000","1,375,000,000","1,463,000,000","1,268,000,000","1,072,000,000","1,052,000,000","923,000,000","1,031,000,000","29,000,000","1,294,000,000","1,073,000,000","1,010,000,000","896,000,000","1,252,000,000","880,000,000","969,000,000","1,014,000,000","1,085,000,000","832,000,000","648,000,000","928,000,000","983,000,000","740,000,000","643,700,000","801,100,000","868,400,000","631,500,000","399,700,000","660,000,000","700,900,000","563,200,000","434,600,000","456,700,000","565,200,000","451,000,000","390,900,000","342,600,000","455,300,000","374,600,000","-4,712,800,000","2,128,300,000","2,313,600,000","1,869,100,000","-4,306,500,000","2,014,400,000","2,104,400,000","1,547,800,000","-5,368,500,000","2,533,800,000","2,245,000,000","1,734,800,000","-4,921,600,000","2,172,700,000"
TaxRateForCalcs,"0.211","0.172","0.197","0.275","0.184","0.376","0.202","0.199","0.072","0.147","0.163","0.138","0.228","0.27","0.185","0.206","0.276","0.4","0.137","0.4","0.214","0.4","0.265","0.195","0.212","0.196","0.158","0.287","0.209","0.283","0.202","0.23","0.262","0.233","0.274","0.235","0.246","0.205","0.245","0.227","0.241","0.243","0.233","0.261","0.238","0.073","0.234","0.237","0.254","0.195","0.214","0.249","0.251","0.135","0.227","0.25","0.23","0.252","0.217","0.231","0.27","0.235","0.2","0.232","0.25","0.371","0.224","0.222","0.308","0.155","0.243","0.228","0.255","0.175","0.184","0.222","0.256","0.269","0.27","0.27","0.304","0.293","0.3","0.3","0.3","0.4","0.281","0.31","0.4","0.4","0.31","0.31","0.31","0.31","0.31","0.339","0.311","0.31","0.328","0.321","0.31","0.31","0.4","0.31","0.31","0.299","0.313","0.311","0.315","0.315","0.315","0.315","0.314","0.314","0.322","0.308","0.308","0.314","0.314","0.314","0.314","0.345","0.314","0.314","0.314","0.314","0.314","0.314","0.314","0.34","0.32","0.32","0.32",,,,,,,,,,,,,,
TaxEffectOfUnusualItems,"-154,241,000","0","0","-78,925,000","-19,504,000","0","0","0","0","0","0","0","0","0","0","0","0","0","0","0","0","0","0","0","0","0","0","0","-29,887,000","0","0","0","0","0","0","0","0","0","5,630,674.449","19,081,424.234","11,831,926.606","19,915,875.17","-7,444,406.432","94,459,673.168","27,863,799.283","387,655,503.926","-2,813,333.333","4,270,893.372","-29,185,406.15","5,262,244.898","7,064,674.58","4,978,005.865","-10,049,586.777","-11,995,652.174","-1,815,950.92","20,000,000","-2,529,774.127","31,500,308.071","-3,475,627.071","-10,640,365.449","29,710,815.5","34,510,158.014","-11,024,096.386","26,925,972.396","-3,252,203.39","-10,009,468.318","-7,610,405.324","-3,337,093.863","1,848,066.298","-6,682,841.069","-8,259,109.312","10,051,631.758","-6,365,740.741","-6,835,409.253","-6,241,655.541","-9,755,428.571","-3,333,926.981","-16,434,914.228","-16,728,301.887","-14,847,198.642","-53,214,596.003","4,681,114.551","35,084,745.763","-5,398,872.887","4,498,797.113","-136,400,000","51,614,295.347","24,178,837.556","-44,400,000","-38,400,000","21,407,537.248","-3,103,953.148","-15,170,979.667","-16,110,982.659","20,461,538.462","103,188,019.967","-9,005,631.537","25,107,263.514","105,036,544.85","177,795,348.837","110,767,295.597","41,510,869.565","220,000,000","65,434,954.008","22,303,969.022","16,769,729.73","71,445,205.479","35,805,214.724","34,303,974.221","5,358,695.652","26,427,879.961","27,428,184.282","9,748,684.211","26,977,908.689","25,425,287.356","18,797,959.184","7,698,170.732","3,957,590.013","18,492,208.122","17,142,685.087","6,689,382.274","35,663,644.672","19,125,090.198","20,064,163.823","8,949,657.973","18,713,566.434","36,262,095.371","22,072,435.146","15,192,352.372","13,469,544.924","51,835,121.4","28,161,385.554","18,212,169.589",,,,,,,,,,,,,,