name,ttm,01/31/2022,10/31/2021,07/31/2021,05/31/2021,04/30/2021,01/31/2021,10/31/2020,07/31/2020,04/30/2020,01/31/2020,10/31/2019,07/31/2019,04/30/2019,01/31/2019,10/31/2018,07/31/2018,04/30/2018,01/31/2018,10/31/2017,07/31/2017,04/30/2017,01/31/2017,10/31/2016,07/31/2016,04/30/2016,01/31/2016,10/31/2015,07/31/2015,04/30/2015,01/31/2015,10/31/2014,07/31/2014,04/30/2014,01/31/2014,10/31/2013,07/31/2013,04/30/2013,01/31/2013,10/31/2012,07/31/2012,04/30/2012,01/31/2012,10/31/2011,07/31/2011,04/30/2011,01/31/2011,10/31/2010,07/31/2010,04/30/2010,01/31/2010,10/31/2009,07/31/2009,04/30/2009,01/31/2009,10/31/2008,07/31/2008,04/30/2008,01/31/2008,10/31/2007,07/31/2007,04/30/2007,01/31/2007,10/31/2006,07/31/2006,04/30/2006,01/31/2006,10/31/2005,07/31/2005,04/30/2005,01/31/2005,10/31/2004,07/31/2004,04/30/2004,01/31/2004,10/31/2003,07/31/2003,04/30/2003,01/31/2003,10/31/2002,07/31/2002,04/30/2002,01/31/2002,10/31/2001,07/31/2001,04/30/2001,01/31/2001,10/31/2000,07/31/2000,04/30/2000,01/31/2000,10/31/1999,07/31/1999,04/30/1999,12/31/1998,09/30/1998,06/30/1998,03/31/1998,12/31/1997,09/30/1997,06/30/1997,03/31/1997,12/31/1996,09/30/1996,06/30/1996,03/31/1996,12/31/1995,09/30/1995,06/30/1995,03/31/1995,12/31/1994,09/30/1994,06/30/1994,03/31/1994,12/31/1993,09/30/1993,06/30/1993,03/31/1993,12/31/1992,09/30/1992,06/30/1992,03/31/1992,12/31/1991,09/30/1991,06/30/1991,03/31/1991,12/31/1990,09/30/1990,06/30/1990,03/31/1990,12/31/1989,09/30/1989,06/30/1989,03/31/1989,12/31/1988,09/30/1988,06/30/1988,03/31/1988,12/31/1987,09/30/1987,06/30/1987,03/31/1987,12/31/1986,09/30/1986,06/30/1986,03/31/1986,12/31/1985,09/30/1985
TotalRevenue,"137,888,000,000","33,048,000,000","31,860,000,000","31,682,000,000","41,298,000,000","41,298,000,000","30,737,000,000","29,723,000,000","30,489,000,000","41,549,000,000","28,893,000,000","27,974,000,000","28,168,000,000","37,251,000,000","28,091,000,000","27,672,000,000","27,869,000,000","37,530,000,000","31,031,000,000","27,749,000,000","27,597,000,000","36,285,000,000","27,611,000,000","26,557,000,000","26,565,000,000","34,604,000,000","26,165,000,000","25,075,000,000","25,539,000,000","33,051,000,000","25,207,000,000","24,987,000,000","25,310,000,000","32,961,000,000","23,105,000,000","22,505,000,000","22,722,000,000","30,043,000,000","24,153,000,000","21,807,000,000","21,726,000,000","29,065,000,000","21,405,000,000","20,594,000,000","20,913,000,000","27,461,000,000","19,931,000,000","18,698,000,000","18,796,000,000","24,764,000,000","18,530,000,000","17,669,000,000","17,735,000,000","22,799,000,000","17,260,000,000","17,580,000,000","18,053,000,000","23,107,000,000","17,235,000,000","16,135,000,000","16,139,000,000","20,726,000,000","16,859,000,000","14,699,000,000","15,138,000,000","19,415,000,000","14,720,000,000","14,020,000,000","13,865,000,000","17,948,000,000","13,695,000,000","12,854,000,000","12,980,000,000","16,905,000,000","13,034,000,000","12,141,000,000","12,351,000,000","16,266,000,000","12,470,000,000","11,696,000,000","11,927,000,000","15,667,000,000","12,129,000,000","11,382,000,000","11,485,000,000","15,102,000,000","12,692,000,000","10,962,000,000","11,017,000,000","14,329,000,000","11,241,000,000","10,329,000,000","10,289,000,000","8,789,000,000","7,349,000,000","8,023,900,000","6,441,600,000","6,388,800,000","6,509,500,000","7,686,600,000","6,231,800,000","6,139,400,000","6,199,100,000","7,343,100,000","5,844,400,000","5,784,300,000","5,860,700,000","6,959,200,000","5,652,900,000","5,465,000,000","5,585,800,000","6,650,300,000","5,394,200,000","5,328,800,000","5,402,400,000","6,478,600,000","5,329,400,000","5,174,000,000","5,700,800,000","6,333,100,000","5,072,200,000","5,038,500,000","5,128,600,000","6,228,400,000","5,086,400,000","4,907,100,000","4,985,500,000","5,974,300,000","4,742,400,000","4,558,800,000","4,653,100,000","5,533,900,000","4,425,900,000","4,490,800,000","4,647,900,000","5,584,500,000","4,504,700,000","4,315,900,000","4,408,300,000","5,152,900,000","4,142,600,000","3,955,900,000","4,376,200,000","4,928,400,000","4,280,800,000","4,173,100,000","4,247,800,000","5,061,000,000"
	OperatingRevenue,"137,888,000,000","33,048,000,000","31,860,000,000","31,682,000,000","41,298,000,000","41,298,000,000","30,737,000,000","29,723,000,000","30,489,000,000","41,549,000,000","28,893,000,000","27,974,000,000","28,168,000,000","37,251,000,000","28,091,000,000","27,672,000,000","27,869,000,000","37,530,000,000","31,031,000,000","27,749,000,000","27,597,000,000","36,285,000,000","27,611,000,000","26,557,000,000","26,565,000,000","34,604,000,000","26,165,000,000","25,075,000,000","25,539,000,000","33,051,000,000","25,207,000,000","24,987,000,000","25,310,000,000","32,961,000,000","23,105,000,000","22,505,000,000","22,722,000,000","30,043,000,000","24,153,000,000","21,807,000,000","21,726,000,000","29,065,000,000","21,405,000,000","20,594,000,000","20,913,000,000","27,461,000,000","19,931,000,000","18,698,000,000","18,796,000,000","24,764,000,000","18,530,000,000","17,669,000,000","17,735,000,000","22,799,000,000","17,260,000,000","17,580,000,000","18,053,000,000","23,107,000,000","17,235,000,000","16,135,000,000","16,139,000,000","20,726,000,000","16,859,000,000","14,699,000,000","15,138,000,000","19,415,000,000","14,720,000,000","14,020,000,000","13,865,000,000","17,948,000,000","13,695,000,000","12,854,000,000","12,980,000,000","16,905,000,000","13,034,000,000","12,141,000,000","12,351,000,000","16,266,000,000","12,470,000,000","11,696,000,000","11,927,000,000","15,667,000,000","12,129,000,000","11,382,000,000","11,485,000,000","15,102,000,000","12,692,000,000","10,962,000,000","11,017,000,000","14,329,000,000","11,241,000,000","10,329,000,000","10,289,000,000","8,789,000,000","7,349,000,000","8,023,900,000","6,441,600,000","6,388,800,000","6,509,500,000","7,686,600,000","6,231,800,000","6,139,400,000","6,199,100,000","7,343,100,000","5,844,400,000","5,784,300,000","5,860,700,000","6,959,200,000","5,652,900,000","5,465,000,000","5,585,800,000","6,650,300,000","5,394,200,000","5,328,800,000","5,402,400,000","6,478,600,000","5,329,400,000","5,174,000,000","5,700,800,000","6,333,100,000","5,072,200,000","5,038,500,000","5,128,600,000","6,228,400,000","5,086,400,000","4,907,100,000","4,985,500,000","5,974,300,000","4,742,400,000","4,558,800,000","4,653,100,000","5,533,900,000","4,425,900,000","4,490,800,000","4,647,900,000","5,584,500,000","4,504,700,000","4,315,900,000","4,408,300,000","5,152,900,000","4,142,600,000","3,955,900,000","4,376,200,000","4,928,400,000","4,280,800,000","4,173,100,000","4,247,800,000","5,061,000,000"
CostOfRevenue,"107,539,000,000","25,719,000,000","24,959,000,000","24,914,000,000","31,947,000,000","31,947,000,000","23,691,000,000","22,901,000,000","23,551,000,000","31,454,000,000","22,507,000,000","21,798,000,000","22,007,000,000","28,983,000,000","21,903,000,000","21,699,000,000","21,930,000,000","29,362,000,000","24,240,000,000","21,532,000,000","21,609,000,000","28,281,000,000","21,483,000,000","20,653,000,000","20,697,000,000","26,669,000,000","20,193,000,000","19,478,000,000","20,065,000,000","25,760,000,000","19,547,000,000","19,764,000,000","20,136,000,000","26,065,000,000","18,306,000,000","17,889,000,000","18,087,000,000","23,856,000,000","19,101,000,000","17,383,000,000","17,278,000,000","23,095,000,000","16,955,000,000","16,358,000,000","16,555,000,000","21,624,000,000","15,611,000,000","14,571,000,000","14,577,000,000","19,168,000,000","14,375,000,000","13,666,000,000","13,650,000,000","17,267,000,000","13,088,000,000","13,552,000,000","14,072,000,000","17,852,000,000","13,228,000,000","12,402,000,000","12,315,000,000","15,834,000,000","12,728,000,000","11,131,000,000","11,598,000,000","14,659,000,000","11,062,000,000","10,596,000,000","10,464,000,000","13,437,000,000","10,274,000,000","9,632,000,000","9,716,000,000","12,518,000,000","9,589,000,000","9,016,000,000","9,102,000,000","11,930,000,000","9,148,000,000","8,485,000,000","8,738,000,000","11,438,000,000","8,769,000,000","8,265,000,000","8,331,000,000","11,035,000,000","9,201,000,000","8,050,000,000","8,053,000,000","10,502,000,000","8,173,000,000","7,762,000,000","7,446,000,000","6,644,000,000","5,556,500,000","6,087,100,000","4,908,800,000","4,863,700,000","4,894,900,000","5,787,000,000","4,677,400,000","4,623,200,000","4,676,500,000","5,578,300,000","4,409,200,000","4,364,500,000","4,413,400,000","5,280,900,000","4,264,400,000","4,126,100,000","4,202,500,000","5,053,000,000","4,081,200,000","4,049,000,000","4,022,300,000","4,968,600,000","4,048,800,000","3,939,700,000","4,364,600,000","4,905,100,000","3,925,300,000","3,883,800,000","3,955,800,000","4,812,900,000","3,922,800,000","3,789,100,000","3,826,100,000","4,637,300,000","3,654,800,000","3,551,500,000","3,692,800,000","4,288,100,000","3,399,900,000",,,,,,,,,,,,,,,
GrossProfit,"30,349,000,000","7,329,000,000","6,901,000,000","6,768,000,000","9,351,000,000","9,351,000,000","7,046,000,000","6,822,000,000","6,938,000,000","10,095,000,000","6,386,000,000","6,176,000,000","6,161,000,000","8,268,000,000","6,188,000,000","5,973,000,000","5,939,000,000","8,168,000,000","6,791,000,000","6,217,000,000","5,988,000,000","8,004,000,000","6,128,000,000","5,904,000,000","5,868,000,000","7,935,000,000","5,972,000,000","5,597,000,000","5,474,000,000","7,291,000,000","5,660,000,000","5,223,000,000","5,174,000,000","6,896,000,000","4,799,000,000","4,616,000,000","4,635,000,000","6,187,000,000","5,052,000,000","4,424,000,000","4,448,000,000","5,970,000,000","4,450,000,000","4,236,000,000","4,358,000,000","5,837,000,000","4,320,000,000","4,127,000,000","4,219,000,000","5,596,000,000","4,155,000,000","4,003,000,000","4,085,000,000","5,532,000,000","4,172,000,000","4,028,000,000","3,981,000,000","5,255,000,000","4,007,000,000","3,733,000,000","3,824,000,000","4,892,000,000","4,131,000,000","3,568,000,000","3,540,000,000","4,756,000,000","3,658,000,000","3,424,000,000","3,401,000,000","4,511,000,000","3,421,000,000","3,222,000,000","3,264,000,000","4,387,000,000","3,445,000,000","3,125,000,000","3,249,000,000","4,336,000,000","3,322,000,000","3,211,000,000","3,189,000,000","4,229,000,000","3,360,000,000","3,117,000,000","3,154,000,000","4,067,000,000","3,491,000,000","2,912,000,000","2,964,000,000","3,827,000,000","3,068,000,000","2,567,000,000","2,843,000,000","2,145,000,000","1,792,500,000","1,936,800,000","1,532,800,000","1,525,100,000","1,614,600,000","1,899,600,000","1,554,400,000","1,516,200,000","1,522,600,000","1,764,800,000","1,435,200,000","1,419,800,000","1,447,300,000","1,678,300,000","1,388,500,000","1,338,900,000","1,383,300,000","1,597,300,000","1,313,000,000","1,279,800,000","1,380,100,000","1,510,000,000","1,280,600,000","1,234,300,000","1,336,200,000","1,428,000,000","1,146,900,000","1,154,700,000","1,172,800,000","1,415,500,000","1,163,600,000","1,118,000,000","1,159,400,000","1,337,000,000","1,087,600,000","1,007,300,000","960,300,000","1,245,800,000","1,026,000,000",,,,,,,,,,,,,,,
OperatingExpense,"26,872,000,000","6,364,000,000","6,033,000,000","5,929,000,000","8,546,000,000","8,546,000,000","7,204,000,000","6,030,000,000","6,118,000,000","8,769,000,000","5,849,000,000","5,922,000,000","5,602,000,000","7,367,000,000","5,799,000,000","5,326,000,000","5,390,000,000","7,139,000,000","6,747,000,000","5,477,000,000","5,310,000,000","7,382,000,000","5,270,000,000","5,191,000,000","5,203,000,000","6,735,000,000","5,044,000,000","4,825,000,000","4,700,000,000","6,189,000,000","4,748,000,000","4,572,000,000","4,530,000,000","5,966,000,000","4,081,000,000","4,082,000,000","4,040,000,000","5,308,000,000","4,232,000,000","3,828,000,000","3,913,000,000","5,156,000,000","4,875,000,000","3,831,000,000","3,870,000,000","5,026,000,000","3,743,000,000","3,721,000,000","3,725,000,000","4,873,000,000","3,649,000,000","3,648,000,000","3,586,000,000","4,688,000,000","3,513,000,000","3,549,000,000","3,433,000,000","4,490,000,000","3,378,000,000","3,288,000,000","3,287,000,000","4,202,000,000","3,437,000,000","3,119,000,000","3,092,000,000","4,112,000,000","3,090,000,000","3,009,000,000","2,967,000,000","3,893,000,000","3,881,000,000","2,886,000,000","2,883,000,000","3,798,000,000","3,590,000,000","2,801,000,000","2,807,000,000","3,583,000,000","2,663,000,000","2,669,000,000","2,614,000,000","3,415,000,000","2,611,000,000","2,653,000,000","2,581,000,000","3,361,000,000","2,710,000,000","2,415,000,000","2,432,000,000","3,245,000,000","2,396,000,000","2,110,000,000","2,389,000,000","1,788,000,000","1,453,000,000","1,659,300,000","1,317,600,000","1,287,800,000","1,323,600,000","1,656,100,000","1,310,300,000","1,296,400,000","1,257,800,000","1,555,300,000","1,237,200,000","1,224,700,000","1,213,400,000","1,482,800,000","1,176,800,000","1,157,800,000","1,163,800,000","1,424,500,000","1,123,800,000","1,112,600,000","1,146,600,000","1,340,400,000","1,110,900,000","1,087,600,000","1,111,800,000","1,274,700,000","1,024,400,000","1,006,700,000","982,100,000","1,226,600,000","989,400,000","972,100,000","950,300,000","1,163,800,000","916,400,000","887,300,000","791,000,000","1,085,400,000","872,000,000",,,,,,,,,,,,,,,
	SellingGeneralAndAdministration,"24,048,000,000","5,708,000,000","5,374,000,000","5,282,000,000","7,685,000,000","7,685,000,000","6,530,000,000","5,399,000,000","5,501,000,000","7,944,000,000","5,194,000,000","5,298,000,000","5,011,000,000","6,588,000,000","5,218,000,000","4,756,000,000","4,816,000,000","6,398,000,000","6,182,000,000","4,904,000,000","4,748,000,000","6,646,000,000","4,698,000,000","4,642,000,000","4,678,000,000","6,041,000,000","4,536,000,000","4,341,000,000","4,223,000,000","5,569,000,000","4,281,000,000","4,116,000,000","4,086,000,000","5,385,000,000","3,679,000,000","3,687,000,000","3,653,000,000","4,789,000,000","3,845,000,000","3,446,000,000","3,530,000,000","4,655,000,000","4,483,000,000","3,459,000,000","3,496,000,000","4,527,000,000","3,357,000,000","3,353,000,000","3,357,000,000","4,395,000,000","3,281,000,000","3,292,000,000","3,238,000,000","4,235,000,000","3,165,000,000","3,214,000,000","3,106,000,000","4,058,000,000","3,052,000,000","2,973,000,000","2,976,000,000","3,798,000,000","3,138,000,000","2,824,000,000","2,802,000,000","3,724,000,000","2,794,000,000","2,722,000,000","2,673,000,000","3,504,000,000","2,675,000,000","2,598,000,000","2,593,000,000","3,426,000,000","2,721,000,000","2,521,000,000","2,538,000,000","3,228,000,000","2,396,000,000","2,420,000,000","2,367,000,000","3,092,000,000","2,355,000,000","2,399,000,000","2,335,000,000","3,042,000,000","2,477,000,000","2,181,000,000","2,198,000,000","2,938,000,000","2,158,000,000","1,889,000,000","2,024,000,000","1,651,000,000","1,331,100,000","1,531,000,000","1,216,500,000","1,192,000,000","1,226,200,000","1,541,200,000","1,217,100,000","1,207,800,000","1,168,400,000","1,450,400,000","1,153,800,000","1,145,600,000","1,130,400,000","1,390,300,000","1,100,000,000","1,085,600,000","1,080,000,000","1,341,900,000","1,059,400,000","1,046,400,000","1,004,400,000","1,262,400,000","1,025,300,000","999,900,000","1,050,900,000","1,200,500,000","965,300,000","949,100,000","922,500,000","1,156,500,000","932,400,000","916,800,000","891,200,000","1,093,800,000","859,300,000","828,800,000","814,600,000","997,100,000","790,500,000",,,,,,,,,,,,,,,
		GeneralAndAdministrativeExpense,"24,048,000,000","5,708,000,000","5,374,000,000","5,282,000,000","7,685,000,000","7,685,000,000","6,530,000,000","5,399,000,000","5,501,000,000","7,944,000,000","5,194,000,000","5,298,000,000","5,011,000,000","6,588,000,000","5,218,000,000","4,756,000,000","4,816,000,000","6,398,000,000","6,182,000,000","4,904,000,000","4,748,000,000","6,646,000,000","4,698,000,000","4,642,000,000","4,678,000,000","6,041,000,000","4,536,000,000","4,341,000,000","4,223,000,000","5,569,000,000","4,281,000,000","4,116,000,000","4,086,000,000","5,385,000,000","3,679,000,000","3,687,000,000","3,653,000,000","4,789,000,000","3,845,000,000","3,446,000,000","3,530,000,000","4,655,000,000","4,483,000,000","3,459,000,000","3,496,000,000","4,527,000,000","3,357,000,000","3,353,000,000","3,357,000,000","4,395,000,000","3,281,000,000","3,292,000,000","3,238,000,000","4,235,000,000",,,,,,,,,,,,,,,,,,,,,,,,,,,,,,,,,,,,,,,,,,,,,,,,,,,,,,,,,,,,,,,,,,,,,,,,,,,,,,,,,,,,,,,,,,,,,,
			SalariesAndWages,"-30,000,000",,,,,,,"-9,000,000","-8,000,000","-11,000,000","-2,000,000","1,000,000","4,000,000","-3,000,000","7,000,000","6,000,000","4,000,000","10,000,000",,,,,,,,,,,,,,,,,,,,,,,,,,,,,,,,,,,,,,,,,,,,,,,,,,,,,,,,,,,,,,,,,,,,,,,,,,,,,,,,,,,,,,,,,,,,,,,,,,,,,,,,,,,,,,,,,,,,,,,,,,,,,,,,,,
			RentAndLandingFees,"845,000,000","197,000,000","197,000,000","191,000,000","261,000,000","261,000,000","192,000,000","205,000,000","204,000,000","273,000,000","209,000,000","201,000,000","200,000,000","274,000,000","204,000,000","200,000,000","204,000,000","276,000,000","220,000,000","196,000,000","225,000,000","270,000,000","215,000,000","199,000,000","205,000,000","262,000,000","181,000,000","172,000,000","155,000,000","215,000,000","162,000,000","162,000,000","166,000,000","217,000,000","147,000,000","138,000,000","139,000,000","189,000,000","157,000,000","141,000,000","139,000,000","191,000,000","126,000,000","146,000,000","148,000,000","200,000,000","148,000,000","154,000,000","149,000,000","200,000,000","146,000,000","152,000,000","150,000,000","200,000,000",,,,,,,,,,,,,,,,,,,,,,,,,,,,,,,,,,,,,,,,,,,,,,,,,,,,,,,,,,,,,,,,,,,,,,,,,,,,,,,,,,,,,,,,,,,,,,
			OtherGandA,"23,203,000,000","5,511,000,000","5,177,000,000","5,091,000,000","7,424,000,000","7,424,000,000","6,338,000,000","5,194,000,000","5,297,000,000","7,671,000,000","4,985,000,000","5,097,000,000","4,811,000,000","6,314,000,000","5,014,000,000","4,556,000,000","4,612,000,000","6,122,000,000","5,962,000,000","4,708,000,000","4,523,000,000","6,376,000,000","4,483,000,000","4,443,000,000","4,473,000,000","5,779,000,000","4,355,000,000","4,169,000,000","4,068,000,000","5,354,000,000","4,119,000,000","3,954,000,000","3,920,000,000","5,168,000,000","3,532,000,000","3,549,000,000","3,514,000,000","4,600,000,000","3,688,000,000","3,305,000,000","3,391,000,000","4,464,000,000","4,357,000,000","3,313,000,000","3,348,000,000","4,327,000,000","3,209,000,000","3,199,000,000","3,208,000,000","4,195,000,000","3,135,000,000","3,140,000,000","3,088,000,000","4,035,000,000",,,,,,,,,,,,,,,,,,,,,,,,,,,,,,,,,,,,,,,,,,,,,,,,,,,,,,,,,,,,,,,,,,,,,,,,,,,,,,,,,,,,,,,,,,,,,,
	DepreciationAmortizationDepletionIncomeStatement,"2,824,000,000","656,000,000","659,000,000","647,000,000","861,000,000","861,000,000","674,000,000","631,000,000","617,000,000","825,000,000","655,000,000","624,000,000","591,000,000","779,000,000","581,000,000","570,000,000","574,000,000","741,000,000","565,000,000","573,000,000","562,000,000","736,000,000","572,000,000","549,000,000","525,000,000","694,000,000","508,000,000","484,000,000","477,000,000","620,000,000","467,000,000","456,000,000","444,000,000","581,000,000","402,000,000","395,000,000","387,000,000","519,000,000","387,000,000","382,000,000","383,000,000","501,000,000","392,000,000","372,000,000","374,000,000","499,000,000","386,000,000","368,000,000","368,000,000","478,000,000","368,000,000","356,000,000","348,000,000","453,000,000","348,000,000","335,000,000","327,000,000","432,000,000","326,000,000","315,000,000","311,000,000","404,000,000","299,000,000","295,000,000","290,000,000","388,000,000","296,000,000","287,000,000","294,000,000","389,000,000","307,000,000","288,000,000","290,000,000","372,000,000","305,000,000","280,000,000","269,000,000","355,000,000","267,000,000","249,000,000","247,000,000","323,000,000","256,000,000","254,000,000","246,000,000","319,000,000","233,000,000","234,000,000","234,000,000","307,000,000","238,000,000","221,000,000","365,000,000","137,000,000","121,900,000","128,300,000","101,100,000","95,800,000","97,400,000","114,900,000","93,200,000","88,600,000","89,400,000","104,900,000","83,400,000","79,100,000","83,000,000","92,500,000","76,800,000","72,200,000","83,800,000","82,600,000","64,400,000","66,200,000","142,200,000","78,000,000","85,600,000","87,700,000","60,900,000","74,200,000","59,100,000","57,600,000","59,600,000","70,100,000","57,000,000","55,300,000","59,100,000","70,000,000","57,100,000","58,500,000","-23,600,000","88,300,000","81,500,000",,,,,,,,,,,,,,,
		DepreciationAndAmortizationInIncomeStatement,"2,824,000,000","656,000,000","659,000,000","647,000,000","861,000,000","861,000,000","674,000,000","631,000,000","617,000,000","825,000,000","655,000,000","624,000,000","591,000,000","779,000,000","581,000,000","570,000,000","574,000,000","741,000,000","565,000,000","573,000,000","562,000,000","736,000,000","572,000,000","549,000,000","525,000,000","694,000,000","508,000,000","484,000,000","477,000,000","620,000,000","467,000,000","456,000,000","444,000,000","581,000,000","402,000,000","395,000,000","387,000,000","519,000,000","387,000,000","382,000,000","383,000,000","501,000,000","392,000,000","372,000,000","374,000,000","499,000,000","386,000,000","368,000,000","368,000,000","478,000,000","368,000,000","356,000,000","348,000,000","453,000,000","348,000,000","335,000,000","327,000,000","432,000,000","326,000,000","315,000,000","311,000,000","404,000,000","299,000,000","295,000,000","290,000,000","388,000,000","296,000,000","287,000,000","294,000,000","389,000,000","307,000,000","288,000,000","290,000,000","372,000,000","305,000,000","280,000,000","269,000,000","355,000,000","267,000,000","249,000,000","247,000,000","323,000,000","256,000,000","254,000,000","246,000,000","319,000,000","233,000,000","234,000,000","234,000,000","307,000,000","238,000,000","221,000,000","365,000,000","137,000,000","121,900,000","128,300,000","101,100,000","95,800,000","97,400,000","114,900,000","93,200,000","88,600,000","89,400,000","104,900,000","83,400,000","79,100,000","83,000,000","92,500,000","76,800,000","72,200,000","83,800,000","82,600,000","64,400,000","66,200,000","142,200,000","78,000,000","85,600,000","87,700,000","60,900,000","74,200,000","59,100,000","57,600,000","59,600,000","70,100,000","57,000,000","55,300,000","59,100,000","70,000,000","57,100,000","58,500,000","-23,600,000","88,300,000","81,500,000",,,,,,,,,,,,,,,
			DepreciationIncomeStatement,,,,,,,,,,,,,,,,,,,,,,,,,,,,,,,,,"444,000,000","581,000,000","402,000,000","395,000,000","387,000,000",,,,,,,,,,,,,,,,,,,,,,,,,,,,,,,,,,,,,,,,,,,,,,,,,,,,,,,,,,,,,,,,,,,,,,,,,,,,,,,,,,,,,,,,,,,,,,,,,,,,,,,,,,,,,,,
	OtherOperatingExpenses,,,,,,,,,,,,,,,,,,,,,,,,,,,,,,,,,,,,,,,,,,,,,,,,,,,,,,,,,,,,,,,,,,,,,,,"899,000,000",,,,,,,,,,,,"0",,,,,,,,,,,,,,,,,,,,,,,,,,,,,,,,,,,,,,,,,,,,,,,,,,,,,,,,,,,,,,,,,
OperatingIncome,"3,477,000,000","965,000,000","868,000,000","839,000,000","805,000,000","805,000,000","-158,000,000","792,000,000","820,000,000","1,326,000,000","537,000,000","254,000,000","559,000,000","901,000,000","389,000,000","647,000,000","549,000,000","1,029,000,000","44,000,000","740,000,000","678,000,000","622,000,000","858,000,000","713,000,000","665,000,000","1,200,000,000","928,000,000","772,000,000","774,000,000","1,102,000,000","912,000,000","651,000,000","644,000,000","930,000,000","718,000,000","534,000,000","595,000,000","879,000,000","820,000,000","596,000,000","535,000,000","814,000,000","-425,000,000","405,000,000","488,000,000","811,000,000","577,000,000","406,000,000","494,000,000","723,000,000","506,000,000","355,000,000","499,000,000","844,000,000","659,000,000","479,000,000","548,000,000","765,000,000","629,000,000","445,000,000","537,000,000","690,000,000","694,000,000","449,000,000","448,000,000","644,000,000","568,000,000","415,000,000","434,000,000","618,000,000","-460,000,000","336,000,000","381,000,000","589,000,000","-145,000,000","324,000,000","442,000,000","753,000,000","659,000,000","542,000,000","575,000,000","814,000,000","749,000,000","464,000,000","573,000,000","706,000,000","781,000,000","497,000,000","532,000,000","582,000,000","672,000,000","457,000,000","454,000,000","357,000,000","339,500,000","277,500,000","215,200,000","237,300,000","291,000,000","243,500,000","244,100,000","219,800,000","264,800,000","209,500,000","198,000,000","195,100,000","233,900,000","195,500,000","211,700,000","181,100,000","219,500,000","172,800,000","189,200,000","167,200,000","233,500,000","169,600,000","169,700,000","146,700,000","224,400,000","153,300,000","122,500,000","148,000,000","190,700,000","188,900,000","174,200,000","145,900,000","209,100,000","173,200,000","171,200,000","120,000,000","169,300,000","160,400,000","154,000,000","4,490,800,000","-13,960,700,000","5,584,500,000","4,504,700,000","4,315,900,000","-12,840,000,000","5,152,900,000","4,142,600,000","3,955,900,000","-12,395,700,000","4,928,400,000","4,280,800,000","4,173,100,000","-12,467,800,000","5,061,000,000"
NetNonOperatingInterestIncomeExpense,"-571,000,000","-133,000,000","-135,000,000","-137,000,000","-165,000,000","-165,000,000","-106,000,000","-129,000,000","-135,000,000","-174,000,000","-140,000,000","-137,000,000","-130,000,000","-197,000,000","-141,000,000","-142,000,000","-144,000,000","-192,000,000","-148,000,000","-136,000,000","-138,000,000","-177,000,000","-126,000,000","-124,000,000","-116,000,000","-155,000,000","-113,000,000","-107,000,000","-114,000,000","-148,000,000","-115,000,000","-114,000,000","-112,000,000","-147,000,000","-107,000,000","-108,000,000","-99,000,000","-129,000,000","-112,000,000","-103,000,000","-106,000,000","-141,000,000","-101,000,000","-99,000,000","-97,000,000","-138,000,000","-111,000,000","-103,000,000","-102,000,000","-132,000,000","-119,000,000","-105,000,000","-115,000,000","-163,000,000",,,,,,,,,,,,,,,,,,,,,,,,,,,,,,,,,,,,,,,,,,,,,,,,,,,,,,,,,,,,,,,,,,,,,,,,,,,,,,,,,,,,,,,,,,,,,,
	InterestExpenseNonOperating,"571,000,000","133,000,000","135,000,000","137,000,000","165,000,000","165,000,000","106,000,000","129,000,000","135,000,000","174,000,000","140,000,000","137,000,000","130,000,000","197,000,000","141,000,000","142,000,000","144,000,000","192,000,000","148,000,000","136,000,000","138,000,000","177,000,000","126,000,000","124,000,000","116,000,000","155,000,000","113,000,000","107,000,000","114,000,000","148,000,000","115,000,000","114,000,000","112,000,000","147,000,000","107,000,000","108,000,000","99,000,000","129,000,000","112,000,000","103,000,000","106,000,000","141,000,000","101,000,000","99,000,000","97,000,000","138,000,000","111,000,000","103,000,000","102,000,000","132,000,000","119,000,000","105,000,000","115,000,000","163,000,000",,,,,,,,,,,,,,,,,,,,,,,,,,,,,,,,,,,,,,,,,,,,,,,,,,,,,,,,,,,,,,,,,,,,,,,,,,,,,,,,,,,,,,,,,,,,,,
OtherIncomeExpense,"-855,000,000","-117,000,000","-171,000,000","-107,000,000","-461,000,000","-461,000,000","154,000,000","171,000,000","376,000,000","433,000,000","-7,000,000","105,000,000","-49,000,000","285,000,000","69,000,000","-106,000,000","223,000,000","1,797,000,000",,,,,,,,,,,,,,,,,,,,,,,,,,,,,,,,,"0","-1,113,000,000",,,,,,,,,,,,,,,,,,,,,,,,,,,"0",,"-1,000,000","-15,000,000","-36,000,000","-92,000,000","-2,000,000","-2,000,000","-2,000,000","-2,000,000","-2,000,000","-200,000,000","-79,000,000","-69,000,000","-200,000,000",,,,,,,,,,,,,,,,,,,,,,,,,,,,,,"1,100,000","1,200,000","1,100,000","700,000","28,700,000","1,400,000","1,100,000","800,000","-5,500,000","30,500,000","3,500,000",,,,,,,,,,,,,,,
	GainOnSaleOfSecurity,"-821,000,000","-127,000,000","-94,000,000","-122,000,000","-479,000,000","-479,000,000","153,000,000","162,000,000","368,000,000","422,000,000","-9,000,000","106,000,000","-45,000,000","106,000,000","76,000,000","-100,000,000","216,000,000","36,000,000",,,,,,,,,,,,,,,,,,,,,,,,,,,,,,,,,,,,,,,,,,,,,,,,,,,,,,,,,,,,,,,,,,,,,,,,,,,,,,,,,,,,,,,,,,,,,,,,,,,,,,,,,,,,,,,,,,,,,,,,,,,,,,,,,,
	SpecialIncomeCharges,"0",,,,,,"0","0","0","0","0","0","0","176,000,000","0","0","11,000,000","1,771,000,000",,,,,,,,,,,,,,,,,,,,,,,,,,,,,"-18,000,000","0",,,"0","-1,113,000,000",,,,,,,,,,,,,,,,,,,,,,,,,,,"0",,"-1,000,000","-15,000,000","-36,000,000","-92,000,000","-2,000,000","-2,000,000","-2,000,000","-2,000,000","-2,000,000","-200,000,000","-79,000,000","-69,000,000","-200,000,000",,,,,,,,,,,,,,,,,,,,,,,,,,,,,,"1,100,000","1,200,000","1,100,000","700,000","28,700,000","1,400,000","1,100,000","800,000","-5,500,000","30,500,000","3,500,000",,,,,,,,,,,,,,,
		RestructuringAndMergernAcquisition,,,,,,,,,,,,,,,,,,,,,,,,,,,,,,,,,,,,,,,,,,,,,,,,,,,,,,,,,,,,,,,,,,,,,,,,,,,,,,,"0",,"1,000,000","15,000,000","36,000,000","1,000,000","2,000,000","2,000,000",,,,,,,,,,,,,,,,,,,,,,,,,,,,,,,,,,,,,,,,,,,,,,,,,,,,,,,,,,,,,,
		ImpairmentOfCapitalAssets,,,,,,,,,,,,,,,,,,,,,,,,,,,,,,,,,,,,,,,,,,,,,,,"18,000,000","0",,,"0","1,113,000,000",,,,,,,,,,,,,,,,,,,,,,,,,,,,,,,,,,,,,,,,,,,,,,,,,,,,,,,,,,,,,,,,,,,,,,,,,,,,,,,,,,,,,,,,,,,,,,,,
		OtherSpecialCharges,,,,,,,,,,,,,,,,,,,,,,,,,,,,,,,,,,,,,,,,,,,,,,,,,,,,,,,,,,,,,,,,,,,,,,,,,,,,,,,,,,,"0","91,000,000",,,,,,,,,,,,,,,,,,,,,,,,,,,,,,,,,,,,,,,,,,,,,,,,,,,,,,,,,,,,,,,,
		GainOnSaleOfBusiness,"0",,,,,,"0","0","0","0","0","0","0","176,000,000","0","0","11,000,000","1,771,000,000",,,,,,,,,,,,,,,,,,,,,,,,,,,,,,,,,,,,,,,,,,,,,,,,,,,,,,,,,,,,,,,,,,,,,,,,,,,,,,,,,,,,,,,,,,,,,,,,,,,,,,,,,,,,,,,,,,,,,,,,,,,,,,,,,,
	OtherNonOperatingIncomeExpenses,"-34,000,000","10,000,000","-77,000,000","15,000,000","18,000,000","18,000,000","1,000,000","9,000,000","8,000,000","11,000,000","-138,000,000","-1,000,000","-4,000,000","3,000,000","-7,000,000","-6,000,000","-4,000,000","-10,000,000",,,,,,,,,,,,,,,,,,,,,,,,,,,,,,,,,,,,,,,,,,,,,,,,,,,,,,,,,,,,,,,,,,,,,,,,,,,,,,,,,,,,,,,,,,,,,,,,,,,,,,,,,,,,,,,,,,,,,,,,,,,,,,,,,,
PretaxIncome,"2,051,000,000","715,000,000","562,000,000","595,000,000","179,000,000","179,000,000","-110,000,000","834,000,000","1,061,000,000","1,585,000,000","390,000,000","222,000,000","380,000,000","989,000,000","317,000,000","399,000,000","628,000,000","2,634,000,000","-104,000,000","604,000,000","540,000,000","445,000,000","732,000,000","589,000,000","549,000,000","1,045,000,000","815,000,000","665,000,000","660,000,000","954,000,000","797,000,000","537,000,000","532,000,000","783,000,000","611,000,000","426,000,000","496,000,000","750,000,000","708,000,000","493,000,000","429,000,000","673,000,000","-526,000,000","306,000,000","391,000,000","673,000,000","448,000,000","303,000,000","392,000,000","591,000,000","387,000,000","-863,000,000","384,000,000","681,000,000","544,000,000","373,000,000","436,000,000","613,000,000","515,000,000","335,000,000","433,000,000","544,000,000","578,000,000","342,000,000","338,000,000","489,000,000","452,000,000","301,000,000","313,000,000","459,000,000","-575,000,000","220,000,000","229,000,000","417,000,000","-273,000,000","176,000,000","304,000,000","563,000,000","519,000,000","408,000,000","437,000,000","610,000,000","571,000,000","223,000,000","419,000,000","498,000,000","612,000,000","349,000,000","375,000,000","176,000,000","436,000,000","240,000,000","106,000,000","280,000,000","276,800,000","200,600,000","152,100,000","173,100,000","228,300,000","158,200,000","175,700,000","150,100,000","197,900,000","117,600,000","127,500,000","124,300,000","164,800,000","102,000,000","137,100,000","105,700,000","143,700,000","72,100,000","114,300,000","91,200,000","132,200,000","49,800,000","52,400,000","49,600,000","114,300,000","11,500,000","12,500,000","35,200,000","69,700,000","27,800,000","50,400,000","20,700,000","108,300,000","4,800,000","42,200,000","-13,100,000","17,200,000","-2,900,000","4,800,000",,,,,,,,,,,,,,,
TaxProvision,"385,000,000","146,000,000","77,000,000","126,000,000","36,000,000","36,000,000","-34,000,000","202,000,000","241,000,000","373,000,000","71,000,000","79,000,000","93,000,000","226,000,000","66,000,000","91,000,000","127,000,000","616,000,000","-957,000,000","215,000,000","189,000,000","148,000,000","230,000,000","206,000,000","171,000,000","366,000,000","250,000,000","238,000,000","227,000,000","330,000,000","274,000,000","172,000,000","182,000,000","274,000,000","184,000,000","125,000,000","176,000,000","266,000,000","239,000,000","175,000,000","148,000,000","232,000,000","-221,000,000","108,000,000","108,000,000","252,000,000","165,000,000","96,000,000","124,000,000","216,000,000","136,000,000","13,000,000","133,000,000","250,000,000","195,000,000","136,000,000","159,000,000","227,000,000","192,000,000","81,000,000","166,000,000","207,000,000","193,000,000","127,000,000","129,000,000","183,000,000","170,000,000","116,000,000","117,000,000","165,000,000","73,000,000","77,000,000","87,000,000","154,000,000","64,000,000","66,000,000","114,000,000","211,000,000","195,000,000","153,000,000","164,000,000","229,000,000","220,000,000","90,000,000","163,000,000","194,000,000","255,000,000","146,000,000","157,000,000","70,000,000","190,000,000","111,000,000","50,000,000","104,000,000","97,300,000","76,200,000","57,800,000","65,800,000","81,200,000","61,700,000","67,600,000","57,800,000","72,400,000","45,300,000","49,100,000","47,800,000","55,500,000","39,300,000","54,600,000","41,200,000","51,700,000","20,900,000","44,300,000","35,500,000","45,700,000","24,600,000","22,800,000","20,100,000","45,500,000","4,600,000","8,000,000","14,200,000","28,600,000","11,200,000","18,200,000","9,900,000","40,500,000","4,300,000","16,900,000","-2,800,000","11,900,000","1,100,000","3,400,000",,,,,,,,,,,,,,,
NetIncomeCommonStockholders,"1,639,000,000","549,000,000","483,000,000","467,000,000","140,000,000","140,000,000","-75,000,000","625,000,000","819,000,000","1,197,000,000","308,000,000","263,000,000","294,000,000","772,000,000","225,000,000","317,000,000","502,000,000","2,005,000,000","886,000,000","393,000,000","350,000,000","301,000,000","501,000,000","388,000,000","380,000,000","674,000,000","555,000,000","424,000,000","429,000,000","613,000,000","513,000,000","358,000,000","343,000,000","497,000,000","419,000,000","297,000,000","315,000,000","477,000,000","450,000,000","317,000,000","279,000,000","439,000,000","-307,000,000","196,000,000","281,000,000","432,000,000","278,000,000","202,000,000","262,000,000","374,000,000","255,000,000","-875,000,000","255,000,000","435,000,000","349,000,000","237,000,000","277,000,000","386,000,000","323,000,000","254,000,000","267,000,000","337,000,000","385,000,000","215,000,000","209,000,000","306,000,000","282,000,000","185,000,000","196,000,000","294,000,000","-648,000,000","143,000,000","142,000,000","263,000,000","-337,000,000","110,000,000","190,000,000","352,000,000","324,000,000","255,000,000","264,000,000","362,000,000","351,000,000","133,000,000","256,000,000","304,000,000","357,000,000","201,000,000","216,000,000","106,000,000","246,000,000","129,000,000","46,000,000","176,000,000","151,200,000","117,900,000","94,300,000","103,000,000","123,700,000","95,700,000","105,100,000","87,100,000","125,400,000","71,400,000","77,600,000","75,400,000","105,500,000","61,200,000","77,000,000","59,200,000","91,500,000","36,000,000","67,400,000","47,400,000","82,700,000","16,400,000","27,500,000","-138,700,000","53,200,000","-20,400,000","-29,400,000","-9,300,000","41,100,000","16,600,000","32,200,000","10,800,000","67,800,000","500,000","25,300,000","-10,300,000","5,300,000","-4,000,000","1,400,000",,,,,,,,,,,,,,,
	NetIncome,"1,655,000,000","565,000,000","483,000,000","467,000,000","140,000,000","140,000,000","-77,000,000","631,000,000","819,000,000","1,212,000,000","327,000,000","263,000,000","297,000,000","772,000,000","259,000,000","317,000,000","508,000,000","2,026,000,000","854,000,000","397,000,000","353,000,000","303,000,000","506,000,000","391,000,000","383,000,000","680,000,000","559,000,000","428,000,000","433,000,000","619,000,000","518,000,000","362,000,000","347,000,000","501,000,000","422,000,000","299,000,000","317,000,000","481,000,000","462,000,000","317,000,000","279,000,000","439,000,000","-307,000,000","196,000,000","281,000,000","432,000,000","278,000,000","202,000,000","262,000,000","374,000,000","255,000,000","-875,000,000","255,000,000","435,000,000","349,000,000","237,000,000","277,000,000","386,000,000","323,000,000","254,000,000","267,000,000","337,000,000","385,000,000","215,000,000","209,000,000","306,000,000","282,000,000","185,000,000","196,000,000","294,000,000","-648,000,000","143,000,000","142,000,000","263,000,000","-337,000,000","110,000,000","190,000,000","352,000,000","324,000,000","255,000,000","264,000,000","362,000,000","351,000,000","133,000,000","256,000,000","304,000,000","357,000,000","201,000,000","216,000,000","106,000,000","246,000,000","129,000,000","46,000,000","176,000,000","151,200,000","117,900,000","94,300,000","103,000,000","123,700,000","95,700,000","105,100,000","87,100,000","125,400,000","71,400,000","77,600,000","75,400,000","105,500,000","61,200,000","77,000,000","59,200,000","91,500,000","36,000,000","67,400,000","47,400,000","82,700,000","16,400,000","27,500,000","-138,700,000","53,200,000","-20,400,000","-29,400,000","-9,300,000","41,100,000","16,600,000","32,200,000","10,800,000","67,800,000","500,000","25,300,000","-10,300,000","5,300,000","-4,000,000","1,400,000",,,,,,,,,,,,,,,
		NetIncomeIncludingNoncontrollingInterests,"1,666,000,000","569,000,000","485,000,000","469,000,000","143,000,000","143,000,000","-76,000,000","632,000,000","820,000,000","1,212,000,000","319,000,000","143,000,000","287,000,000","763,000,000","251,000,000","308,000,000","501,000,000","2,018,000,000","853,000,000","389,000,000","351,000,000","297,000,000","502,000,000","383,000,000","378,000,000","679,000,000","565,000,000","427,000,000","433,000,000","624,000,000","523,000,000","365,000,000","350,000,000","509,000,000","427,000,000","301,000,000","320,000,000","484,000,000","469,000,000","318,000,000","281,000,000","441,000,000","-305,000,000","198,000,000","283,000,000","421,000,000","283,000,000","207,000,000","268,000,000","375,000,000","251,000,000","-876,000,000","251,000,000","431,000,000","349,000,000","237,000,000","277,000,000","386,000,000","323,000,000","254,000,000","267,000,000","337,000,000","385,000,000","215,000,000","209,000,000","306,000,000","282,000,000","185,000,000","196,000,000","294,000,000","-648,000,000","143,000,000","142,000,000","263,000,000","-337,000,000","110,000,000","190,000,000","352,000,000","324,000,000","255,000,000","264,000,000","362,000,000","351,000,000","133,000,000","256,000,000","304,000,000","357,000,000","201,000,000","216,000,000","106,000,000","246,000,000","129,000,000","46,000,000","176,000,000","151,200,000","117,900,000","94,300,000","103,000,000","123,700,000","95,700,000","105,100,000","87,100,000","125,400,000","71,400,000","77,600,000","75,400,000","105,500,000","61,200,000","77,000,000","59,200,000","91,500,000","36,000,000","67,400,000","47,400,000","82,700,000","16,400,000","27,500,000","-138,700,000","53,200,000","-20,400,000","-29,400,000","-9,300,000","41,100,000","16,600,000","32,200,000","10,800,000","67,800,000","500,000","25,300,000","-10,300,000","5,300,000","-4,000,000","1,400,000","-19,000,000","-119,000,000","56,200,000","57,100,000","40,300,000","47,400,000","45,300,000","56,500,000","34,100,000","19,000,000","-51,200,000","51,500,000","32,300,000","57,600,000","45,000,000"
			NetIncomeContinuousOperations,"1,666,000,000","569,000,000","485,000,000","469,000,000","143,000,000","143,000,000","-76,000,000","632,000,000","820,000,000","1,212,000,000","319,000,000","143,000,000","287,000,000","763,000,000","251,000,000","308,000,000","501,000,000","2,018,000,000","853,000,000","389,000,000","351,000,000","297,000,000","502,000,000","383,000,000","378,000,000","679,000,000","565,000,000","427,000,000","433,000,000","624,000,000","523,000,000","365,000,000","350,000,000","509,000,000","427,000,000","301,000,000","320,000,000","484,000,000","469,000,000","318,000,000","281,000,000","441,000,000","-305,000,000","198,000,000","283,000,000","421,000,000","283,000,000","207,000,000","268,000,000","375,000,000","251,000,000","-876,000,000","251,000,000","431,000,000","349,000,000","237,000,000","277,000,000","386,000,000","323,000,000","254,000,000","267,000,000","337,000,000","385,000,000","215,000,000","209,000,000","306,000,000","282,000,000","185,000,000","196,000,000","294,000,000","-648,000,000","143,000,000","142,000,000","263,000,000","-337,000,000","110,000,000","190,000,000","352,000,000","324,000,000","255,000,000","273,000,000","381,000,000","351,000,000","133,000,000","256,000,000","304,000,000","357,000,000","203,000,000","218,000,000","106,000,000","246,000,000","129,000,000","56,000,000","176,000,000","179,500,000","124,400,000","94,300,000","107,300,000","147,100,000","96,500,000","108,100,000","92,300,000","125,500,000","72,300,000","78,400,000","76,500,000","109,300,000","62,700,000","82,500,000","64,500,000","92,000,000","51,200,000","70,000,000","55,700,000","86,500,000","25,200,000","29,600,000","29,500,000","68,800,000","6,900,000","4,500,000","21,000,000","41,100,000","16,600,000","32,200,000","10,800,000","67,800,000","500,000","25,300,000","-10,300,000","5,300,000","-4,000,000","1,400,000","-19,000,000","-119,000,000","56,200,000","57,100,000","40,300,000","47,400,000","45,300,000","56,500,000","34,100,000","19,000,000","-39,400,000","51,500,000","32,300,000","57,600,000","45,000,000"
			NetIncomeDiscontinuousOperations,,,,,,,,,,,,,,,,,,,,,,,,,,,,,,,,,,,,,,,,,,,,,,,,,,,,,,,,,,,,,,,,,,,,,,,,,,,,,,,,,,,,,,,,,,,,,,,,,,,,,,,,,,,,,,,,,,,,,,,,,,,,,,,,,,,,,,,,,,,,,,,"0","-11,800,000",,,,
			NetIncomeExtraordinary,,,,,,,,,,,,,,,,,,,,,,,,,,,,,,,,,,,,,,,,,,,,,,,,,,,,,,,,,,,,,,,,,,,,,,,,,,,,,,,"0",,,"-16,000,000",,,,,,,,,,,,,,,,,,,,,,,,,,,,,,,,,"0",,,,,,,,,,,,,,,,,,,,,,,,,,,,,,,,,
			NetIncomeFromTaxLossCarryforward,,,,,,,,,,,,,,,,,,,,,,,,,,,,,,,,,,,,,,,,,,,,,,,,,,,,,,,,,,,,,,,,,,,,,,,,,,,,,,,"0",,"-9,000,000","-3,000,000",,,,,"0","-2,000,000","-2,000,000",,"0",,"-10,000,000",,"-28,300,000","-6,500,000",,"-4,300,000","-23,400,000","-800,000","-3,000,000","-5,200,000","-100,000","-900,000","-800,000","-1,100,000","-3,800,000","-1,500,000","-5,500,000","-5,300,000","-500,000","-15,200,000","-2,600,000","-8,300,000","-3,800,000","-8,800,000","-2,100,000","-168,200,000","-15,600,000","-27,300,000","-33,900,000","-30,300,000",,,,,,,,,,,,,,,,,,,,,,,,,,
		MinorityInterests,"-11,000,000","-4,000,000","-2,000,000","-2,000,000","-3,000,000","-3,000,000","-1,000,000","-1,000,000","-1,000,000","0","8,000,000","120,000,000","10,000,000","9,000,000","8,000,000","9,000,000","7,000,000","8,000,000","1,000,000","8,000,000","2,000,000","6,000,000","4,000,000","8,000,000","5,000,000","1,000,000","-6,000,000","1,000,000","0","-5,000,000","-5,000,000","-3,000,000","-3,000,000","-8,000,000","-5,000,000","-2,000,000","-3,000,000","-3,000,000","-7,000,000","-1,000,000","-2,000,000","-2,000,000","-2,000,000","-2,000,000","-2,000,000","11,000,000","-5,000,000","-5,000,000","-6,000,000","-1,000,000","4,000,000","1,000,000","4,000,000","4,000,000",,,,,,,,,,,,,,,,,,,,,,,,,,,,,,,,,,,,,,,,,,,,,,,,,,,,,,,,,,,,,,,,,,,,,,,,,,,,,,,,,,,,,,,,,,,,,,
	OtherunderPreferredStockDividend,"16,000,000",,,,,,"-2,000,000","6,000,000",,"15,000,000",,,"3,000,000",,,,"6,000,000","21,000,000","-32,000,000","4,000,000","3,000,000","2,000,000","5,000,000","3,000,000","3,000,000","6,000,000","4,000,000","4,000,000","4,000,000","6,000,000","5,000,000","4,000,000","4,000,000","4,000,000","3,000,000","2,000,000","2,000,000","4,000,000",,,,,,,,,,,,,,,,,,,,,,,,,,,,,,,,,,,,,,,,,,,,,,,,,,,,,,,,,,,,,,,,,,,,,,,,,,,,,,,,,,,,,,,,,,,,,,,,,,,,,,,,,,,,,,
DilutedNIAvailtoComStockholders,"1,639,000,000","549,000,000","483,000,000","467,000,000","140,000,000","140,000,000","-75,000,000","625,000,000","819,000,000","1,197,000,000","308,000,000","263,000,000","294,000,000","772,000,000","225,000,000","317,000,000","502,000,000","2,005,000,000","886,000,000","393,000,000","350,000,000","301,000,000","501,000,000","388,000,000","380,000,000","674,000,000","555,000,000","424,000,000","429,000,000","613,000,000","513,000,000","358,000,000","343,000,000","497,000,000","419,000,000","297,000,000","315,000,000","477,000,000","450,000,000","317,000,000","279,000,000","439,000,000","-307,000,000","196,000,000","281,000,000","432,000,000","278,000,000","202,000,000","262,000,000","374,000,000","255,000,000","-875,000,000","255,000,000","435,000,000","349,000,000","237,000,000","277,000,000","386,000,000","323,000,000","254,000,000","267,000,000","337,000,000","385,000,000","215,000,000","209,000,000","306,000,000","282,000,000","185,000,000","196,000,000","294,000,000","-648,000,000","143,000,000","142,000,000","263,000,000","-337,000,000","110,000,000","190,000,000","352,000,000","324,000,000","255,000,000","264,000,000","362,000,000","351,000,000","133,000,000","256,000,000","304,000,000","357,000,000","201,000,000","216,000,000","106,000,000","246,000,000","129,000,000","46,000,000","176,000,000","151,200,000","117,900,000","94,300,000","103,000,000","123,700,000","95,700,000","105,100,000","87,100,000","125,400,000","71,400,000","77,600,000","75,400,000","105,500,000","61,200,000","77,000,000","59,200,000","91,500,000","36,000,000","67,400,000","47,400,000","82,700,000","16,400,000","27,500,000","-138,700,000","53,200,000","-20,400,000","-29,400,000","-9,300,000","41,100,000","16,600,000","32,200,000","10,800,000","67,800,000","500,000","25,300,000","-10,300,000","5,300,000","-4,000,000","1,400,000",,,,,,,,,,,,,,,
BasicEPS,,"0.76","0.64","0.62","0.18","0.18","-0.1","0.81","1.04","1.53","0.4","0.32","0.37","0.96","0.32","0.39","0.63","2.39","0.97","0.44","0.39","0.33","0.54","0.41","0.4","0.71","0.57","0.44","0.44","0.635","0.53","0.37","0.355","0.495","0.41","0.29","0.305","0.465","0.445","0.305","0.26","0.39",,"0.165","0.235","0.355",,"0.16","0.205","0.29",,"-0.675","0.195","0.335",,"0.185","0.21","0.295",,"0.185","0.19","0.24",,"0.15","0.145","0.21",,"0.13","0.135","0.2",,"0.095","0.095","0.175",,"0.075","0.125","0.235",,"0.165","0.17","0.23",,"0.085","0.16","0.185",,"0.125","0.13","0.065",,"0.075","0.03","0.17",,"0.115","0.095","0.1",,"0.095","0.105","0.085",,"0.07","0.075","0.085",,"0.06","0.08","0.06",,"0.04","0.075","0.055",,"0.02","0.03","-0.175",,"-0.03","-0.04","-0.015",,"0.025","0.045","0.015",,"0.005","0.04","-0.015",,"-0.01","0.005","-0.03",,"0.085","0.085","0.06",,"0.07","0.085","0.05",,"-0.08","0.075","0.05",,"0.065"
DilutedEPS,,"0.75","0.64","0.61","0.18","0.18","-0.1","0.8","1.03","1.52","0.4","0.32","0.37","0.95","0.32","0.39","0.62","2.37","0.96","0.44","0.39","0.32","0.53","0.41","0.4","0.7","0.57","0.43","0.44","0.625","0.52","0.365","0.35","0.49","0.405","0.285","0.3","0.46","0.44","0.3","0.255","0.39",,"0.165","0.23","0.35",,"0.16","0.205","0.29",,"-0.675","0.195","0.33",,"0.18","0.21","0.29",,"0.185","0.19","0.235",,"0.15","0.145","0.21",,"0.125","0.135","0.2",,"0.095","0.095","0.175",,"0.075","0.125","0.23",,"0.165","0.165","0.225",,"0.08","0.155","0.18",,"0.12","0.13","0.06",,"0.075","0.025","0.165",,"0.115","0.09","0.1",,"0.095","0.1","0.085",,"0.065","0.07","0.08",,"0.06","0.08","0.06",,"0.04","0.07","0.05",,"0.02","0.03","-0.175",,"-0.03","-0.04","-0.015",,"0.025","0.045","0.015",,"0.005","0.04","-0.015",,"-0.01","0.005","-0.03",,"0.085","0.085","0.06",,"0.07","0.085","0.05",,"-0.08","0.075","0.05",,"0.065"
BasicAverageShares,,"733,000,000","742,000,000","746,000,000","752,000,000","752,000,000","761,000,000","772,000,000","777,000,000","780,000,000","797,000,000","802,000,000","800,000,000","798,000,000","798,000,000","797,000,000","797,000,000","839,000,000","875,000,000","887,000,000","897,000,000","914,000,000","929,000,000","940,000,000","943,000,000","954,000,000","966,000,000","965,000,000","963,000,000","968,000,000","972,000,000","972,000,000","970,000,000","1,002,000,000","1,022,000,000","1,030,000,000","1,030,000,000","1,028,000,000","1,027,600,000","1,036,400,000","1,076,400,000","1,111,600,000",,"1,165,400,000","1,192,800,000","1,216,200,000",,"1,266,200,000","1,274,200,000","1,282,600,000",,"1,300,800,000","1,295,200,000","1,296,000,000",,"1,298,000,000","1,302,000,000","1,314,000,000",,"1,356,000,000","1,404,000,000","1,412,000,000",,"1,424,000,000","1,438,000,000","1,444,000,000",,"1,448,000,000","1,444,000,000","1,454,000,000",,"1,472,000,000","1,474,000,000","1,482,000,000",,"1,486,000,000","1,494,000,000","1,508,000,000",,"1,540,000,000","1,572,000,000","1,586,000,000",,"1,602,000,000","1,610,000,000","1,624,000,000",,"1,642,000,000","1,648,000,000","1,662,000,000",,"1,720,000,000","1,533,333,333","1,035,294,118",,"1,025,217,391","992,631,579","1,030,000,000",,"1,007,368,421","1,000,952,381","1,024,705,882",,"1,020,000,000","1,034,666,667","887,058,824",,"1,020,000,000","962,500,000","986,666,667",,"900,000,000","898,666,667","861,818,182",,"820,000,000","916,666,667","792,571,429",,"680,000,000","735,000,000","620,000,000",,"664,000,000","715,555,556","720,000,000",,"600,000,000","632,500,000","686,666,667",,"586,666,667","650,400,000","643,832,000",,"629,904,000","629,120,000","634,960,000",,"648,784,000","672,512,000","700,872,000",,"694,544,000","694,544,000","695,472,000",,"726,560,000"
DilutedAverageShares,,"743,000,000","752,000,000","755,000,000","760,000,000","760,000,000","761,000,000","780,000,000","786,000,000","788,000,000","804,000,000","807,000,000","805,000,000","805,000,000","806,000,000","807,000,000","805,000,000","846,000,000","884,000,000","893,000,000","905,000,000","925,000,000","943,000,000","953,000,000","959,000,000","966,000,000","980,000,000","979,000,000","977,000,000","984,000,000","986,000,000","984,000,000","982,000,000","1,014,000,000","1,034,000,000","1,042,000,000","1,042,000,000","1,040,000,000","1,035,000,000","1,043,000,000","1,081,800,000","1,118,600,000",,"1,171,800,000","1,200,800,000","1,224,000,000",,"1,272,400,000","1,279,800,000","1,289,400,000",,"1,300,800,000","1,302,600,000","1,302,000,000",,"1,312,000,000","1,318,000,000","1,328,000,000",,"1,370,000,000","1,418,000,000","1,430,000,000",,"1,440,000,000","1,450,000,000","1,458,000,000",,"1,464,000,000","1,460,000,000","1,464,000,000",,"1,484,000,000","1,488,000,000","1,498,000,000",,"1,508,000,000","1,512,000,000","1,522,000,000",,"1,558,000,000","1,600,000,000","1,618,000,000",,"1,642,000,000","1,654,000,000","1,666,000,000",,"1,690,000,000","1,694,000,000","1,700,000,000",,"1,720,000,000","1,840,000,000","1,066,666,667",,"1,025,217,391","1,047,777,778","1,030,000,000",,"1,007,368,421","1,051,000,000","1,024,705,882",,"1,098,461,538","1,108,571,429","942,500,000",,"1,020,000,000","962,500,000","986,666,667",,"900,000,000","962,857,143","948,000,000",,"820,000,000","916,666,667","956,551,724",,"680,000,000","735,000,000","620,000,000",,"664,000,000","715,555,556","720,000,000",,"600,000,000","632,500,000","686,666,667",,"586,666,667","650,400,000","643,832,000",,"629,904,000","629,120,000","634,960,000",,"648,784,000","672,512,000","700,872,000",,"694,544,000","694,544,000","695,472,000",,"726,560,000"
TotalOperatingIncomeAsReported,"3,477,000,000","965,000,000","868,000,000","839,000,000","805,000,000","805,000,000","-158,000,000","792,000,000","820,000,000","1,326,000,000","537,000,000","254,000,000","559,000,000","901,000,000","389,000,000","647,000,000","549,000,000","1,029,000,000","44,000,000","740,000,000","678,000,000","622,000,000","858,000,000","713,000,000","665,000,000","1,200,000,000","928,000,000","772,000,000","774,000,000","1,102,000,000","912,000,000","651,000,000","644,000,000","930,000,000","718,000,000","534,000,000","595,000,000","879,000,000","820,000,000","596,000,000","535,000,000","814,000,000","-425,000,000","405,000,000","488,000,000","811,000,000","559,000,000","406,000,000","494,000,000","723,000,000","506,000,000","-758,000,000","499,000,000","844,000,000","659,000,000","479,000,000","548,000,000","765,000,000","629,000,000","445,000,000","537,000,000","690,000,000","694,000,000","449,000,000","448,000,000","644,000,000","568,000,000","415,000,000","434,000,000","618,000,000","-460,000,000","336,000,000","381,000,000","589,000,000","-145,000,000","324,000,000","442,000,000","753,000,000","659,000,000","542,000,000","574,000,000","799,000,000","713,000,000","463,000,000","571,000,000","704,000,000","781,000,000","497,000,000","532,000,000","582,000,000","672,000,000","457,000,000","454,000,000","357,000,000","339,500,000","277,500,000","215,200,000","237,300,000","291,000,000","243,500,000","244,100,000","219,800,000","264,800,000","209,500,000","198,000,000","195,100,000","233,900,000","195,500,000","211,700,000","181,100,000","219,500,000","172,800,000","189,200,000","167,200,000","233,500,000","169,600,000","169,700,000","146,700,000","224,400,000","153,300,000","122,500,000","148,000,000","190,700,000","188,900,000","174,200,000","145,900,000","209,100,000","173,200,000","171,200,000","120,000,000","169,300,000","160,400,000","154,000,000",,,,,,,,,,,,,,,
RentExpenseSupplemental,"845,000,000","197,000,000","197,000,000","191,000,000","261,000,000","261,000,000","192,000,000","205,000,000","204,000,000","273,000,000","209,000,000","201,000,000","200,000,000","274,000,000","204,000,000","200,000,000","204,000,000","276,000,000","220,000,000","196,000,000","225,000,000","270,000,000","215,000,000","199,000,000","205,000,000","262,000,000","181,000,000","172,000,000","155,000,000","215,000,000","162,000,000","162,000,000","166,000,000","217,000,000","147,000,000","138,000,000","139,000,000","189,000,000","157,000,000","141,000,000","139,000,000","191,000,000","126,000,000","146,000,000","148,000,000","200,000,000","148,000,000","154,000,000","149,000,000","200,000,000","146,000,000","152,000,000","150,000,000","200,000,000",,,,,,,,,,,,,,,,,,,,,,,,,,,,,,,,,,,,,,,,,,,,,,,,,,,,,,,,,,,,,,,,,,,,,,,,,,,,,,,,,,,,,,,,,,,,,,
TotalExpenses,"134,411,000,000","32,083,000,000","30,992,000,000","30,843,000,000","40,493,000,000","40,493,000,000","30,895,000,000","28,931,000,000","29,669,000,000","40,223,000,000","28,356,000,000","27,720,000,000","27,609,000,000","36,350,000,000","27,702,000,000","27,025,000,000","27,320,000,000","36,501,000,000","30,987,000,000","27,009,000,000","26,919,000,000","35,663,000,000","26,753,000,000","25,844,000,000","25,900,000,000","33,404,000,000","25,237,000,000","24,303,000,000","24,765,000,000","31,949,000,000","24,295,000,000","24,336,000,000","24,666,000,000","32,031,000,000","22,387,000,000","21,971,000,000","22,127,000,000","29,164,000,000","23,333,000,000","21,211,000,000","21,191,000,000","28,251,000,000","21,830,000,000","20,189,000,000","20,425,000,000","26,650,000,000","19,354,000,000","18,292,000,000","18,302,000,000","24,041,000,000","18,024,000,000","17,314,000,000","17,236,000,000","21,955,000,000","16,601,000,000","17,101,000,000","17,505,000,000","22,342,000,000","16,606,000,000","15,690,000,000","15,602,000,000","20,036,000,000","16,165,000,000","14,250,000,000","14,690,000,000","18,771,000,000","14,152,000,000","13,605,000,000","13,431,000,000","17,330,000,000","14,155,000,000","12,518,000,000","12,599,000,000","16,316,000,000","13,179,000,000","11,817,000,000","11,909,000,000","15,513,000,000","11,811,000,000","11,154,000,000","11,352,000,000","14,853,000,000","11,380,000,000","10,918,000,000","10,912,000,000","14,396,000,000","11,911,000,000","10,465,000,000","10,485,000,000","13,747,000,000","10,569,000,000","9,872,000,000","9,835,000,000","8,432,000,000","7,009,500,000","7,746,400,000","6,226,400,000","6,151,500,000","6,218,500,000","7,443,100,000","5,987,700,000","5,919,600,000","5,934,300,000","7,133,600,000","5,646,400,000","5,589,200,000","5,626,800,000","6,763,700,000","5,441,200,000","5,283,900,000","5,366,300,000","6,477,500,000","5,205,000,000","5,161,600,000","5,168,900,000","6,309,000,000","5,159,700,000","5,027,300,000","5,476,400,000","6,179,800,000","4,949,700,000","4,890,500,000","4,937,900,000","6,039,500,000","4,912,200,000","4,761,200,000","4,776,400,000","5,801,100,000","4,571,200,000","4,438,800,000","4,483,800,000","5,373,500,000","4,271,900,000",,,,,,,,,,,,,,,
NetIncomeFromContinuingAndDiscontinuedOperation,"1,655,000,000","565,000,000","483,000,000","467,000,000","140,000,000","140,000,000","-77,000,000","631,000,000","819,000,000","1,212,000,000","327,000,000","263,000,000","297,000,000","772,000,000","259,000,000","317,000,000","508,000,000","2,026,000,000","854,000,000","397,000,000","353,000,000","303,000,000","506,000,000","391,000,000","383,000,000","680,000,000","559,000,000","428,000,000","433,000,000","619,000,000","518,000,000","362,000,000","347,000,000","501,000,000","422,000,000","299,000,000","317,000,000","481,000,000","462,000,000","317,000,000","279,000,000","439,000,000","-307,000,000","196,000,000","281,000,000","432,000,000","278,000,000","202,000,000","262,000,000","374,000,000","255,000,000","-875,000,000","255,000,000","435,000,000","349,000,000","237,000,000","277,000,000","386,000,000","323,000,000","254,000,000","267,000,000","337,000,000","385,000,000","215,000,000","209,000,000","306,000,000","282,000,000","185,000,000","196,000,000","294,000,000","-648,000,000","143,000,000","142,000,000","263,000,000","-337,000,000","110,000,000","190,000,000","352,000,000","324,000,000","255,000,000","273,000,000","381,000,000","351,000,000","133,000,000","256,000,000","304,000,000","357,000,000","203,000,000","218,000,000","106,000,000","246,000,000","129,000,000","56,000,000","176,000,000","179,500,000","124,400,000","94,300,000","107,300,000","147,100,000","96,500,000","108,100,000","92,300,000","125,500,000","72,300,000","78,400,000","76,500,000","109,300,000","62,700,000","82,500,000","64,500,000","92,000,000","51,200,000","70,000,000","55,700,000","86,500,000","25,200,000","29,600,000","29,500,000","68,800,000","6,900,000","4,500,000","21,000,000","41,100,000","16,600,000","32,200,000","10,800,000","67,800,000","500,000","25,300,000","-10,300,000","5,300,000","-4,000,000","1,400,000",,,,,,,,,,,,,,,
NormalizedIncome,"2,321,652,000","666,067,132.867","564,028,000","563,258,000","522,664,804.469","522,242,000","-182,709,090.909","508,204,000","534,536,000","889,170,000","334,361,538.462","194,736,000","330,986,842.105","554,440,849.343","198,823,343.849","394,200,000","326,854,000","641,593,773.728","854,000,000","397,000,000","353,000,000","303,000,000","506,000,000","391,000,000","383,000,000","680,000,000","559,000,000","428,000,000","433,000,000","619,000,000","518,000,000","362,000,000","347,000,000","501,000,000","422,000,000","299,000,000","317,000,000","481,000,000","462,000,000","317,000,000","279,000,000","439,000,000","-307,000,000","196,000,000","281,000,000","432,000,000","289,370,535.714","202,000,000","262,000,000","374,000,000","255,000,000","-151,550,000","255,000,000","435,000,000","349,000,000","237,000,000","277,000,000","386,000,000","323,000,000","254,000,000","267,000,000","337,000,000","385,000,000","215,000,000","209,000,000","306,000,000","282,000,000","185,000,000","196,000,000","294,000,000","-648,000,000","143,000,000","142,000,000","263,000,000","-337,000,000","110,000,000","190,000,000","352,000,000","324,000,000","255,000,000","273,624,713.959","390,368,852.459","373,129,597.198","188,200,000","257,221,957.041","305,220,883.534","358,200,000","204,200,000","219,200,000","226,454,545.455","293,400,000","170,400,000","176,000,000","176,000,000","179,500,000","124,400,000","94,300,000","107,300,000","147,100,000","96,500,000","108,100,000","92,300,000","125,500,000","72,300,000","78,400,000","76,500,000","109,300,000","62,700,000","82,500,000","64,500,000","92,000,000","51,200,000","70,000,000","55,700,000","86,500,000","25,200,000","29,600,000","29,500,000","68,800,000","6,900,000","4,500,000","21,000,000","40,440,000","15,880,000","31,497,222.222","10,380,000","49,832,686.981","-340,000","24,640,000","-10,929,007.634","8,600,000","-22,300,000","-700,000",,,,,,,,,,,,,,,
InterestExpense,"571,000,000","133,000,000","135,000,000","137,000,000","165,000,000","165,000,000","106,000,000","129,000,000","135,000,000","174,000,000","140,000,000","137,000,000","130,000,000","197,000,000","141,000,000","142,000,000","144,000,000","192,000,000","148,000,000","136,000,000","138,000,000","177,000,000","126,000,000","124,000,000","116,000,000","155,000,000","113,000,000","107,000,000","114,000,000","148,000,000","115,000,000","114,000,000","112,000,000","147,000,000","107,000,000","108,000,000","99,000,000","129,000,000","112,000,000","103,000,000","106,000,000","141,000,000","101,000,000","99,000,000","97,000,000","138,000,000","111,000,000","103,000,000","102,000,000","132,000,000","119,000,000","105,000,000","115,000,000","163,000,000",,,,,,,,,,,,,,,,,,,,,,,,,,,,,,,,,,,,,,,,,,,,,,,,,,,,,,,,,,,,,,,,,,,,,,,,,,,,,,,,,,,,,,,,,,,,,,
NetInterestIncome,"-571,000,000","-133,000,000","-135,000,000","-137,000,000","-165,000,000","-165,000,000","-106,000,000","-129,000,000","-135,000,000","-174,000,000","-140,000,000","-137,000,000","-130,000,000","-197,000,000","-141,000,000","-142,000,000","-144,000,000","-192,000,000","-148,000,000","-136,000,000","-138,000,000","-177,000,000","-126,000,000","-124,000,000","-116,000,000","-155,000,000","-113,000,000","-107,000,000","-114,000,000","-148,000,000","-115,000,000","-114,000,000","-112,000,000","-147,000,000","-107,000,000","-108,000,000","-99,000,000","-129,000,000","-112,000,000","-103,000,000","-106,000,000","-141,000,000","-101,000,000","-99,000,000","-97,000,000","-138,000,000","-111,000,000","-103,000,000","-102,000,000","-132,000,000","-119,000,000","-105,000,000","-115,000,000","-163,000,000",,,,,,,,,,,,,,,,,,,,,,,,,,,,,,,,,,,,,,,,,,,,,,,,,,,,,,,,,,,,,,,,,,,,,,,,,,,,,,,,,,,,,,,,,,,,,,
EBIT,"2,622,000,000","848,000,000","697,000,000","732,000,000","344,000,000","344,000,000","-4,000,000","963,000,000","1,196,000,000","1,759,000,000","530,000,000","359,000,000","510,000,000","1,186,000,000","458,000,000","541,000,000","772,000,000","2,826,000,000","44,000,000","740,000,000","678,000,000","622,000,000","858,000,000","713,000,000","665,000,000","1,200,000,000","928,000,000","772,000,000","774,000,000","1,102,000,000","912,000,000","651,000,000","644,000,000","930,000,000","718,000,000","534,000,000","595,000,000","879,000,000","820,000,000","596,000,000","535,000,000","814,000,000","-425,000,000","405,000,000","488,000,000","811,000,000","559,000,000","406,000,000","494,000,000","723,000,000","506,000,000","-758,000,000","499,000,000","844,000,000","659,000,000","479,000,000","548,000,000","765,000,000","629,000,000","445,000,000","537,000,000","690,000,000","694,000,000","449,000,000","448,000,000","644,000,000","568,000,000","415,000,000","434,000,000","618,000,000","-460,000,000","336,000,000","381,000,000","589,000,000","-145,000,000","324,000,000","442,000,000","753,000,000","659,000,000","542,000,000","575,000,000","814,000,000","749,000,000","464,000,000","573,000,000","706,000,000","781,000,000","497,000,000","532,000,000","582,000,000","672,000,000","457,000,000","454,000,000","357,000,000","339,500,000","277,500,000","215,200,000","237,300,000","291,000,000","243,500,000","244,100,000","219,800,000","264,800,000","209,500,000","198,000,000","195,100,000","233,900,000","195,500,000","211,700,000","181,100,000","219,500,000","172,800,000","189,200,000","167,200,000","233,500,000","169,600,000","169,700,000","146,700,000","224,400,000","153,300,000","122,500,000","148,000,000","190,700,000","188,900,000","174,200,000","145,900,000","209,100,000","173,200,000","171,200,000","120,000,000","169,300,000","160,400,000","154,000,000","4,490,800,000","-13,960,700,000","5,584,500,000","4,504,700,000","4,315,900,000","-12,840,000,000","5,152,900,000","4,142,600,000","3,955,900,000","-12,395,700,000","4,928,400,000","4,280,800,000","4,173,100,000","-12,467,800,000","5,061,000,000"
EBITDA,"6,051,000,000"
ReconciledCostOfRevenue,"106,934,000,000","25,582,000,000","24,822,000,000","24,773,000,000","31,756,000,000","31,756,000,000","23,546,000,000","22,756,000,000","23,408,000,000","31,261,000,000","21,867,000,000","21,798,000,000","22,204,000,000","28,786,000,000","21,903,000,000","21,700,000,000","21,930,000,000","29,362,000,000","24,240,000,000","21,533,000,000","21,608,000,000","28,281,000,000","21,483,000,000","20,653,000,000","20,697,000,000","26,669,000,000","20,193,000,000","19,478,000,000","20,065,000,000","25,760,000,000","19,547,000,000","19,764,000,000","20,136,000,000","26,065,000,000","18,306,000,000","17,889,000,000","18,087,000,000","23,856,000,000","19,101,000,000","17,384,000,000","17,278,000,000","23,095,000,000","16,955,000,000","16,357,000,000","16,555,000,000","21,624,000,000","15,611,000,000","14,571,000,000","14,577,000,000","19,168,000,000","14,375,000,000","13,666,000,000","13,650,000,000","17,267,000,000","13,088,000,000","13,552,000,000","14,072,000,000","17,852,000,000","13,228,000,000","12,402,000,000","12,315,000,000","15,834,000,000","12,728,000,000","11,131,000,000","11,598,000,000","14,659,000,000","11,062,000,000","10,596,000,000","10,465,000,000","13,437,000,000","10,274,000,000","9,633,000,000","9,716,000,000","12,518,000,000","9,589,000,000","9,016,000,000","9,102,000,000","11,930,000,000","9,148,000,000","8,484,000,000","8,738,000,000","11,438,000,000","8,769,000,000","8,265,000,000","8,330,000,000","11,035,000,000","9,201,000,000","8,050,000,000","8,053,000,000","10,502,000,000","8,173,000,000","7,762,000,000","7,446,000,000","6,644,000,000","5,556,500,000","6,087,100,000","4,908,800,000","4,863,700,000","4,894,900,000","5,787,000,000","4,677,400,000","4,623,200,000","4,676,500,000","5,578,300,000","4,409,200,000","4,364,500,000","4,413,400,000","5,280,900,000","4,264,400,000","4,126,100,000","4,202,500,000","5,053,000,000","4,085,100,000","4,049,000,000","4,022,300,000","5,016,900,000","4,050,900,000","3,939,700,000","4,364,600,000","4,963,900,000","3,866,500,000","3,883,800,000","3,955,800,000","4,812,900,000","3,922,800,000","3,789,100,000","3,826,100,000","4,637,300,000","3,654,800,000","3,551,500,000","3,692,800,000","4,274,600,000","3,399,900,000",,,,,,,,,,,,,,,
ReconciledDepreciation,"3,429,000,000","793,000,000","796,000,000","788,000,000","1,052,000,000","1,052,000,000","819,000,000","776,000,000","760,000,000","1,018,000,000","1,295,000,000","624,000,000","394,000,000","976,000,000","581,000,000","569,000,000","574,000,000","741,000,000","565,000,000","572,000,000","563,000,000","736,000,000","572,000,000","549,000,000","525,000,000","694,000,000","508,000,000","484,000,000","477,000,000","620,000,000","467,000,000","456,000,000","444,000,000","581,000,000","402,000,000","395,000,000","387,000,000","519,000,000","387,000,000","381,000,000","383,000,000","501,000,000","392,000,000","373,000,000","374,000,000","499,000,000","386,000,000","368,000,000","368,000,000","478,000,000","368,000,000","356,000,000","348,000,000","453,000,000","348,000,000","335,000,000","327,000,000","432,000,000","326,000,000","315,000,000","311,000,000","404,000,000","299,000,000","295,000,000","290,000,000","388,000,000","296,000,000","287,000,000","293,000,000","389,000,000","307,000,000","287,000,000","290,000,000","372,000,000","305,000,000","280,000,000","269,000,000","355,000,000","267,000,000","250,000,000","247,000,000","323,000,000","256,000,000","254,000,000","247,000,000","319,000,000","233,000,000","234,000,000","234,000,000","307,000,000","238,000,000","221,000,000","365,000,000","137,000,000","121,900,000","128,300,000","101,100,000","95,800,000","97,400,000","114,900,000","93,200,000","88,600,000","89,400,000","104,900,000","83,400,000","79,100,000","83,000,000","92,500,000","76,800,000","72,200,000","83,800,000","82,600,000","60,500,000","66,200,000","142,200,000","29,700,000","83,500,000","87,700,000","60,900,000","15,400,000","117,900,000","57,600,000","59,600,000","70,100,000","57,000,000","55,300,000","59,100,000","70,000,000","57,100,000","58,500,000","-23,600,000","101,800,000","81,500,000",,,,,,,,,,,,,,,
NetIncomeFromContinuingOperationNetMinorityInterest,"1,655,000,000","565,000,000","483,000,000","467,000,000","140,000,000","140,000,000","-77,000,000","631,000,000","819,000,000","1,212,000,000","327,000,000","263,000,000","297,000,000","772,000,000","259,000,000","317,000,000","508,000,000","2,026,000,000","854,000,000","397,000,000","353,000,000","303,000,000","506,000,000","391,000,000","383,000,000","680,000,000","559,000,000","428,000,000","433,000,000","619,000,000","518,000,000","362,000,000","347,000,000","501,000,000","422,000,000","299,000,000","317,000,000","481,000,000","462,000,000","317,000,000","279,000,000","439,000,000","-307,000,000","196,000,000","281,000,000","432,000,000","278,000,000","202,000,000","262,000,000","374,000,000","255,000,000","-875,000,000","255,000,000","435,000,000","349,000,000","237,000,000","277,000,000","386,000,000","323,000,000","254,000,000","267,000,000","337,000,000","385,000,000","215,000,000","209,000,000","306,000,000","282,000,000","185,000,000","196,000,000","294,000,000","-648,000,000","143,000,000","142,000,000","263,000,000","-337,000,000","110,000,000","190,000,000","352,000,000","324,000,000","255,000,000","273,000,000","381,000,000","351,000,000","133,000,000","256,000,000","304,000,000","357,000,000","203,000,000","218,000,000","106,000,000","246,000,000","129,000,000","56,000,000","176,000,000","179,500,000","124,400,000","94,300,000","107,300,000","147,100,000","96,500,000","108,100,000","92,300,000","125,500,000","72,300,000","78,400,000","76,500,000","109,300,000","62,700,000","82,500,000","64,500,000","92,000,000","51,200,000","70,000,000","55,700,000","86,500,000","25,200,000","29,600,000","29,500,000","68,800,000","6,900,000","4,500,000","21,000,000","41,100,000","16,600,000","32,200,000","10,800,000","67,800,000","500,000","25,300,000","-10,300,000","5,300,000","-4,000,000","1,400,000",,,,,,,,,,,,,,,
TotalUnusualItemsExcludingGoodwill,"-821,000,000","-127,000,000","-94,000,000","-122,000,000","-479,000,000","-479,000,000","153,000,000","162,000,000","368,000,000","422,000,000","-9,000,000","106,000,000","-45,000,000","282,000,000","76,000,000","-100,000,000","227,000,000","1,807,000,000",,,,,,,,,,,,,,,,,,,,,,,,,,,,,"-18,000,000","0",,,"0","-1,113,000,000",,,,,,,,,,,,,,,,,,,,,,,,,,,"0",,"-1,000,000","-15,000,000","-36,000,000","-92,000,000","-2,000,000","-2,000,000","-2,000,000","-2,000,000","-2,000,000","-200,000,000","-79,000,000","-69,000,000","-200,000,000",,,,,,,,,,,,,,,,,,,,,,,,,,,,,,"1,100,000","1,200,000","1,100,000","700,000","28,700,000","1,400,000","1,100,000","800,000","-5,500,000","30,500,000","3,500,000",,,,,,,,,,,,,,,
TotalUnusualItems,"-821,000,000","-127,000,000","-94,000,000","-122,000,000","-479,000,000","-479,000,000","153,000,000","162,000,000","368,000,000","422,000,000","-9,000,000","106,000,000","-45,000,000","282,000,000","76,000,000","-100,000,000","227,000,000","1,807,000,000",,,,,,,,,,,,,,,,,,,,,,,,,,,,,"-18,000,000","0",,,"0","-1,113,000,000",,,,,,,,,,,,,,,,,,,,,,,,,,,"0",,"-1,000,000","-15,000,000","-36,000,000","-92,000,000","-2,000,000","-2,000,000","-2,000,000","-2,000,000","-2,000,000","-200,000,000","-79,000,000","-69,000,000","-200,000,000",,,,,,,,,,,,,,,,,,,,,,,,,,,,,,"1,100,000","1,200,000","1,100,000","700,000","28,700,000","1,400,000","1,100,000","800,000","-5,500,000","30,500,000","3,500,000",,,,,,,,,,,,,,,
NormalizedEBITDA,"6,872,000,000","1,768,000,000","1,587,000,000","1,642,000,000","1,875,000,000","1,875,000,000","662,000,000","1,577,000,000","1,588,000,000","2,355,000,000","1,834,000,000","877,000,000","1,146,000,000","1,880,000,000","963,000,000","1,211,000,000","1,119,000,000","1,760,000,000","609,000,000","1,313,000,000","1,241,000,000","1,358,000,000","1,430,000,000","1,262,000,000","1,190,000,000","1,894,000,000","1,436,000,000","1,256,000,000","1,251,000,000","1,722,000,000","1,379,000,000","1,107,000,000","1,088,000,000","1,511,000,000","1,120,000,000","929,000,000","982,000,000","1,398,000,000","1,207,000,000","978,000,000","918,000,000","1,315,000,000","-33,000,000","778,000,000","862,000,000","1,310,000,000","963,000,000","774,000,000","862,000,000","1,201,000,000","874,000,000","711,000,000","847,000,000","1,297,000,000","1,007,000,000","814,000,000","875,000,000","1,197,000,000","955,000,000","760,000,000","848,000,000","1,094,000,000","993,000,000","744,000,000","738,000,000","1,032,000,000","864,000,000","702,000,000","728,000,000","1,007,000,000","-153,000,000","624,000,000","671,000,000","961,000,000","160,000,000","604,000,000","711,000,000","1,108,000,000","926,000,000","792,000,000","823,000,000","1,152,000,000","1,041,000,000","810,000,000","822,000,000","1,027,000,000","1,016,000,000","733,000,000","768,000,000","1,089,000,000","989,000,000","747,000,000","1,019,000,000","494,000,000","461,400,000","405,800,000","316,300,000","333,100,000","388,400,000","358,400,000","337,300,000","308,400,000","354,200,000","314,400,000","281,400,000","274,200,000","316,900,000","288,000,000","288,500,000","253,300,000","303,300,000","255,400,000","253,600,000","233,400,000","375,700,000","247,600,000","255,300,000","234,400,000","285,300,000","227,500,000","240,400,000","205,600,000","249,200,000","257,800,000","230,100,000","200,500,000","239,500,000","241,800,000","227,200,000","177,700,000","151,200,000","231,700,000","232,000,000","4,490,800,000","-13,960,700,000","5,584,500,000","4,504,700,000","4,315,900,000","-12,840,000,000","5,152,900,000","4,142,600,000","3,955,900,000","-12,395,700,000","4,928,400,000","4,280,800,000","4,173,100,000","-12,467,800,000","5,061,000,000"
TaxRateForCalcs,"0.188","0.204","0.138","0.211","0.201","0.202","0.309","0.242","0.227","0.235","0.182","0.356","0.245","0.229","0.208","0.228","0.202","0.234","0.27","0.356","0.35","0.333","0.314","0.35","0.311","0.35","0.307","0.358","0.344","0.346","0.344","0.32","0.342","0.35","0.301","0.293","0.355","0.355","0.338","0.355","0.345","0.345","0.35","0.353","0.276","0.374","0.368","0.317","0.316","0.365","0.351","0.35","0.346","0.367","0.358","0.365","0.365","0.37","0.373","0.242","0.383","0.381","0.334","0.371","0.382","0.374","0.376","0.385","0.374","0.359","0.4","0.35","0.38","0.369","0.4","0.375","0.375","0.375","0.376","0.375","0.375","0.375","0.385","0.4","0.389","0.39","0.4","0.4","0.4","0.398","0.4","0.4","0.4","0.371","0.352","0.38","0.38","0.38","0.356","0.39","0.385","0.385","0.366","0.385","0.385","0.385","0.337","0.385","0.398","0.39","0.36","0.29","0.388","0.389","0.346","0.4","0.4","0.4","0.398","0.4","0.4","0.4","0.4","0.4","0.361","0.4","0.374","0.4","0.4","0.214","0.4","0.4","0.4",,,,,,,,,,,,,,,
TaxEffectOfUnusualItems,"-154,348,000","-25,932,867.133","-12,972,000","-25,742,000","-96,335,195.531","-96,758,000","47,290,909.091","39,204,000","83,536,000","99,170,000","-1,638,461.538","37,736,000","-11,013,157.895","64,440,849.343","15,823,343.849","-22,800,000","45,854,000","422,593,773.728","0","0","0","0","0","0","0","0","0","0","0","0","0","0","0","0","0","0","0","0","0","0","0","0","0","0","0","0","-6,629,464.286","0","0","0","0","-389,550,000","0","0","0","0","0","0","0","0","0","0","0","0","0","0","0","0","0","0","0","0","0","0","0","0","0","0","0","0","-375,286.041","-5,631,147.541","-13,870,402.802","-36,800,000","-778,042.959","-779,116.466","-800,000","-800,000","-800,000","-79,545,454.545","-31,600,000","-27,600,000","-80,000,000","0","0","0","0","0","0","0","0","0","0","0","0","0","0","0","0","0","0","0","0","0","0","0","0","0","0","0","0","0","440,000","480,000","397,222.222","280,000","10,732,686.981","560,000","440,000","170,992.366","-2,200,000","12,200,000","1,400,000",,,,,,,,,,,,,,,