name,ttm,12/31/2021,09/30/2021,06/30/2021,03/31/2021,12/31/2020,09/30/2020,06/30/2020,03/31/2020,12/31/2019,09/30/2019,06/30/2019,03/31/2019,12/31/2018,09/30/2018,06/30/2018,03/31/2018,12/31/2017,09/30/2017,06/30/2017,03/31/2017,12/31/2016,09/30/2016,06/30/2016,03/31/2016,12/31/2015,09/30/2015,06/30/2015,03/31/2015,12/31/2014,09/30/2014,06/30/2014,03/31/2014,12/31/2013,09/30/2013,06/30/2013,03/31/2013,12/31/2012,09/30/2012,06/30/2012,03/31/2012,12/31/2011,09/30/2011,06/30/2011,03/31/2011,12/31/2010,09/30/2010,06/30/2010,03/31/2010,12/31/2009,09/30/2009,06/30/2009,03/31/2009,12/31/2008,09/30/2008,06/30/2008,03/31/2008,12/31/2007,09/30/2007,06/30/2007,03/31/2007,12/31/2006,09/30/2006,06/30/2006,03/31/2006,12/31/2005,09/30/2005,06/30/2005,03/31/2005,12/31/2004,09/30/2004,06/30/2004,03/31/2004,12/31/2003,09/30/2003,06/30/2003,03/31/2003,12/31/2002,09/30/2002,06/30/2002,03/31/2002,12/31/2001,09/30/2001,06/30/2001,03/31/2001,12/31/2000,09/30/2000,06/30/2000,03/31/2000,12/31/1999,09/30/1999,06/30/1999,03/31/1999,12/31/1998,09/30/1998,06/30/1998,03/31/1998,12/31/1997,09/30/1997,06/30/1997,03/31/1997,12/31/1996,09/30/1996,06/30/1996,03/31/1996,12/31/1995,09/30/1995,06/30/1995,03/31/1995,12/31/1994,09/30/1994,06/30/1994,03/31/1994,12/31/1993,09/30/1993,06/30/1993,03/31/1993,12/31/1992,09/30/1992,06/30/1992,03/31/1992,12/31/1991,09/30/1991,06/30/1991,03/31/1991,12/31/1990,09/30/1990,06/30/1990,03/31/1990,12/31/1989,09/30/1989,06/30/1989,03/31/1989,12/31/1988,09/30/1988,06/30/1988,03/31/1988
TotalRevenue,"16,120,900,000","4,056,100,000","4,062,600,000","3,840,700,000","4,161,500,000","4,489,800,000","3,896,100,000","2,768,800,000","2,823,800,000","2,953,400,000","2,928,500,000","2,881,700,000","2,791,200,000","2,787,500,000","2,831,300,000","2,866,300,000","2,848,300,000","2,796,300,000","2,655,200,000","2,542,900,000","2,447,000,000","2,428,400,000","2,414,700,000","2,430,700,000","2,368,000,000","2,300,500,000","2,317,300,000","2,269,100,000","1,793,200,000","1,512,700,000","1,551,800,000","1,516,400,000","1,430,700,000","1,437,000,000","1,462,200,000","1,468,200,000","1,440,900,000","1,405,300,000","1,419,400,000","1,423,400,000","1,423,300,000","1,366,100,000","1,404,500,000","1,403,300,000","1,368,400,000","1,295,400,000","1,276,500,000","1,238,400,000","1,193,600,000","1,165,100,000","1,185,100,000","1,188,800,000","1,155,700,000","1,119,100,000","1,135,100,000","1,147,800,000","1,103,200,000","1,005,800,000","1,020,600,000","1,043,100,000","998,700,000","898,600,000","909,900,000","903,700,000","878,500,000","822,300,000","852,900,000","853,300,000","799,100,000","766,500,000","781,500,000","784,300,000","752,500,000","731,500,000","752,000,000","743,700,000","712,200,000","650,100,000","655,200,000","612,400,000","590,000,000","563,800,000","560,900,000","549,700,000","525,400,000","486,000,000","488,100,000","482,400,000","462,700,000","422,700,000","428,600,000","429,500,000","417,900,000","455,200,000","398,300,000","386,100,000","373,000,000","361,400,000","376,500,000","389,600,000","391,500,000","391,200,000","402,600,000","410,000,000","403,900,000","403,400,000","417,500,000","367,300,000","243,800,000","234,900,000","248,700,000","203,900,000","185,000,000","168,900,000","194,800,000","197,000,000","199,800,000","180,300,000","183,600,000","181,100,000","176,400,000","154,300,000","153,600,000","154,100,000","141,900,000","126,400,000","126,000,000","127,400,000","122,100,000","107,700,000","100,900,000","99,900,000","93,900,000","79,000,000","78,300,000","78,300,000","78,300,000"
	OperatingRevenue,"16,120,900,000","4,056,100,000","4,062,600,000","3,840,700,000","4,161,500,000","4,489,800,000","3,896,100,000","2,768,800,000","2,823,800,000","2,953,400,000","2,928,500,000","2,881,700,000","2,791,200,000","2,798,000,000","2,831,300,000","2,866,300,000","2,848,300,000","2,701,500,000","2,597,900,000","2,498,400,000","2,408,100,000","2,387,300,000","2,372,700,000","2,382,000,000","2,295,200,000","2,244,800,000","2,269,900,000","2,218,700,000","1,772,300,000","1,512,700,000","1,551,800,000","1,516,400,000","1,430,700,000","1,437,000,000","1,462,200,000","1,468,200,000","1,440,900,000","1,405,300,000","1,419,400,000","1,423,400,000","1,423,300,000","1,366,100,000","1,404,500,000","1,403,300,000","1,368,400,000","1,295,400,000","1,276,500,000","1,238,400,000","1,193,600,000","1,165,100,000","1,185,100,000","1,188,800,000","1,155,700,000","1,119,100,000","1,135,100,000","1,147,800,000","1,103,200,000","1,005,800,000","1,020,600,000","1,043,100,000","998,700,000","898,600,000","909,900,000","903,700,000","878,500,000","822,300,000","852,900,000","853,300,000","799,100,000","766,500,000","781,500,000","784,300,000","752,500,000","731,500,000","752,000,000","743,700,000","712,200,000","650,100,000","655,200,000","612,400,000","590,000,000","563,800,000","560,900,000","549,700,000","525,400,000","486,000,000","488,100,000","482,400,000","462,700,000","422,700,000","428,600,000","429,500,000","417,900,000","455,200,000","398,300,000","386,100,000","373,000,000","361,400,000","376,500,000","389,600,000","391,500,000","391,200,000","402,600,000","410,000,000","403,900,000","403,400,000","417,500,000","367,300,000","243,800,000","234,900,000","248,700,000","203,900,000","185,000,000","168,900,000","194,800,000","197,000,000","199,800,000","180,300,000","183,600,000","181,100,000","176,400,000","154,300,000","153,600,000","154,100,000","141,900,000","126,400,000","126,000,000","127,400,000","122,100,000","107,700,000","100,900,000","99,900,000","93,900,000","79,000,000","78,300,000","78,300,000","78,300,000"
CostOfRevenue,"10,496,600,000","2,681,100,000","2,677,100,000","2,575,900,000","2,562,500,000","2,584,900,000","2,336,700,000","2,008,300,000","2,095,800,000","2,132,700,000","2,111,200,000","2,056,900,000","2,001,500,000","2,015,100,000","2,041,400,000","2,031,200,000","2,069,300,000","1,880,500,000","1,772,400,000","1,681,100,000","1,643,400,000","1,640,400,000","1,626,300,000","1,603,900,000","1,590,700,000","1,559,900,000","1,554,400,000","1,494,500,000","1,197,200,000","966,200,000","980,600,000","947,800,000","913,900,000","910,900,000","914,600,000","890,900,000","868,700,000","867,300,000","863,300,000","843,900,000","847,200,000","816,500,000","836,000,000","815,100,000","800,000,000","765,800,000","748,800,000","704,800,000","686,700,000","689,100,000","687,000,000","681,400,000","666,300,000","669,200,000","673,500,000","656,000,000","632,700,000","600,400,000","598,500,000","601,100,000","577,000,000","519,600,000","525,000,000","510,900,000","505,800,000","489,800,000","498,300,000","488,400,000","460,800,000","460,400,000","455,600,000","444,600,000","434,900,000","430,800,000","441,100,000","427,200,000","415,700,000","396,200,000","381,900,000","336,100,000","331,600,000","338,700,000","322,900,000","308,800,000","303,800,000","288,500,000","276,200,000","266,100,000","265,400,000","259,100,000","252,500,000","251,600,000","253,200,000","252,000,000","257,800,000","243,900,000","242,000,000","254,600,000","249,300,000","257,500,000","262,900,000","266,300,000","286,500,000","286,400,000","289,800,000","289,400,000","288,000,000","246,600,000","154,900,000","153,200,000","159,800,000","129,900,000","126,000,000","115,300,000","102,600,000","101,100,000","102,400,000","102,900,000","101,000,000","92,800,000","89,600,000","74,100,000","81,600,000","80,500,000","74,300,000","60,600,000","68,300,000","67,200,000","64,800,000","52,800,000","55,700,000","53,100,000","49,700,000",,,,
GrossProfit,"5,624,300,000","1,375,000,000","1,385,500,000","1,264,800,000","1,599,000,000","1,904,900,000","1,559,400,000","760,500,000","728,000,000","820,700,000","817,300,000","824,800,000","789,700,000","772,400,000","789,900,000","835,100,000","779,000,000","915,800,000","882,800,000","861,800,000","803,600,000","788,000,000","788,400,000","826,800,000","777,300,000","740,600,000","762,900,000","774,600,000","596,000,000","546,500,000","571,200,000","568,600,000","516,800,000","526,100,000","547,600,000","577,300,000","572,200,000","538,000,000","556,100,000","579,500,000","576,100,000","549,600,000","568,500,000","588,200,000","568,400,000","529,600,000","527,700,000","533,600,000","506,900,000","476,000,000","498,100,000","507,400,000","489,400,000","449,900,000","461,600,000","491,800,000","470,500,000","405,400,000","422,100,000","442,000,000","421,700,000","379,000,000","384,900,000","392,800,000","372,700,000","332,500,000","354,600,000","364,900,000","338,300,000","306,100,000","325,900,000","339,700,000","317,600,000","300,700,000","310,900,000","316,500,000","296,500,000","253,900,000","273,300,000","276,300,000","258,400,000","225,100,000","238,000,000","240,900,000","221,600,000","197,500,000","211,900,000","216,300,000","197,300,000","163,600,000","176,100,000","177,900,000","164,700,000","203,200,000","140,500,000","142,200,000","131,000,000","106,800,000","127,200,000","132,100,000","128,600,000","124,900,000","116,100,000","123,600,000","114,100,000","114,000,000","129,500,000","120,700,000","88,900,000","81,700,000","88,900,000","74,000,000","59,000,000","53,600,000","92,200,000","95,900,000","97,400,000","77,400,000","82,600,000","88,300,000","86,800,000","80,200,000","72,000,000","73,600,000","67,600,000","65,800,000","57,700,000","60,200,000","57,300,000","54,900,000","45,200,000","46,800,000","44,200,000",,,,
OperatingExpense,"2,321,700,000","636,600,000","612,100,000","551,100,000","521,900,000","608,800,000","481,700,000","456,400,000","457,800,000","478,100,000","463,200,000","475,500,000","450,900,000","453,100,000","436,500,000","453,700,000","459,300,000","555,300,000","519,900,000","486,700,000","467,000,000","454,800,000","441,600,000","453,300,000","456,200,000","443,200,000","429,600,000","439,000,000","446,500,000","325,100,000","324,000,000","319,900,000","305,900,000","307,100,000","299,300,000","301,400,000","302,700,000","302,000,000","306,200,000","300,100,000","292,600,000","291,500,000","305,000,000","344,200,000","304,700,000","292,000,000","288,500,000","263,100,000","263,400,000","256,900,000","263,200,000","252,500,000","248,900,000","241,300,000","241,700,000","280,600,000","229,400,000","210,900,000","211,900,000","222,500,000","218,300,000","216,300,000","207,900,000","203,200,000","203,900,000","189,800,000","193,000,000","191,800,000","180,700,000","169,900,000","173,100,000","175,500,000","173,300,000","171,800,000","172,200,000","173,600,000","171,800,000","165,600,000","159,600,000","142,200,000","142,000,000","147,700,000","137,700,000","138,300,000","134,300,000","145,400,000","142,600,000","145,000,000","139,900,000","130,500,000","136,000,000","135,800,000","130,300,000","176,600,000","106,200,000","104,800,000","101,600,000","284,100,000","100,500,000","101,200,000","100,800,000","288,200,000","96,500,000","103,500,000","86,300,000","171,500,000","86,300,000","75,900,000","52,200,000","55,400,000","54,400,000","43,500,000","40,400,000","36,400,000","38,500,000","38,600,000","40,100,000","34,900,000","30,500,000","36,200,000","35,500,000","30,900,000","30,500,000","30,200,000","28,300,000","25,000,000","25,600,000","25,500,000","24,500,000","21,800,000","20,400,000","18,400,000","17,700,000",,,,
	SellingGeneralAndAdministration,"1,952,100,000","543,700,000","519,900,000","458,700,000","429,800,000","518,000,000","419,500,000","396,300,000","395,500,000","413,900,000","401,500,000","415,300,000","393,800,000","396,900,000","381,800,000","395,200,000","397,000,000","492,400,000","465,300,000","435,300,000","419,400,000","406,000,000","400,500,000","408,000,000","411,900,000","404,900,000","382,500,000","392,400,000","415,100,000","309,700,000","305,700,000","297,900,000","284,900,000","285,700,000","279,000,000","280,900,000","283,200,000","278,800,000","285,100,000","279,500,000","271,200,000","270,300,000","283,800,000","322,700,000","282,800,000","272,400,000","270,500,000","245,400,000","246,000,000","240,500,000","247,300,000","237,300,000","233,800,000","226,400,000","227,100,000","266,000,000","215,600,000","196,600,000","198,000,000","209,100,000","205,000,000","203,100,000","194,900,000","190,200,000","190,900,000","176,700,000","179,900,000","178,700,000","168,600,000","158,900,000","162,200,000","165,000,000","163,000,000","161,700,000","162,700,000","164,100,000","163,300,000","158,200,000","153,400,000","137,000,000","136,900,000","136,100,000","128,000,000","127,400,000","125,000,000","123,700,000","118,700,000","122,100,000","118,400,000","109,000,000","115,600,000","114,400,000","109,100,000","155,300,000","86,000,000","83,400,000","80,300,000","262,200,000","79,400,000","79,300,000","78,900,000","267,000,000","75,600,000","81,900,000","65,500,000","151,200,000","66,900,000","57,400,000","38,000,000","43,700,000","41,100,000","33,500,000","31,000,000","31,000,000","29,300,000","29,800,000","31,300,000","29,500,000","30,500,000","29,300,000","28,600,000","24,800,000","25,100,000","25,000,000","23,000,000","21,100,000","20,800,000","20,600,000","19,700,000","18,100,000","16,500,000","15,500,000","14,900,000",,,,
	DepreciationAmortizationDepletionIncomeStatement,"369,600,000","92,900,000","92,200,000","92,400,000","92,100,000","90,800,000","62,200,000","60,100,000","62,300,000","64,200,000","61,700,000","60,200,000","57,100,000","56,200,000","54,700,000","58,500,000","62,300,000","62,900,000","54,600,000","51,400,000","47,600,000","48,800,000","41,100,000","45,300,000","44,300,000","38,300,000","47,100,000","46,600,000","31,400,000","15,400,000","18,300,000","22,000,000","21,000,000","21,400,000","20,300,000","20,500,000","19,500,000","23,200,000","21,100,000","20,600,000","21,400,000","21,200,000","21,200,000","21,500,000","21,900,000","19,600,000","18,000,000","17,700,000","17,400,000","16,400,000","15,900,000","15,200,000","15,100,000","14,900,000","14,600,000","14,600,000","13,800,000","14,300,000","13,900,000","13,400,000","13,300,000","13,200,000","13,000,000","13,000,000","13,000,000","13,100,000","13,100,000","13,100,000","12,100,000","11,000,000","10,900,000","10,500,000","10,300,000","10,100,000","9,500,000","9,500,000","8,500,000","7,400,000","6,200,000","5,200,000","5,100,000","11,600,000","9,700,000","10,900,000","9,300,000","21,700,000","23,900,000","22,900,000","21,500,000","21,500,000","20,400,000","21,400,000","21,200,000","21,300,000","20,200,000","21,400,000","21,300,000","21,900,000","21,100,000","21,900,000","21,900,000","21,200,000","20,900,000","21,600,000","20,800,000","20,300,000","19,400,000","18,500,000","14,200,000","11,700,000","13,300,000","10,000,000","9,400,000","5,400,000","9,200,000","8,800,000","8,800,000","5,400,000",,"6,900,000","6,900,000","6,100,000","5,400,000","5,200,000","5,300,000","3,900,000","4,800,000","4,900,000","4,800,000","3,700,000","3,900,000","2,900,000","2,800,000",,,,
		DepreciationAndAmortizationInIncomeStatement,"369,600,000","92,900,000","92,200,000","92,400,000","92,100,000","90,800,000","62,200,000","60,100,000","62,300,000","64,200,000","61,700,000","60,200,000","57,100,000","56,200,000","54,700,000","58,500,000","62,300,000","62,900,000","54,600,000","51,400,000","47,600,000","48,800,000","41,100,000","45,300,000","44,300,000","38,300,000","47,100,000","46,600,000","31,400,000","15,400,000","18,300,000","22,000,000","21,000,000","21,400,000","20,300,000","20,500,000","19,500,000","23,200,000","21,100,000","20,600,000","21,400,000","21,200,000","21,200,000","21,500,000","21,900,000","19,600,000","18,000,000","17,700,000","17,400,000","16,400,000","15,900,000","15,200,000","15,100,000","14,900,000","14,600,000","14,600,000","13,800,000","14,300,000","13,900,000","13,400,000","13,300,000","13,200,000","13,000,000","13,000,000","13,000,000","13,100,000","13,100,000","13,100,000","12,100,000","11,000,000","10,900,000","10,500,000","10,300,000","10,100,000","9,500,000","9,500,000","8,500,000","7,400,000","6,200,000","5,200,000","5,100,000","11,600,000","9,700,000","10,900,000","9,300,000","21,700,000","23,900,000","22,900,000","21,500,000","21,500,000","20,400,000","21,400,000","21,200,000","21,300,000","20,200,000","21,400,000","21,300,000","21,900,000","21,100,000","21,900,000","21,900,000","21,200,000","20,900,000","21,600,000","20,800,000","20,300,000","19,400,000","18,500,000","14,200,000","11,700,000","13,300,000","10,000,000","9,400,000","5,400,000","9,200,000","8,800,000","8,800,000","5,400,000",,"6,900,000","6,900,000","6,100,000","5,400,000","5,200,000","5,300,000","3,900,000","4,800,000","4,900,000","4,800,000","3,700,000","3,900,000","2,900,000","2,800,000",,,,
			Amortization,"369,600,000","92,900,000","92,200,000","92,400,000","92,100,000","90,800,000","62,200,000","60,100,000","62,300,000","64,200,000","61,700,000","60,200,000","57,100,000","56,200,000","54,700,000","58,500,000","62,300,000","62,900,000","54,600,000","51,400,000","47,600,000","48,800,000","41,100,000","45,300,000","44,300,000","38,300,000","47,100,000","46,600,000","31,400,000","15,400,000","18,300,000","22,000,000","21,000,000","21,400,000","20,300,000","20,500,000","19,500,000","23,200,000","21,100,000","20,600,000","21,400,000","21,200,000","21,200,000","21,500,000","21,900,000","19,600,000","18,000,000","17,700,000","17,400,000","16,400,000","15,900,000","15,200,000","15,100,000","14,900,000","14,600,000","14,600,000","13,800,000","14,300,000","13,900,000","13,400,000","13,300,000","13,200,000","13,000,000","13,000,000","13,000,000","13,100,000","13,100,000","13,100,000","12,100,000","11,000,000","10,900,000","10,500,000","10,300,000","10,100,000","9,500,000","9,500,000","8,500,000","7,400,000","6,200,000","5,200,000","5,100,000","11,600,000","9,700,000","10,900,000","9,300,000",,,,,,,,,,,,,,,,,,,,,,,,,,,,,,,,,,,,,,,,,,,,,,,,,,,,
				AmortizationOfIntangiblesIncomeStatement,"369,600,000","92,900,000","92,200,000","92,400,000","92,100,000","90,800,000","62,200,000","60,100,000","62,300,000","64,200,000","61,700,000","60,200,000","57,100,000","56,200,000","54,700,000","58,500,000","62,300,000","62,900,000","54,600,000","51,400,000","47,600,000","48,800,000","41,100,000","45,300,000","44,300,000","38,300,000","47,100,000","46,600,000","31,400,000","15,400,000","18,300,000","22,000,000","21,000,000","21,400,000","20,300,000","20,500,000","19,500,000","23,200,000","21,100,000","20,600,000","21,400,000","21,200,000","21,200,000","21,500,000","21,900,000","19,600,000","18,000,000","17,700,000","17,400,000","16,400,000","15,900,000","15,200,000","15,100,000","14,900,000","14,600,000","14,600,000","13,800,000","14,300,000","13,900,000","13,400,000","13,300,000","13,200,000","13,000,000","13,000,000","13,000,000","13,100,000","13,100,000","13,100,000","12,100,000","11,000,000","10,900,000","10,500,000","10,300,000","10,100,000","9,500,000","9,500,000","8,500,000","7,400,000","6,200,000","5,200,000","5,100,000","11,600,000","9,700,000","10,900,000","9,300,000",,,,,,,,,,,,,,,,,,,,,,,,,,,,,,,,,,,,,,,,,,,,,,,,,,,,
OperatingIncome,"3,302,600,000","738,400,000","773,400,000","713,700,000","1,077,100,000","1,296,100,000","1,077,700,000","304,100,000","270,200,000","342,600,000","354,100,000","349,300,000","338,800,000","319,300,000","353,400,000","381,400,000","319,700,000","360,500,000","362,900,000","375,100,000","336,600,000","333,200,000","346,800,000","373,500,000","321,100,000","297,400,000","333,300,000","335,600,000","149,500,000","221,400,000","247,200,000","248,700,000","210,900,000","219,000,000","248,300,000","275,900,000","269,500,000","236,000,000","249,900,000","279,400,000","283,500,000","258,100,000","263,500,000","244,000,000","263,700,000","237,600,000","239,200,000","270,500,000","243,500,000","219,100,000","234,900,000","254,900,000","240,500,000","208,600,000","219,900,000","211,200,000","241,100,000","194,500,000","210,200,000","219,500,000","203,400,000","162,700,000","177,000,000","189,600,000","168,800,000","142,700,000","161,600,000","173,100,000","157,600,000","136,200,000","152,800,000","164,200,000","144,300,000","128,900,000","138,700,000","142,900,000","124,700,000","88,300,000","113,700,000","134,100,000","116,400,000","77,400,000","100,300,000","102,600,000","87,300,000","52,100,000","69,300,000","71,300,000","57,400,000","33,100,000","40,100,000","42,100,000","34,400,000","26,600,000","34,300,000","37,400,000","29,400,000","-177,300,000","26,700,000","30,900,000","27,800,000","-163,300,000","19,600,000","20,100,000","27,800,000","-57,500,000","43,200,000","44,800,000","36,700,000","26,300,000","34,500,000","30,500,000","18,600,000","17,200,000","53,700,000","57,300,000","57,300,000","42,500,000","52,100,000","52,100,000","51,300,000","49,300,000","41,500,000","43,400,000","39,300,000","40,800,000","32,100,000","34,700,000","32,800,000","33,100,000","24,800,000","28,400,000","26,500,000","79,000,000","78,300,000","78,300,000","78,300,000"
NetNonOperatingInterestIncomeExpense,"-212,100,000","-43,100,000","-42,200,000","-78,300,000","-48,500,000","-48,300,000","-51,400,000","-52,700,000","-55,000,000","-64,400,000","-60,500,000","-59,100,000","-56,700,000","-58,200,000","-59,400,000","-63,100,000","-63,500,000","-67,800,000","-59,900,000","-55,000,000","-52,400,000","-52,900,000","-58,200,000","-53,500,000","-54,500,000","-56,800,000","-55,800,000","-57,900,000","-104,300,000","-32,100,000","-25,900,000","-25,800,000","-25,700,000","-24,200,000","-24,700,000","-23,100,000","-24,500,000","-28,300,000","-23,800,000","-21,100,000","-21,500,000","-22,200,000","-20,300,000","-21,000,000","-23,700,000","-19,000,000","-21,300,000","-14,300,000","-14,300,000","-14,200,000","-14,700,000","-15,800,000","-16,600,000",,,,,,,,,,,,,,,,,,,,,,,,,,,,,,,,,,,,,,,,,,,,,,,,,,,,,,,,,,,,,,,,,,,,,,,,,,,,,,,,,,,,
	InterestIncomeNonOperating,,,,,,,,,,,,,,,,,,,,,,,,,,,,,,,,,,,,,,,"300,000","200,000","200,000",,"200,000","200,000","300,000","300,000","300,000","200,000","300,000","500,000","300,000","400,000","400,000",,,,,,,,,,,,,,,,,,,,,,,,,,,,,,,,,,,,,,,,,,,,,,,,,,,,,,,,,,,,,,,,,,,,,,,,,,,,,,,,,,,,
	InterestExpenseNonOperating,"212,100,000","43,100,000","42,200,000","78,300,000","48,500,000","48,300,000","51,400,000","52,700,000","55,000,000","64,400,000","60,500,000","59,100,000","56,700,000","58,200,000","59,400,000","63,100,000","63,500,000","67,800,000","59,900,000","55,000,000","52,400,000","52,900,000","58,200,000","53,500,000","54,500,000","56,800,000","55,800,000","57,900,000","104,300,000","32,100,000","25,900,000","25,800,000","25,700,000","24,200,000","24,700,000","23,100,000","24,500,000","27,600,000","24,100,000","21,300,000","21,500,000","22,200,000","20,300,000","21,000,000","24,000,000","19,300,000","21,600,000","14,500,000","14,600,000","14,700,000","15,000,000","16,200,000","17,000,000",,,,,,,,,,,,,,,,,,,,,,,,,,,,,,,,,,,,,,,,,,,,,,,,,,,,,,,,,,,,,,,,,,,,,,,,,,,,,,,,,,,,
OtherIncomeExpense,"36,100,000","-9,400,000","37,000,000","15,200,000","-6,800,000","-5,100,000","-79,200,000","45,600,000","-482,900,000","14,700,000","-6,200,000","-20,200,000","-27,400,000","-46,600,000","205,600,000","-5,600,000","-14,700,000","-3,700,000","-21,900,000","-35,000,000","-4,500,000","-3,700,000","-25,200,000","-6,700,000","-10,600,000","-54,500,000","-27,100,000","-13,400,000","-14,900,000","-1,800,000","-2,300,000","9,600,000","2,500,000","6,600,000","6,400,000","-2,800,000","-3,600,000","-16,200,000","800,000","-2,100,000","7,600,000","-10,900,000","-23,100,000","-15,700,000","-26,300,000","-2,700,000","-1,300,000","3,800,000","-6,100,000","-1,700,000","2,900,000","-7,000,000","2,300,000","-4,200,000","-13,200,000","-12,500,000","4,300,000","11,200,000","-10,500,000","12,500,000","18,100,000","19,500,000","18,000,000","17,900,000","15,200,000","10,800,000","4,200,000","11,300,000","13,800,000","16,000,000","13,200,000","11,300,000","12,500,000","12,600,000","8,000,000","11,100,000","9,700,000","4,100,000","-10,400,000","1,400,000","200,000","1,000,000","-9,600,000","-300,000","600,000","-4,200,000","900,000","-1,400,000","100,000","200,000","-1,900,000","200,000","-1,100,000","-200,000","300,000","100,000","2,100,000","500,000","500,000","600,000","800,000","185,700,000","-184,400,000","-22,800,000","700,000","75,300,000","400,000","-74,700,000","400,000","300,000","-20,800,000","300,000","200,000","200,000","15,600,000","300,000","400,000","-127,500,000","-2,100,000","-700,000","-2,100,000","-6,700,000","1,000,000","800,000","700,000","-6,600,000","800,000","1,600,000","900,000",,,,"100,000",,,,
	GainOnSaleOfSecurity,"10,200,000","1,900,000","3,200,000","2,700,000","2,400,000","2,600,000","2,600,000","2,500,000","2,600,000","4,000,000","2,900,000","1,400,000","600,000","3,300,000","2,800,000","800,000","600,000","700,000","700,000","400,000","300,000","200,000","600,000","400,000","500,000","500,000","400,000","300,000","600,000","200,000","300,000","400,000","200,000","0","1,800,000","200,000","200,000","300,000",,,,,,,,,,,,,,,,,,,,,,,,,,,,,,,,,,,,,,,,,,,,,,,,,,,,,,,,,,,,,,,,,,,,,,,,,,,,,,,,,,,,,,,,,,,,,,,,,,,
	EarningsFromEquityInterest,"26,500,000","5,600,000","8,400,000","8,000,000","4,500,000","4,700,000","3,000,000","1,800,000","-6,600,000","1,900,000","2,400,000","2,500,000","3,000,000","3,100,000","3,000,000","3,000,000","2,500,000","1,300,000","3,200,000","4,500,000","2,300,000","2,000,000","2,600,000","1,900,000","1,400,000","2,400,000","2,100,000","2,900,000","2,700,000","3,900,000","3,700,000","3,700,000","3,000,000","4,600,000","3,600,000","4,400,000","4,300,000","4,000,000","5,100,000","8,000,000","4,300,000","2,900,000","2,500,000","2,600,000","1,500,000","-2,000,000","4,200,000","4,600,000","3,800,000","2,900,000","4,200,000","3,900,000","2,800,000",,"3,700,000","3,600,000","4,400,000","21,300,000","20,900,000","19,300,000","16,400,000","17,100,000","16,300,000","17,900,000","15,400,000","16,900,000","13,800,000","13,900,000","13,700,000","13,700,000","12,900,000","12,100,000","12,600,000","11,100,000","11,500,000","11,300,000","9,800,000",,,,,,,,,,,,,,,,,,,,,,,,,,,,,,,,,,,,,,,,,,,,,,,,,,,,,,,,,,,,
	SpecialIncomeCharges,"-43,100,000","-7,900,000","-6,500,000","-9,600,000","-19,200,000","-2,900,000","-30,600,000","-6,400,000","-462,800,000","-6,200,000","-14,200,000","-13,600,000","-20,600,000","-11,600,000","-10,000,000","-12,200,000","-14,300,000","-6,300,000","-21,600,000","-39,100,000","-3,900,000","-9,800,000","-22,800,000","-6,600,000","-19,200,000","-54,000,000","-26,400,000","-14,300,000","-19,300,000","-2,400,000","-5,800,000","-2,000,000","-7,600,000","-4,000,000","-3,700,000","-6,600,000","-7,500,000","-14,000,000","-4,300,000","-10,100,000","3,300,000","-13,800,000","-25,600,000","-18,300,000","-27,800,000","-700,000","-5,500,000","-800,000","-9,900,000","-4,600,000","-1,300,000","-7,000,000","-500,000","7,500,000","-16,900,000","-16,100,000","-100,000","-10,100,000","-31,400,000","-6,800,000","1,700,000","2,400,000","1,700,000",,"-200,000","-6,100,000","-9,600,000","-2,600,000","100,000","2,300,000","300,000","-800,000","-100,000","1,500,000","-3,500,000","-200,000","-100,000","-9,300,000","-10,400,000","1,400,000","200,000","1,000,000","-9,600,000","-300,000","600,000","-4,200,000","900,000","-1,400,000","100,000","200,000","-1,900,000","200,000","-1,100,000","-200,000","300,000","100,000","2,100,000","500,000","500,000","600,000","800,000","185,700,000","-184,400,000","-22,800,000","700,000","75,300,000","400,000","-74,700,000","400,000","300,000","-20,800,000","300,000","200,000","200,000","15,600,000","300,000","400,000","-127,500,000","-2,100,000","-700,000","-2,100,000","-6,700,000","1,000,000","800,000","700,000","-6,600,000","800,000","1,600,000","900,000",,,,"100,000",,,,
		RestructuringAndMergernAcquisition,"43,100,000","7,900,000","6,500,000","9,600,000","19,200,000","1,700,000","7,100,000","3,100,000","25,400,000","6,200,000","14,200,000","13,600,000","20,600,000","11,600,000","10,000,000","12,200,000","14,300,000","6,300,000","21,600,000","39,100,000","3,900,000","9,800,000","22,800,000","6,600,000","19,200,000","54,000,000","26,400,000","14,300,000","19,300,000","2,400,000","5,800,000","2,000,000","7,600,000","4,000,000","3,700,000","6,600,000","7,500,000","20,700,000","4,800,000","3,400,000","-3,600,000","10,600,000","24,100,000","18,300,000","27,900,000","-1,200,000","3,900,000","0","9,300,000","3,300,000","0","10,200,000",,"4,200,000","17,700,000","16,000,000",,"12,300,000","31,300,000","7,000,000",,"0","1,000,000",,,"6,900,000","10,000,000",,,,,,,"-1,800,000","3,300,000",,,"0","17,500,000",,,,,,,,,,,,,,,,,,,,,,,,,,,,,,,,,,,,,,,,,,,,,,,,,,,,,,,,,,
		ImpairmentOfCapitalAssets,"0","0","0","0","0","1,200,000","23,500,000","3,300,000","437,400,000",,,,,,,,,,,,,,,,,,,,,,,,,,,,,,,,,,,,,,,,,,,,,,,,,,,,,,,,,,,,,,,,,,,,,,,,,,,,,,,,,,,,,,,,,,,,,,,,,,,,,,,,,,,,,,,,,,,,,,,,,,,,,,,,
		OtherSpecialCharges,,,,,,,,"-6,500,000",,,,,,,,,,,,,,,,,,,,,,,,,,,,,,,"-500,000","6,700,000","300,000","3,200,000","1,500,000","200,000","-100,000","1,900,000","1,600,000","800,000","600,000","1,300,000","1,300,000","700,000",,"2,700,000","-800,000","100,000",,"-2,200,000","100,000","-200,000",,"-2,400,000","-2,700,000",,,"-800,000","-400,000",,,,,,,"300,000","200,000",,,"9,300,000","-7,100,000",,,,,,,,,,,,,,,,,,,,,,,,,,,,,,,,,,,,,,,,,,,,,,,,,,,,,,,,,,
		GainOnSaleOfBusiness,,,,,,,,,,,,,,,,,,,,,,,,,,,,,,,,,,,,,,,,,,,,,,,,,,,,"3,900,000",,,,,,,,,,,,,,,,,,,,,,,,,,,,,,,,,,,,,,,,,,,,,,,,,,,,,,,,,,,,,,,,,,,,,,,,,,,,,,,,,,,,,
	OtherNonOperatingIncomeExpenses,"42,500,000","-9,000,000","31,900,000","14,100,000","5,500,000","-9,500,000","-54,200,000","47,700,000","-16,100,000","15,000,000","2,700,000","-10,500,000","-10,400,000","-41,400,000","209,800,000","2,800,000","-3,500,000","600,000","-4,200,000","-800,000","-3,200,000","3,900,000","-5,600,000","-2,400,000","6,700,000","-3,400,000","-3,200,000","-2,300,000","1,100,000","-3,500,000","-500,000","7,500,000","6,900,000","-1,200,000","4,700,000","-800,000","-600,000","-500,000",,,,,,,,,,,,,,,,,,,,,,,,,,,,,,,,,,,,,,,,,,,,,,,,,,,,,,,,,,,,,,,,,,,,,,,,,,,,,,,,,,,,,,,,,,,,,,,,,,,
PretaxIncome,"3,126,600,000","686,000,000","768,200,000","650,600,000","1,021,800,000","1,242,700,000","947,100,000","297,000,000","-267,700,000","292,900,000","287,400,000","270,000,000","254,700,000","214,500,000","499,600,000","312,700,000","241,500,000","289,000,000","281,100,000","285,100,000","279,700,000","276,600,000","263,400,000","313,300,000","256,000,000","186,100,000","250,400,000","264,300,000","30,300,000","187,500,000","219,000,000","232,500,000","187,700,000","194,200,000","230,000,000","250,000,000","241,400,000","191,500,000","226,900,000","256,200,000","269,600,000","225,000,000","220,100,000","207,300,000","213,700,000","215,900,000","216,600,000","260,000,000","223,100,000","203,200,000","223,100,000","232,100,000","226,200,000","185,800,000","186,900,000","177,800,000","221,900,000","186,900,000","187,100,000","219,400,000","208,900,000","169,800,000","183,100,000","195,900,000","172,100,000","144,600,000","157,400,000","175,800,000","162,900,000","143,700,000","157,000,000","166,600,000","148,000,000","131,500,000","137,200,000","146,400,000","125,300,000","90,600,000","98,000,000","131,300,000","112,400,000","74,200,000","84,200,000","94,800,000","79,100,000","38,700,000","60,700,000","60,600,000","47,600,000","22,900,000","27,800,000","32,000,000","22,800,000","14,900,000","22,300,000","25,400,000","18,800,000","-190,800,000","13,400,000","10,200,000","5,900,000","2,100,000","-182,500,000","-19,700,000","11,800,000","800,000","26,200,000","-47,300,000","23,400,000","14,200,000","2,100,000","24,800,000","14,300,000","13,600,000","66,200,000","55,200,000","56,100,000","-87,500,000","49,600,000","51,400,000","48,600,000","42,600,000","42,500,000","44,200,000","40,000,000","34,200,000","32,900,000","36,300,000","33,700,000","28,200,000","24,800,000","28,200,000","26,600,000",,,,
TaxProvision,"747,100,000","132,400,000","180,400,000","182,600,000","251,700,000","304,100,000","243,400,000","65,400,000","49,200,000","65,600,000","66,400,000","79,300,000","68,800,000","56,300,000","180,600,000","78,600,000","69,000,000","-420,200,000","97,700,000","96,200,000","87,200,000","92,000,000","83,600,000","114,800,000","95,500,000","71,600,000","97,300,000","95,600,000","29,300,000","67,600,000","81,500,000","90,800,000","74,200,000","67,500,000","81,300,000","97,700,000","93,800,000","70,900,000","78,500,000","102,400,000","107,600,000","86,800,000","82,500,000","80,600,000","83,100,000","80,800,000","73,500,000","102,800,000","86,900,000","57,400,000","88,500,000","92,700,000","90,400,000","67,700,000","75,000,000","73,600,000","91,600,000","72,500,000","75,900,000","90,700,000","86,400,000","66,100,000","73,500,000","79,500,000","70,200,000","55,700,000","62,700,000","69,800,000","66,300,000","58,900,000","64,400,000","68,300,000","60,700,000","53,900,000","54,100,000","60,000,000","51,400,000","37,600,000","40,700,000","52,800,000","46,600,000","33,400,000","37,900,000","42,700,000","35,600,000","17,800,000","27,900,000","27,900,000","21,900,000","8,700,000","10,600,000","12,200,000","8,700,000","-20,400,000","10,900,000","12,600,000","9,500,000","-72,100,000","8,000,000","6,100,000","3,500,000","900,000","-36,100,000","-5,500,000","5,900,000","400,000","11,800,000","-15,700,000","10,600,000","6,500,000","1,900,000","10,700,000","6,200,000","5,900,000","28,000,000","22,000,000","22,500,000","-36,900,000","19,500,000","20,000,000","18,900,000","15,800,000","16,900,000","17,200,000","15,500,000","13,200,000","12,700,000","14,800,000","13,800,000","11,300,000","9,900,000","11,100,000","10,800,000",,,,
EarningsFromEquityInterestNetOfTax,,,,,,,,,,,,,,,,,,,,,,,,,,,,,,,,,,,,,,,,,,,,,,,"4,200,000","4,600,000","3,800,000",,,,,,,,,,,,,,,,,,,,,,,,,,,,,,,,,,,,,,,,,,,,,,,,,,,,,,,,,,,,,,,,,,,,,,,,,,,,,,,,,,,,,,,,
NetIncomeCommonStockholders,"2,377,300,000","553,000,000","587,300,000","467,400,000","769,600,000","938,300,000","703,400,000","231,600,000","-317,200,000","227,100,000","220,700,000","190,400,000","185,600,000","157,900,000","318,800,000","233,800,000","173,200,000","706,800,000","180,600,000","188,600,000","192,200,000","184,400,000","179,500,000","198,200,000","160,200,000","114,300,000","152,800,000","168,400,000","700,000","119,600,000","137,200,000","141,300,000","113,100,000","126,300,000","148,300,000","151,900,000","147,200,000","120,200,000","148,000,000","153,300,000","161,600,000","135,400,000","134,300,000","122,900,000","127,100,000","131,800,000","140,000,000","153,700,000","132,700,000","142,700,000","131,400,000","136,400,000","132,800,000","118,100,000","111,900,000","104,200,000","130,300,000","114,400,000","111,200,000","128,700,000","122,500,000","103,700,000","109,600,000","116,400,000","101,900,000","88,900,000","94,700,000","106,000,000","96,600,000","84,800,000","92,600,000","98,300,000","87,300,000","77,600,000","83,100,000","86,400,000","73,900,000","53,000,000","57,300,000","78,500,000","65,800,000","40,800,000","43,100,000","52,100,000","43,500,000","20,700,000","32,800,000","13,100,000","11,000,000","1,000,000","4,300,000","7,300,000","3,100,000","25,100,000","300,000","1,300,000","-1,700,000","-128,900,000","-6,600,000","2,900,000","2,400,000","1,200,000","-146,400,000","-14,200,000","5,900,000","400,000","14,400,000","-39,900,000","12,800,000","7,700,000","200,000","14,100,000","8,100,000","7,700,000","38,200,000","33,200,000","33,600,000","-50,600,000","30,100,000","31,400,000","29,700,000","26,800,000","25,600,000","27,000,000","24,500,000","21,000,000","20,200,000","21,500,000","19,900,000","16,900,000","14,900,000","17,100,000","15,800,000",,,,
	NetIncome,"2,377,300,000","553,000,000","587,300,000","467,400,000","769,600,000","938,300,000","703,400,000","231,600,000","-317,200,000","227,100,000","220,700,000","190,400,000","185,600,000","157,900,000","318,800,000","233,800,000","173,200,000","706,800,000","180,600,000","188,600,000","192,200,000","184,400,000","179,500,000","198,200,000","160,200,000","114,300,000","152,800,000","168,400,000","700,000","119,600,000","137,200,000","141,300,000","113,100,000","126,300,000","148,300,000","151,900,000","147,200,000","120,200,000","148,000,000","153,300,000","161,600,000","135,400,000","134,300,000","122,900,000","127,100,000","131,800,000","140,000,000","153,700,000","132,700,000","142,700,000","131,400,000","139,400,000","132,800,000","118,100,000","111,900,000","104,200,000","130,300,000","114,400,000","111,200,000","128,700,000","122,500,000","103,700,000","109,600,000","116,400,000","101,900,000","88,900,000","94,700,000","106,000,000","96,600,000","84,800,000","92,600,000","98,300,000","87,300,000","77,600,000","83,100,000","86,400,000","73,900,000","53,000,000","57,300,000","78,500,000","65,800,000","40,800,000","43,100,000","52,100,000","43,500,000","20,900,000","32,800,000","32,700,000","25,700,000","14,200,000","17,200,000","19,800,000","14,100,000","35,300,000","11,400,000","12,800,000","9,300,000","-118,700,000","5,400,000","4,100,000","2,400,000","1,200,000","-146,400,000","-14,200,000","5,900,000","400,000","14,400,000","-39,900,000","12,800,000","7,700,000","200,000","14,100,000","8,100,000","7,700,000","38,200,000","33,200,000","33,600,000","-50,600,000","30,100,000","31,400,000","29,700,000","26,800,000","25,600,000","27,000,000","24,500,000","21,000,000","20,200,000","21,500,000","19,900,000","16,900,000","14,900,000","17,100,000","15,800,000",,,,
		NetIncomeIncludingNoncontrollingInterests,"2,379,500,000","553,600,000","587,800,000","468,000,000","770,100,000","938,600,000","703,700,000","231,600,000","-316,900,000","227,300,000","221,000,000","190,700,000","185,900,000","158,200,000","319,000,000","234,100,000","172,500,000","709,200,000","183,400,000","188,900,000","192,500,000","184,600,000","179,800,000","198,500,000","160,500,000","114,500,000","153,100,000","168,700,000","1,000,000","119,900,000","137,500,000","141,700,000","113,500,000","126,700,000","148,700,000","152,300,000","147,600,000","120,600,000","148,400,000","153,800,000","162,000,000","138,200,000","137,600,000","126,700,000","130,600,000","135,100,000","143,100,000","157,200,000","136,200,000","145,800,000","134,600,000","142,400,000","135,800,000","121,200,000","114,900,000","107,800,000","133,900,000","114,400,000","111,200,000","128,700,000","122,500,000","103,700,000","109,600,000","116,400,000","101,900,000","88,900,000","94,700,000","106,000,000","96,600,000","84,800,000","92,600,000","98,300,000","87,300,000","77,600,000","83,100,000","86,400,000","73,900,000","53,000,000","57,300,000","78,500,000","65,800,000","40,800,000","43,100,000","52,100,000","43,500,000","20,900,000","32,800,000","32,700,000","25,700,000","14,200,000","17,200,000","19,800,000","14,100,000","35,300,000","11,400,000","12,800,000","9,300,000","-118,700,000","5,400,000","4,100,000","2,400,000","1,200,000","-146,400,000","-14,200,000","5,900,000","400,000","14,400,000","-39,900,000","12,800,000","7,700,000","200,000","14,100,000","8,100,000","7,700,000","38,200,000","33,200,000","33,600,000","-50,600,000","30,100,000","31,400,000","29,700,000","26,800,000","25,600,000","27,000,000","24,500,000","21,000,000","20,200,000","21,500,000","19,900,000","16,900,000","14,900,000","17,100,000","15,800,000","11,400,000","12,000,000","12,900,000","12,800,000"
			NetIncomeContinuousOperations,"2,379,500,000","553,600,000","587,800,000","468,000,000","770,100,000","938,600,000","703,700,000","231,600,000","-316,900,000","227,300,000","221,000,000","190,700,000","185,900,000","158,200,000","319,000,000","234,100,000","172,500,000","709,200,000","183,400,000","188,900,000","192,500,000","184,600,000","179,800,000","198,500,000","160,500,000","114,500,000","153,100,000","168,700,000","1,000,000","119,900,000","137,500,000","141,700,000","113,500,000","126,700,000","148,700,000","152,300,000","147,600,000","120,600,000","148,400,000","153,800,000","162,000,000","138,200,000","137,600,000","126,700,000","130,600,000","135,100,000","143,100,000","157,200,000","136,200,000","145,800,000","134,600,000","142,400,000","135,800,000","131,400,000","111,900,000","104,200,000","130,300,000","114,400,000","111,200,000","128,700,000","122,500,000","103,700,000","109,600,000","116,400,000","101,900,000","88,900,000","94,700,000","106,000,000","96,600,000","84,800,000","92,600,000","98,300,000","87,300,000","77,600,000","83,100,000","86,400,000","73,900,000","53,000,000","57,300,000","78,500,000","65,800,000","40,800,000","46,300,000","52,100,000","43,500,000","20,900,000","32,800,000","32,700,000","25,700,000","14,200,000","17,200,000","19,800,000","14,100,000","35,300,000","11,400,000","12,800,000","9,300,000","-118,700,000","5,400,000","4,100,000","2,400,000","1,200,000","-146,400,000","-14,200,000","5,900,000","400,000","14,400,000","-31,600,000","12,800,000","7,700,000","200,000","14,100,000","8,100,000","7,700,000","38,200,000","33,200,000","33,600,000","-50,600,000","30,100,000","31,400,000","29,700,000","26,800,000","25,600,000","27,000,000","24,500,000","21,000,000","20,200,000","21,500,000","19,900,000","16,900,000","14,900,000","17,100,000","15,800,000","11,400,000","12,000,000","12,900,000","12,800,000"
			NetIncomeFromTaxLossCarryforward,,,,,,,,,,,,,,,,,,,,,,,,,,,,,,,,,,,,,,,,,,,,,,,,,,,,,,,,,,,,,,,,,,,,,,,,,,,,,,,,,,"0","-3,200,000",,,,,,,,,,,,,,,,,,,,,,,"0",,"-8,300,000",,,,,,,,,,,,,,,,,,,,,,,,,,,,,
		MinorityInterests,"-2,200,000","-600,000","-500,000","-600,000","-500,000","-300,000","-300,000","0","-300,000","-200,000","-300,000","-300,000","-300,000","-300,000","-200,000","-300,000","700,000","-2,400,000","-2,800,000","-300,000","-300,000","-200,000","-300,000","-300,000","-300,000","-200,000","-300,000","-300,000","-300,000","-300,000","-300,000","-400,000","-400,000","-400,000","-400,000","-400,000","-400,000","-400,000","-400,000","-500,000","-400,000","-2,800,000","-3,300,000","-3,800,000","-3,500,000","-3,300,000","-3,100,000","-3,500,000","-3,500,000","-3,100,000","-3,200,000","-3,000,000","-3,000,000","-3,100,000","-3,000,000","-3,600,000","-3,600,000",,,,,,,,,,,,,,,,,,,,,,,,,,,,,,,,,,,,,,,,,,,,,,,,,,,,,,,,,,,,,,,,,,,,,,,,,,,,,,,,
	PreferredStockDividends,,,,,,,,,,,,,,,,,,,,,,,,,,,,,,,,,,,,,,,,,,,,,,,,,,,,,,,,,,,,,,,,,,,,,,,,,,,,,,,,,,,,,,"200,000",,"19,600,000","14,700,000","13,200,000","12,900,000","12,500,000","11,000,000","10,200,000","11,100,000","11,500,000","11,000,000","10,200,000","12,000,000","1,200,000",,,,,,,,,,,,,,,,,,,,,,,,,,,,,,,,,,,,,
	OtherunderPreferredStockDividend,,,,,,,,,,,,,,,,,,,,,,,,,,,,,,,,,,,,,,,,,,,,,,,,,,,,"3,000,000",,,,,,,,,,,,,,,,,,,,,,,,,,,,,,,,,,,,,,,,,,,,,,,,,,,,,,,,,,,,,,,,,,,,,,,,,,,,,,,,,,,,,
AverageDilutionEarnings,,,,,,,,,,,,,,,,,"0",,,,,,,,,,,,,,,,,,,,,,,,,,,,,,,,,,,,,,,,,,,,,,,,,,,,,,,,,,,,,,,,,,,,,,,,,,,,,,,,,,,,,,,,,,,,,,,,,,,,,,,,,,,,,,,,,,,,,,,,
DilutedNIAvailtoComStockholders,"2,377,300,000","553,000,000","587,300,000","467,400,000","769,600,000","938,300,000","703,400,000","231,600,000","-317,200,000","227,100,000","220,700,000","190,400,000","185,600,000","157,900,000","318,800,000","233,800,000","173,200,000","706,800,000","180,600,000","188,600,000","192,200,000","184,400,000","179,500,000","198,200,000","160,200,000","114,300,000","152,800,000","168,400,000","700,000","119,600,000","137,200,000","141,300,000","113,100,000","126,300,000","148,300,000","151,900,000","147,200,000","120,200,000","148,000,000","153,300,000","161,600,000","135,400,000","134,300,000","122,900,000","127,100,000","131,800,000","140,000,000","153,700,000","132,700,000","142,700,000","131,400,000","136,400,000","132,800,000","118,100,000","111,900,000","104,200,000","130,300,000","114,400,000","111,200,000","128,700,000","122,500,000","103,700,000","109,600,000","116,400,000","101,900,000","88,900,000","94,700,000","106,000,000","96,600,000","84,800,000","92,600,000","98,300,000","87,300,000","77,600,000","83,100,000","86,400,000","73,900,000","53,000,000","57,300,000","78,500,000","65,800,000","40,800,000","43,100,000","52,100,000","43,500,000","20,700,000","32,800,000","13,100,000","11,000,000","1,000,000","4,300,000","7,300,000","3,100,000","25,100,000","300,000","1,300,000","-1,700,000","-128,900,000","-6,600,000","2,900,000","2,400,000","1,200,000","-146,400,000","-14,200,000","5,900,000","400,000","14,400,000","-39,900,000","12,800,000","7,700,000","200,000","14,100,000","8,100,000","7,700,000","38,200,000","33,200,000","33,600,000","-50,600,000","30,100,000","31,400,000","29,700,000","26,800,000","25,600,000","27,000,000","24,500,000","21,000,000","20,200,000","21,500,000","19,900,000","16,900,000","14,900,000","17,100,000","15,800,000",,,,
BasicEPS,,"5.8","6.1","4.8","7.88","9.62","7.22","2.38","-3.27","2.34","2.26","1.94","1.88","1.58","3.14","2.29","1.7","6.91","1.77","1.84","1.87","1.79","1.74","1.94","1.58","1.13","1.51","1.67","0.01","1.41","1.62","1.67","1.334","1.474","1.689","1.678","1.586","1.286","1.56","1.6","1.664",,"1.347","1.2","1.268",,"1.377","1.491","1.274",,"1.234","1.3","1.23",,"1.02","0.94","1.18",,"0.95","1.1","1.01",,"0.88","0.94","0.82",,"0.71","0.79","0.72",,"0.67","0.7","0.62",,"0.58","0.6","0.51",,"0.4","0.56","0.47",,"0.31","0.375","0.315",,"0.245","0.243","0.213",,"0.075","0.15","0.05",,"0.006","0.025","-0.025",,"-0.125","0.05","0.05",,"-2.975","-0.3","0.125",,"0.3","-0.9","0.375",,"0.006","0.4","0.25",,"1.075","0.925","0.9",,"0.8","0.825","0.775",,"0.65","0.675","0.625",,"0.5","0.55","0.5",,"0.375","0.425","0.4",,"0.3","0.325","0.325"
DilutedEPS,,"5.75","6.05","4.76","7.82","9.54","7.17","2.37","-3.27","2.32","2.25","1.93","1.86","1.56","3.1","2.27","1.67","6.81","1.74","1.82","1.84","1.75","1.71","1.91","1.55","1.11","1.49","1.64","0.01","1.39","1.59","1.64","1.31","1.43","1.63","1.62","1.56","1.26","1.53","1.56","1.63",,"1.31","1.2","1.23",,"1.377","1.46","1.274",,"1.21","1.3","1.22",,"1","0.92","1.14",,"0.92","1.05","0.98",,"0.81","0.87","0.76",,"0.66","0.74","0.67",,"0.66","0.7","0.61",,"0.58","0.6","0.51",,"0.39","0.55","0.465",,"0.305","0.37","0.31",,"0.235","0.235","0.188",,"0.075","0.15","0.05",,"0.006","0.025","-0.025",,"-0.125","0.05","0.05",,"-2.975","-0.3","0.125",,"0.3","-0.9","0.375",,"0.006","0.4","0.25",,"1.075","0.925","0.9",,"0.8","0.825","0.775",,"0.65","0.675","0.625",,"0.5","0.55","0.5",,"0.375","0.425","0.4",,"0.3","0.325","0.325"
BasicAverageShares,,"95,300,000","96,300,000","97,400,000","97,600,000","97,500,000","97,400,000","97,300,000","97,200,000","97,200,000","97,600,000","98,100,000","98,600,000","100,200,000","101,600,000","101,900,000","101,900,000","102,200,000","102,300,000","102,400,000","102,500,000","103,300,000","102,900,000","102,200,000","101,600,000","101,300,000","101,100,000","100,700,000","91,900,000","84,600,000","84,900,000","84,700,000","84,800,000","85,700,000","87,800,000","90,500,000","92,800,000","93,500,000","94,900,000","95,800,000","97,100,000",,"99,700,000","102,800,000","100,200,000",,"101,700,000","104,600,000","104,200,000",,"108,200,000","109,500,000","108,100,000",,"109,600,000","110,851,064","110,423,729",,"117,052,632","117,000,000","121,287,129",,"124,545,455","123,829,787","124,268,293",,"133,380,282","134,177,215","134,166,667",,"138,208,955","140,428,571","140,806,452",,"143,275,862","144,000,000","144,901,961",,"143,250,000","140,178,571","140,000,000",,"139,032,258","138,933,333","138,095,238",,"133,877,551","54,020,619","51,764,706",,"57,333,333","48,666,667","62,000,000",,"50,106,000","52,000,000","49,802,800",,"52,800,000","58,000,000","48,000,000",,"49,210,084","47,333,333","47,200,000",,"48,000,000","44,333,333","34,133,333",,"34,153,846","35,250,000","32,400,000",,"35,534,884","35,891,892","37,333,333",,"37,625,000","38,060,606","38,322,581",,"39,384,615","40,000,000","39,200,000",,"40,400,000","39,090,909","39,800,000",,"39,733,333","40,235,294","39,500,000",,"39,600,000","39,600,000","39,600,000"
DilutedAverageShares,,"96,200,000","97,100,000","98,200,000","98,500,000","98,300,000","98,100,000","97,700,000","97,200,000","98,000,000","98,300,000","98,800,000","99,500,000","101,200,000","102,700,000","103,000,000","103,400,000","103,700,000","103,700,000","103,700,000","104,300,000","105,100,000","104,900,000","103,900,000","103,600,000","103,200,000","102,900,000","102,500,000","93,800,000","86,300,000","86,500,000","86,300,000","86,600,000","88,300,000","90,900,000","93,700,000","94,500,000","95,300,000","96,800,000","98,000,000","99,100,000",,"102,200,000","102,800,000","103,200,000",,"104,100,000","105,400,000","106,500,000",,"108,800,000","109,500,000","108,800,000",,"112,000,000","113,260,870","114,298,246",,"120,869,565","122,571,429","125,000,000",,"135,308,642","133,793,103","134,078,947",,"143,484,848","143,243,243","144,179,104",,"140,303,030","140,428,571","143,114,754",,"143,275,862","144,000,000","144,901,961",,"146,923,077","142,727,273","141,505,376",,"141,311,475","140,810,811","140,322,581",,"139,574,468","55,744,681","58,666,667",,"57,333,333","48,666,667","62,000,000",,"50,106,000","52,000,000","49,802,800",,"52,800,000","58,000,000","48,000,000",,"49,210,084","47,333,333","47,200,000",,"48,000,000","44,333,333","34,133,333",,"34,153,846","35,250,000","32,400,000",,"35,534,884","35,891,892","37,333,333",,"37,625,000","38,060,606","38,322,581",,"39,384,615","40,000,000","39,200,000",,"40,400,000","39,090,909","39,800,000",,"39,733,333","40,235,294","39,500,000",,"39,600,000","39,600,000","39,600,000"
TotalOperatingIncomeAsReported,"3,259,500,000","730,600,000","766,900,000","704,100,000","1,057,900,000","1,293,200,000","1,047,100,000","297,700,000","-192,600,000","336,400,000","339,900,000","335,700,000","318,200,000","307,700,000","343,400,000","369,200,000","305,400,000","354,200,000","341,300,000","336,000,000","332,700,000","323,400,000","324,000,000","366,900,000","301,900,000","243,400,000","306,900,000","321,300,000","130,200,000","219,000,000","241,400,000","246,700,000","203,300,000","215,000,000","244,600,000","269,300,000","262,000,000","215,300,000","245,100,000","276,000,000","287,100,000","247,500,000","239,400,000","225,700,000","235,800,000","238,800,000","235,300,000","270,500,000","234,200,000","215,800,000","234,900,000","244,700,000","240,500,000","204,400,000","202,200,000","195,200,000","241,100,000","182,200,000","178,900,000","212,500,000","203,400,000","162,700,000","176,000,000","189,600,000","168,800,000","135,800,000","151,600,000","173,100,000","157,600,000","137,100,000","152,800,000","164,200,000","144,300,000","130,700,000","135,400,000","142,900,000","124,700,000","88,300,000","96,200,000","134,100,000","116,400,000","77,400,000","100,300,000","102,600,000","87,300,000","52,100,000","69,300,000","71,300,000","57,400,000","33,100,000","40,100,000","42,100,000","34,400,000","26,600,000","34,300,000","37,400,000","29,400,000","-177,300,000","26,700,000","30,900,000","27,800,000","-163,300,000","19,600,000","20,100,000","27,800,000","-57,500,000","43,200,000","44,800,000","36,700,000","26,300,000","34,500,000","30,500,000","18,600,000","17,200,000","53,700,000","57,300,000","57,300,000","42,500,000","52,100,000","52,100,000","51,300,000","49,300,000","41,500,000","43,400,000","39,300,000","40,800,000","32,100,000","34,700,000","32,800,000","33,100,000","24,800,000","28,400,000","26,500,000",,,,
TotalExpenses,"12,818,300,000","3,317,700,000","3,289,200,000","3,127,000,000","3,084,400,000","3,193,700,000","2,818,400,000","2,464,700,000","2,553,600,000","2,610,800,000","2,574,400,000","2,532,400,000","2,452,400,000","2,468,200,000","2,477,900,000","2,484,900,000","2,528,600,000","2,435,800,000","2,292,300,000","2,167,800,000","2,110,400,000","2,095,200,000","2,067,900,000","2,057,200,000","2,046,900,000","2,003,100,000","1,984,000,000","1,933,500,000","1,643,700,000","1,291,300,000","1,304,600,000","1,267,700,000","1,219,800,000","1,218,000,000","1,213,900,000","1,192,300,000","1,171,400,000","1,169,300,000","1,169,500,000","1,144,000,000","1,139,800,000","1,108,000,000","1,141,000,000","1,159,300,000","1,104,700,000","1,057,800,000","1,037,300,000","967,900,000","950,100,000","946,000,000","950,200,000","933,900,000","915,200,000","910,500,000","915,200,000","936,600,000","862,100,000","811,300,000","810,400,000","823,600,000","795,300,000","735,900,000","732,900,000","714,100,000","709,700,000","679,600,000","691,300,000","680,200,000","641,500,000","630,300,000","628,700,000","620,100,000","608,200,000","602,600,000","613,300,000","600,800,000","587,500,000","561,800,000","541,500,000","478,300,000","473,600,000","486,400,000","460,600,000","447,100,000","438,100,000","433,900,000","418,800,000","411,100,000","405,300,000","389,600,000","388,500,000","387,400,000","383,500,000","428,600,000","364,000,000","348,700,000","343,600,000","538,700,000","349,800,000","358,700,000","363,700,000","554,500,000","383,000,000","389,900,000","376,100,000","460,900,000","374,300,000","322,500,000","207,100,000","208,600,000","214,200,000","173,400,000","166,400,000","151,700,000","141,100,000","139,700,000","142,500,000","137,800,000","131,500,000","129,000,000","125,100,000","105,000,000","112,100,000","110,700,000","102,600,000","85,600,000","93,900,000","92,700,000","89,300,000","74,600,000","76,100,000","71,500,000","67,400,000",,,,
NetIncomeFromContinuingAndDiscontinuedOperation,"2,377,300,000","553,000,000","587,300,000","467,400,000","769,600,000","938,300,000","703,400,000","231,600,000","-317,200,000","227,100,000","220,700,000","190,400,000","185,600,000","157,900,000","318,800,000","233,800,000","173,200,000","706,800,000","180,600,000","188,600,000","192,200,000","184,400,000","179,500,000","198,200,000","160,200,000","114,300,000","152,800,000","168,400,000","700,000","119,600,000","137,200,000","141,300,000","113,100,000","126,300,000","148,300,000","151,900,000","147,200,000","120,200,000","148,000,000","153,300,000","161,600,000","135,400,000","134,300,000","122,900,000","127,100,000","131,800,000","140,000,000","153,700,000","132,700,000","142,700,000","131,400,000","139,400,000","132,800,000","118,100,000","111,900,000","104,200,000","130,300,000","114,400,000","111,200,000","128,700,000","122,500,000","103,700,000","109,600,000","116,400,000","101,900,000","88,900,000","94,700,000","106,000,000","96,600,000","84,800,000","92,600,000","98,300,000","87,300,000","77,600,000","83,100,000","86,400,000","73,900,000","53,000,000","57,300,000","78,500,000","65,800,000","40,800,000","46,300,000","52,100,000","43,500,000","20,900,000","32,800,000","32,700,000","25,700,000","14,200,000","17,200,000","19,800,000","14,100,000","35,300,000","11,400,000","12,800,000","9,300,000","-118,700,000","5,400,000","4,100,000","2,400,000","1,200,000","-146,400,000","-14,200,000","5,900,000","400,000","14,400,000","-31,600,000","12,800,000","7,700,000","200,000","14,100,000","8,100,000","7,700,000","38,200,000","33,200,000","33,600,000","-50,600,000","30,100,000","31,400,000","29,700,000","26,800,000","25,600,000","27,000,000","24,500,000","21,000,000","20,200,000","21,500,000","19,900,000","16,900,000","14,900,000","17,100,000","15,800,000",,,,
NormalizedIncome,"2,402,336,900","557,841,982.507","589,824,500","472,361,100","782,267,200","938,526,587.27","724,204,000","234,642,000","18,746,000","228,807,272.107","229,389,283.229","199,013,200","200,200,000","164,021,491.841","323,400,800","242,338,600","182,981,800","710,160,000","194,226,800","214,258,100","194,676,800","190,806,941.432","194,662,600","202,130,800","171,924,900","147,216,442.773","168,686,000","177,332,000","11,920,000","121,006,826.667","140,648,500","142,274,400","117,577,000","128,909,680.742","149,529,300","155,797,600","151,660,300","128,386,945.17","150,812,340.238","159,363,153.786","159,617,062.315","143,876,266.667","150,304,361.654","134,084,804.631","144,089,611.605","132,238,026.864","143,633,656.51","154,183,692.308","138,743,836.844","146,000,590.551","132,184,311.968","143,604,222.318","133,100,176.835","113,332,777.18","122,040,000","114,665,000","130,365,000","120,582,129.481","131,610,000","133,120,000","121,395,000","102,234,275.618","108,580,000","116,400,000","102,020,000","92,650,276.625","100,475,857.687","107,567,690.557","96,540,000","83,420,000","92,420,000","98,780,000","87,360,000","76,700,000","85,219,897.959","86,520,000","73,960,000","58,580,000","63,540,000","77,660,000","65,680,000","40,200,000","52,060,000","52,280,000","43,140,000","23,420,000","32,260,000","33,540,000","25,640,000","14,075,982.533","18,375,539.568","19,676,250","14,780,263.158","35,420,000","11,220,000","12,740,000","8,040,000","-119,011,058.7","5,100,000","3,740,000","1,920,000","-110,220,000","1,524,164.384","2,234,517.766","5,480,000","-44,780,000","14,160,000","18,305,285.412","12,560,000","7,520,000","12,680,000","13,920,000","7,980,000","7,580,000","28,840,000","33,019,565.217","33,360,000","25,900,000","31,374,395.161","31,827,626.459","30,983,333.333","31,015,023.474","24,997,647.059","26,511,312.217","24,071,250","25,052,631.579","19,708,814.59","20,540,000","19,360,000","16,900,000","14,900,000","17,100,000","15,740,000",,,,
InterestIncome,,,,,,,,,,,,,,,,,,,,,,,,,,,,,,,,,,,,,,,"300,000","200,000","200,000",,"200,000","200,000","300,000","300,000","300,000","200,000","300,000","500,000","300,000","400,000","400,000",,,,,,,,,,,,,,,,,,,,,,,,,,,,,,,,,,,,,,,,,,,,,,,,,,,,,,,,,,,,,,,,,,,,,,,,,,,,,,,,,,,,
InterestExpense,"212,100,000","43,100,000","42,200,000","78,300,000","48,500,000","48,300,000","51,400,000","52,700,000","55,000,000","64,400,000","60,500,000","59,100,000","56,700,000","58,200,000","59,400,000","63,100,000","63,500,000","67,800,000","59,900,000","55,000,000","52,400,000","52,900,000","58,200,000","53,500,000","54,500,000","56,800,000","55,800,000","57,900,000","104,300,000","32,100,000","25,900,000","25,800,000","25,700,000","24,200,000","24,700,000","23,100,000","24,500,000","27,600,000","24,100,000","21,300,000","21,500,000","22,200,000","20,300,000","21,000,000","24,000,000","19,300,000","21,600,000","14,500,000","14,600,000","14,700,000","15,000,000","16,200,000","17,000,000",,,,,,,,,,,,,,,,,,,,,,,,,,,,,,,,,,,,,,,,,,,,,,,,,,,,,,,,,,,,,,,,,,,,,,,,,,,,,,,,,,,,
NetInterestIncome,"-212,100,000","-43,100,000","-42,200,000","-78,300,000","-48,500,000","-48,300,000","-51,400,000","-52,700,000","-55,000,000","-64,400,000","-60,500,000","-59,100,000","-56,700,000","-58,200,000","-59,400,000","-63,100,000","-63,500,000","-67,800,000","-59,900,000","-55,000,000","-52,400,000","-52,900,000","-58,200,000","-53,500,000","-54,500,000","-56,800,000","-55,800,000","-57,900,000","-104,300,000","-32,100,000","-25,900,000","-25,800,000","-25,700,000","-24,200,000","-24,700,000","-23,100,000","-24,500,000","-28,300,000","-23,800,000","-21,100,000","-21,500,000","-22,200,000","-20,300,000","-21,000,000","-23,700,000","-19,000,000","-21,300,000","-14,300,000","-14,300,000","-14,200,000","-14,700,000","-15,800,000","-16,600,000",,,,,,,,,,,,,,,,,,,,,,,,,,,,,,,,,,,,,,,,,,,,,,,,,,,,,,,,,,,,,,,,,,,,,,,,,,,,,,,,,,,,
EBIT,"3,338,700,000","729,100,000","810,400,000","728,900,000","1,070,300,000","1,291,000,000","998,500,000","349,700,000","-212,700,000","357,300,000","347,900,000","329,100,000","311,400,000","272,700,000","559,000,000","375,800,000","305,000,000","356,800,000","341,000,000","340,100,000","332,100,000","329,500,000","321,600,000","366,800,000","310,500,000","242,900,000","306,200,000","322,200,000","134,600,000","219,600,000","244,900,000","258,300,000","213,400,000","218,400,000","254,700,000","273,100,000","265,900,000","219,100,000","251,000,000","277,500,000","291,100,000","247,200,000","240,400,000","228,300,000","237,700,000","235,200,000","238,200,000","274,500,000","237,700,000","217,900,000","238,100,000","248,300,000","243,200,000","172,200,000","219,900,000","211,200,000","241,100,000","194,500,000","210,200,000","219,500,000","203,400,000","162,700,000","177,000,000","189,600,000","168,800,000","142,700,000","161,600,000","173,100,000","157,600,000","136,200,000","152,800,000","164,200,000","144,300,000","128,900,000","138,700,000","142,900,000","124,700,000","88,300,000","113,700,000","134,100,000","116,400,000","77,400,000","100,300,000","102,600,000","87,300,000","52,100,000","69,300,000","71,300,000","57,400,000","33,100,000","40,100,000","42,100,000","34,400,000","26,600,000","34,300,000","37,400,000","29,400,000","-177,300,000","26,700,000","30,900,000","27,800,000","-163,300,000","19,600,000","20,100,000","27,800,000","-57,500,000","43,200,000","44,800,000","36,700,000","26,300,000","34,500,000","30,500,000","18,600,000","17,200,000","53,700,000","57,300,000","57,300,000","42,500,000","52,100,000","52,100,000","51,300,000","49,300,000","41,500,000","43,400,000","39,300,000","40,800,000","32,100,000","34,700,000","32,800,000","33,100,000","24,800,000","28,400,000","26,500,000","79,000,000","78,300,000","78,300,000","78,300,000"
EBITDA,"4,083,800,000"
ReconciledCostOfRevenue,"10,121,100,000","2,586,000,000","2,583,200,000","2,481,200,000","2,470,700,000","2,491,800,000","2,246,600,000","1,924,500,000","2,013,500,000","2,041,100,000","2,028,600,000","2,038,500,000","1,860,100,000","1,933,600,000","1,963,000,000","1,951,200,000","1,988,800,000","1,798,400,000","1,693,900,000","1,605,500,000","1,562,900,000","1,558,900,000","1,546,300,000","1,523,800,000","1,512,600,000","1,484,900,000","1,480,100,000","1,422,700,000","1,123,900,000","918,100,000","940,400,000","907,000,000","874,200,000","872,500,000","877,000,000","854,500,000","832,700,000","831,100,000","826,800,000","808,400,000","811,900,000","779,900,000","799,500,000","778,800,000","763,800,000","732,500,000","716,200,000","672,400,000","654,100,000","655,700,000","653,400,000","648,100,000","634,100,000","637,900,000","642,900,000","625,800,000","603,000,000","572,100,000","572,100,000","574,600,000","550,300,000","493,400,000","499,500,000","485,200,000","480,400,000","463,800,000","473,800,000","464,000,000","437,300,000","437,500,000","431,200,000","420,000,000","410,700,000","406,200,000","416,400,000","403,100,000","391,100,000","374,200,000","361,500,000","317,800,000","314,400,000","321,800,000","306,900,000","293,500,000","289,500,000","288,500,000","276,600,000","266,100,000","265,400,000","259,100,000","252,500,000","251,600,000","253,200,000","252,000,000","257,800,000","243,900,000","242,000,000","254,600,000","249,300,000","257,500,000","262,900,000","266,300,000","286,500,000","286,400,000","289,800,000","289,400,000","288,000,000","246,600,000","154,900,000","153,200,000","159,800,000","129,900,000","126,000,000","115,300,000","102,700,000","101,000,000","102,400,000","102,900,000","101,000,000","92,800,000","89,600,000","74,100,000","81,600,000","80,500,000","74,300,000","60,600,000","68,300,000","67,200,000","64,800,000","52,800,000","55,700,000","53,100,000","49,700,000",,,,
ReconciledDepreciation,"745,100,000","188,000,000","186,100,000","187,100,000","183,900,000","183,900,000","152,300,000","143,900,000","144,600,000","155,800,000","144,300,000","78,600,000","198,500,000","137,700,000","133,100,000","138,500,000","142,800,000","145,000,000","133,100,000","127,000,000","128,100,000","130,300,000","121,100,000","125,400,000","122,400,000","113,300,000","121,400,000","118,400,000","104,700,000","63,500,000","58,500,000","62,800,000","60,700,000","59,800,000","57,900,000","56,900,000","55,500,000","59,400,000","57,600,000","56,100,000","56,700,000","57,800,000","57,700,000","57,800,000","58,100,000","52,900,000","50,600,000","50,100,000","50,000,000","49,800,000","49,500,000","48,500,000","47,300,000","46,200,000","45,200,000","44,800,000","43,500,000","42,600,000","40,300,000","39,900,000","40,000,000","39,400,000","38,500,000","38,700,000","38,400,000","39,100,000","37,600,000","37,500,000","35,600,000","33,900,000","35,300,000","35,100,000","34,500,000","34,700,000","34,200,000","33,600,000","33,100,000","29,400,000","26,600,000","23,500,000","22,300,000","28,500,000","25,700,000","26,200,000","23,600,000","21,700,000","23,500,000","22,900,000","21,500,000","21,500,000","20,400,000","21,400,000","21,200,000","21,300,000","20,200,000","21,400,000","21,300,000","21,900,000","21,100,000","21,900,000","21,900,000","21,200,000","20,900,000","21,600,000","20,800,000","20,300,000","19,400,000","18,500,000","14,200,000","11,700,000","13,300,000","10,000,000","9,400,000","5,400,000","9,100,000","8,900,000","8,800,000","5,400,000","7,700,000","6,900,000","6,900,000","6,100,000","5,400,000","5,200,000","5,300,000","3,900,000","4,800,000","4,900,000","4,800,000","3,700,000","3,900,000","2,900,000","2,800,000",,,,
NetIncomeFromContinuingOperationNetMinorityInterest,"2,377,300,000","553,000,000","587,300,000","467,400,000","769,600,000","938,300,000","703,400,000","231,600,000","-317,200,000","227,100,000","220,700,000","190,400,000","185,600,000","157,900,000","318,800,000","233,800,000","173,200,000","706,800,000","180,600,000","188,600,000","192,200,000","184,400,000","179,500,000","198,200,000","160,200,000","114,300,000","152,800,000","168,400,000","700,000","119,600,000","137,200,000","141,300,000","113,100,000","126,300,000","148,300,000","151,900,000","147,200,000","120,200,000","148,000,000","153,300,000","161,600,000","135,400,000","134,300,000","122,900,000","127,100,000","131,800,000","140,000,000","153,700,000","132,700,000","142,700,000","131,400,000","139,400,000","132,800,000","118,100,000","111,900,000","104,200,000","130,300,000","114,400,000","111,200,000","128,700,000","122,500,000","103,700,000","109,600,000","116,400,000","101,900,000","88,900,000","94,700,000","106,000,000","96,600,000","84,800,000","92,600,000","98,300,000","87,300,000","77,600,000","83,100,000","86,400,000","73,900,000","53,000,000","57,300,000","78,500,000","65,800,000","40,800,000","46,300,000","52,100,000","43,500,000","20,900,000","32,800,000","32,700,000","25,700,000","14,200,000","17,200,000","19,800,000","14,100,000","35,300,000","11,400,000","12,800,000","9,300,000","-118,700,000","5,400,000","4,100,000","2,400,000","1,200,000","-146,400,000","-14,200,000","5,900,000","400,000","14,400,000","-31,600,000","12,800,000","7,700,000","200,000","14,100,000","8,100,000","7,700,000","38,200,000","33,200,000","33,600,000","-50,600,000","30,100,000","31,400,000","29,700,000","26,800,000","25,600,000","27,000,000","24,500,000","21,000,000","20,200,000","21,500,000","19,900,000","16,900,000","14,900,000","17,100,000","15,800,000",,,,
TotalUnusualItemsExcludingGoodwill,"-32,900,000","-6,000,000","-3,300,000","-6,900,000","-16,800,000","-300,000","-28,000,000","-3,900,000","-460,200,000","-2,200,000","-11,300,000","-12,200,000","-20,000,000","-8,300,000","-7,200,000","-11,400,000","-13,700,000","-5,600,000","-20,900,000","-38,700,000","-3,600,000","-9,600,000","-22,200,000","-6,200,000","-18,700,000","-53,500,000","-26,000,000","-14,000,000","-18,700,000","-2,200,000","-5,500,000","-1,600,000","-7,400,000","-4,000,000","-1,900,000","-6,400,000","-7,300,000","-13,000,000","-4,300,000","-10,100,000","3,300,000","-13,800,000","-25,600,000","-18,300,000","-27,800,000","-700,000","-5,500,000","-800,000","-9,900,000","-4,600,000","-1,300,000","-7,000,000","-500,000","7,500,000","-16,900,000","-16,100,000","-100,000","-10,100,000","-31,400,000","-6,800,000","1,700,000","2,400,000","1,700,000",,"-200,000","-6,100,000","-9,600,000","-2,600,000","100,000","2,300,000","300,000","-800,000","-100,000","1,500,000","-3,500,000","-200,000","-100,000","-9,300,000","-10,400,000","1,400,000","200,000","1,000,000","-9,600,000","-300,000","600,000","-4,200,000","900,000","-1,400,000","100,000","200,000","-1,900,000","200,000","-1,100,000","-200,000","300,000","100,000","2,100,000","500,000","500,000","600,000","800,000","185,700,000","-184,400,000","-22,800,000","700,000","75,300,000","400,000","-74,700,000","400,000","300,000","-20,800,000","300,000","200,000","200,000","15,600,000","300,000","400,000","-127,500,000","-2,100,000","-700,000","-2,100,000","-6,700,000","1,000,000","800,000","700,000","-6,600,000","800,000","1,600,000","900,000",,,,"100,000",,,,
TotalUnusualItems,"-32,900,000","-6,000,000","-3,300,000","-6,900,000","-16,800,000","-300,000","-28,000,000","-3,900,000","-460,200,000","-2,200,000","-11,300,000","-12,200,000","-20,000,000","-8,300,000","-7,200,000","-11,400,000","-13,700,000","-5,600,000","-20,900,000","-38,700,000","-3,600,000","-9,600,000","-22,200,000","-6,200,000","-18,700,000","-53,500,000","-26,000,000","-14,000,000","-18,700,000","-2,200,000","-5,500,000","-1,600,000","-7,400,000","-4,000,000","-1,900,000","-6,400,000","-7,300,000","-13,000,000","-4,300,000","-10,100,000","3,300,000","-13,800,000","-25,600,000","-18,300,000","-27,800,000","-700,000","-5,500,000","-800,000","-9,900,000","-4,600,000","-1,300,000","-7,000,000","-500,000","7,500,000","-16,900,000","-16,100,000","-100,000","-10,100,000","-31,400,000","-6,800,000","1,700,000","2,400,000","1,700,000",,"-200,000","-6,100,000","-9,600,000","-2,600,000","100,000","2,300,000","300,000","-800,000","-100,000","1,500,000","-3,500,000","-200,000","-100,000","-9,300,000","-10,400,000","1,400,000","200,000","1,000,000","-9,600,000","-300,000","600,000","-4,200,000","900,000","-1,400,000","100,000","200,000","-1,900,000","200,000","-1,100,000","-200,000","300,000","100,000","2,100,000","500,000","500,000","600,000","800,000","185,700,000","-184,400,000","-22,800,000","700,000","75,300,000","400,000","-74,700,000","400,000","300,000","-20,800,000","300,000","200,000","200,000","15,600,000","300,000","400,000","-127,500,000","-2,100,000","-700,000","-2,100,000","-6,700,000","1,000,000","800,000","700,000","-6,600,000","800,000","1,600,000","900,000",,,,"100,000",,,,
NormalizedEBITDA,"4,116,700,000","923,100,000","999,800,000","922,900,000","1,271,000,000","1,475,200,000","1,178,800,000","497,500,000","392,100,000","515,300,000","503,500,000","419,900,000","529,900,000","418,700,000","699,300,000","525,700,000","461,500,000","507,400,000","495,000,000","505,800,000","463,800,000","469,400,000","464,900,000","498,400,000","451,600,000","409,700,000","453,600,000","454,600,000","258,000,000","285,300,000","308,900,000","322,700,000","281,500,000","282,200,000","314,500,000","336,400,000","328,700,000","291,500,000","312,900,000","343,700,000","344,500,000","318,800,000","323,700,000","304,400,000","323,600,000","288,800,000","294,300,000","325,400,000","297,600,000","272,300,000","288,900,000","303,800,000","291,000,000","210,900,000","282,000,000","272,100,000","284,700,000","247,200,000","281,900,000","266,200,000","241,700,000","199,700,000","213,800,000","228,300,000","207,400,000","187,900,000","208,800,000","213,200,000","193,100,000","167,800,000","187,800,000","200,100,000","178,900,000","162,100,000","176,400,000","176,700,000","157,900,000","127,000,000","150,700,000","156,200,000","138,500,000","104,900,000","135,600,000","129,100,000","110,300,000","78,000,000","92,300,000","95,600,000","78,800,000","54,400,000","62,400,000","63,300,000","56,700,000","48,100,000","54,200,000","58,700,000","48,600,000","-155,900,000","47,300,000","52,200,000","48,900,000","-327,800,000","224,900,000","64,500,000","47,900,000","-112,500,000","62,200,000","138,000,000","50,500,000","37,700,000","68,600,000","40,200,000","27,800,000","22,400,000","47,300,000","65,900,000","65,700,000","175,400,000","61,900,000","59,700,000","60,300,000","62,100,000","45,900,000","47,800,000","43,900,000","51,300,000","36,100,000","38,000,000","36,700,000","36,800,000","28,700,000","31,300,000","29,200,000","79,000,000","78,300,000","78,300,000","78,300,000"
TaxRateForCalcs,"0.239","0.193","0.235","0.281","0.246","0.245","0.257","0.22","0.27","0.224","0.231","0.294","0.27","0.262","0.361","0.251","0.286","0.4","0.348","0.337","0.312","0.333","0.317","0.366","0.373","0.385","0.389","0.362","0.4","0.361","0.373","0.391","0.395","0.348","0.353","0.391","0.389","0.37","0.346","0.4","0.399","0.386","0.375","0.389","0.389","0.374","0.339","0.395","0.39","0.282","0.397","0.399","0.4","0.364","0.4","0.35","0.35","0.388","0.35","0.35","0.35","0.389","0.4","0.4","0.4","0.385","0.398","0.397","0.4","0.4","0.4","0.4","0.4","0.4","0.394","0.4","0.4","0.4","0.4","0.4","0.4","0.4","0.4","0.4","0.4","0.4","0.4","0.4","0.4","0.38","0.381","0.381","0.382","0.4","0.4","0.4","0.4","0.378","0.4","0.4","0.4","0.4","0.198","0.279","0.4","0.4","0.4","0.332","0.4","0.4","0.4","0.4","0.4","0.4","0.4","0.399","0.4","0.4","0.393","0.389","0.389","0.371","0.398","0.389","0.388","0.386","0.386","0.4","0.4","0.4","0.399","0.394","0.4",,,,
TaxEffectOfUnusualItems,"-7,863,100","-1,158,017.493","-775,500","-1,938,900","-4,132,800","-73,412.73","-7,196,000","-858,000","-124,254,000","-492,727.893","-2,610,716.771","-3,586,800","-5,400,000","-2,178,508.159","-2,599,200","-2,861,400","-3,918,200","-2,240,000","-7,273,200","-13,041,900","-1,123,200","-3,193,058.568","-7,037,400","-2,269,200","-6,975,100","-20,583,557.227","-10,114,000","-5,068,000","-7,480,000","-793,173.333","-2,051,500","-625,600","-2,923,000","-1,390,319.258","-670,700","-2,502,400","-2,839,700","-4,813,054.83","-1,487,659.762","-4,036,846.214","1,317,062.315","-5,323,733.333","-9,595,638.346","-7,115,195.369","-10,810,388.395","-261,973.136","-1,866,343.49","-316,307.692","-3,856,163.156","-1,299,409.449","-515,688.032","-2,795,777.682","-199,823.165","2,732,777.18","-6,760,000","-5,635,000","-35,000","-3,917,870.519","-10,990,000","-2,380,000","595,000","934,275.618","680,000","0","-80,000","-2,349,723.375","-3,824,142.313","-1,032,309.443","40,000","920,000","120,000","-320,000","-40,000","600,000","-1,380,102.041","-80,000","-40,000","-3,720,000","-4,160,000","560,000","80,000","400,000","-3,840,000","-120,000","240,000","-1,680,000","360,000","-560,000","40,000","75,982.533","-724,460.432","76,250","-419,736.842","-80,000","120,000","40,000","840,000","188,941.3","200,000","240,000","320,000","74,280,000","-36,475,835.616","-6,365,482.234","280,000","30,120,000","160,000","-24,794,714.588","160,000","120,000","-8,320,000","120,000","80,000","80,000","6,240,000","119,565.217","160,000","-51,000,000","-825,604.839","-272,373.541","-816,666.667","-2,484,976.526","397,647.059","311,312.217","271,250","-2,547,368.421","308,814.59","640,000","360,000","0","0","0","40,000",,,,