name,ttm,12/31/2021,09/30/2021,06/30/2021,03/31/2021,12/31/2020,09/30/2020,06/30/2020,03/31/2020,12/31/2019,09/30/2019,06/30/2019,03/31/2019,12/31/2018,09/30/2018,06/30/2018,03/31/2018,12/31/2017,09/30/2017,06/30/2017,03/31/2017,12/31/2016,09/30/2016,06/30/2016,03/31/2016,12/31/2015,09/30/2015,06/30/2015,03/31/2015,12/31/2014,09/30/2014,06/30/2014,03/31/2014,12/31/2013,09/30/2013,06/30/2013,03/31/2013,12/31/2012,09/30/2012,06/30/2012,03/31/2012,12/31/2011,09/30/2011,06/30/2011,03/31/2011,12/31/2010,09/30/2010,06/30/2010,03/31/2010,12/31/2009,09/30/2009,06/30/2009,03/31/2009,12/31/2008,09/30/2008,06/30/2008,03/31/2008,12/31/2007,09/30/2007,06/30/2007,03/31/2007,12/31/2006,09/30/2006,06/30/2006,03/31/2006,12/31/2005,09/30/2005,06/30/2005,03/31/2005,12/31/2004,09/30/2004,06/30/2004,03/31/2004,12/31/2003,09/30/2003,06/30/2003,03/31/2003,12/31/2002,09/30/2002,06/30/2002,03/31/2002,12/31/2001,09/30/2001,06/30/2001,03/31/2001,12/31/2000,09/30/2000,06/30/2000,03/31/2000,12/31/1999,09/30/1999,06/30/1999,03/31/1999,12/31/1998,09/30/1998,06/30/1998,03/31/1998,12/31/1997,09/30/1997,06/30/1997,03/31/1997,12/31/1996,09/30/1996,06/30/1996,03/31/1996,12/31/1995,09/30/1995,06/30/1995,03/31/1995,12/31/1994,09/30/1994,06/30/1994,03/31/1994,12/31/1993,09/30/1993,06/30/1993,03/31/1993,12/31/1992,09/30/1992,06/30/1992,03/31/1992,12/31/1991,09/30/1991,06/30/1991,03/31/1991,12/31/1990,09/30/1990,06/30/1990,03/31/1990,12/31/1989,09/30/1989,06/30/1989,03/31/1989,12/31/1988,09/30/1988,06/30/1988,03/31/1988,12/31/1987,09/30/1987,06/30/1987,03/31/1987,12/31/1986,09/30/1986,06/30/1986,03/31/1986,12/31/1985,09/30/1985
TotalRevenue,"28,318,400,000","7,999,900,000","6,772,800,000","6,740,100,000","6,805,600,000","7,440,000,000","5,740,600,000","5,499,400,000","5,859,800,000","6,114,000,000","5,476,600,000","5,636,700,000","5,092,200,000","6,438,600,000","6,061,900,000","6,355,200,000","5,700,000,000","6,160,700,000","5,658,000,000","5,824,300,000","5,228,300,000","5,760,500,000","5,191,700,000","5,404,800,000","4,865,100,000","5,375,600,000","4,959,700,000","4,978,700,000","4,644,700,000","5,121,300,000","4,875,600,000","4,935,600,000","4,683,100,000","5,808,800,000","5,772,600,000","5,929,700,000","5,602,000,000","5,957,400,000","5,443,300,000","5,600,700,000","5,602,000,000","6,046,600,000","6,147,900,000","6,252,800,000","5,839,200,000","6,187,000,000","5,654,800,000","5,748,700,000","5,485,500,000","5,934,200,000","5,562,000,000","5,292,800,000","5,047,000,000","5,210,500,000","5,209,500,000","5,150,400,000","4,807,600,000","5,189,600,000","4,586,800,000","4,631,000,000","4,226,100,000","4,245,300,000","3,864,100,000","3,866,900,000","3,714,700,000","3,879,100,000","3,601,100,000","3,667,700,000","3,497,400,000","3,644,300,000","3,280,400,000","3,556,300,000","3,376,900,000","3,465,500,000","3,139,400,000","3,088,200,000","2,889,400,000","2,955,600,000","2,785,600,000","2,775,200,000","2,561,100,000","2,828,900,000","2,874,400,000","3,033,500,000","2,805,700,000","2,977,700,000","2,811,900,000","2,621,500,000","2,451,100,000","2,820,500,000","2,585,200,000","2,341,600,000","2,255,600,000","2,053,800,000","2,573,200,000","2,340,700,000","2,269,100,000","2,415,800,000","2,160,100,000","1,988,700,000","1,953,000,000","2,061,100,000","1,803,900,000","1,698,300,000","1,783,300,000","1,799,800,000","1,631,900,000","1,614,800,000","1,717,300,000","578,700,000","1,817,400,000","1,678,500,000","1,637,000,000","1,800,800,000","1,530,600,000","1,561,000,000","1,560,000,000","1,655,400,000","1,476,500,000","1,478,300,000","1,557,100,000","1,572,600,000","1,341,300,000","1,376,300,000","1,435,500,000","1,443,800,000","1,281,800,000","1,225,400,000","1,240,600,000","784,000,000","1,045,100,000","1,121,500,000","1,225,000,000","1,042,300,000","940,600,000","1,014,700,000","1,072,100,000","609,500,000","957,700,000","1,017,600,000","1,059,000,000","969,400,000","883,400,000","879,300,000","988,300,000","817,000,000","787,900,000"
	OperatingRevenue,"28,318,400,000","7,999,900,000","6,772,800,000","6,740,100,000","6,805,600,000","7,440,000,000","5,740,600,000","5,499,400,000","5,859,800,000","6,114,000,000","5,476,600,000","5,636,700,000","5,092,200,000","6,438,600,000","6,061,900,000","6,355,200,000","5,700,000,000","6,160,700,000","5,658,000,000","5,824,300,000","5,228,300,000","5,760,500,000","5,191,700,000","5,404,800,000","4,865,100,000","5,375,600,000","4,959,700,000","4,978,700,000","4,644,700,000","5,121,300,000","4,875,600,000","4,935,600,000","4,683,100,000","5,808,800,000","5,772,600,000","5,929,700,000","5,602,000,000","5,957,400,000","5,443,300,000","5,600,700,000","5,602,000,000","6,046,600,000","6,147,900,000","6,252,800,000","5,839,200,000","6,187,000,000","5,654,800,000","5,748,700,000","5,485,500,000","5,934,200,000","5,562,000,000","5,292,800,000","5,047,000,000","5,210,500,000","5,209,500,000","5,150,400,000","4,807,600,000","5,189,600,000","4,586,800,000","4,631,000,000","4,226,100,000","4,245,300,000","3,864,100,000","3,866,900,000","3,714,700,000","3,879,100,000","3,601,100,000","3,667,700,000","3,497,400,000","3,644,300,000","3,280,400,000","3,556,300,000","3,376,900,000","3,465,500,000","3,139,400,000","3,088,200,000","2,889,400,000","2,955,600,000","2,785,600,000","2,775,200,000","2,561,100,000","2,828,900,000","2,874,400,000","3,033,500,000","2,805,700,000","2,977,700,000","2,811,900,000","2,621,500,000","2,451,100,000","2,820,500,000","2,585,200,000","2,341,600,000","2,255,600,000","2,053,800,000","2,573,200,000","2,340,700,000","2,269,100,000","2,415,800,000","2,160,100,000","1,988,700,000","1,953,000,000","2,061,100,000","1,803,900,000","1,698,300,000","1,783,300,000","1,799,800,000","1,631,900,000","1,614,800,000","1,717,300,000","578,700,000","1,817,400,000","1,678,500,000","1,637,000,000","1,800,800,000","1,530,600,000","1,561,000,000","1,560,000,000","1,655,400,000","1,476,500,000","1,478,300,000","1,557,100,000","1,572,600,000","1,341,300,000","1,376,300,000","1,435,500,000","1,443,800,000","1,281,800,000","1,225,400,000","1,240,600,000","784,000,000","1,045,100,000","1,121,500,000","1,225,000,000","1,042,300,000","940,600,000","1,014,700,000","1,072,100,000","609,500,000","957,700,000","1,017,600,000","1,059,000,000","969,400,000","883,400,000","879,300,000","988,300,000","817,000,000","787,900,000"
CostOfRevenue,"7,312,800,000","2,050,200,000","1,430,800,000","1,953,200,000","1,878,600,000","1,719,800,000","1,326,400,000","1,222,000,000","1,215,100,000","1,282,600,000","1,175,000,000","1,124,900,000","1,138,700,000","1,593,700,000","1,562,300,000","1,702,700,000","1,571,300,000","1,624,800,000","1,566,100,000","1,551,600,000","1,327,700,000","1,466,000,000","1,400,900,000","1,465,000,000","1,323,000,000","1,389,200,000","1,236,900,000","1,218,400,000","1,192,700,000","1,253,100,000","1,267,000,000","1,189,700,000","1,222,700,000","1,386,500,000","1,198,100,000","1,165,200,000","1,158,300,000","1,248,300,000","1,203,600,000","1,146,700,000","1,197,900,000","1,321,700,000","1,338,100,000","1,228,000,000","1,180,100,000","1,232,200,000","987,600,000","1,023,900,000","1,122,500,000","1,431,300,000","1,051,900,000","947,400,000","816,400,000","915,400,000","1,155,200,000","1,200,900,000","1,111,300,000","1,272,800,000","1,054,600,000","998,900,000","922,500,000","1,019,000,000","860,400,000","860,600,000","806,500,000","898,200,000","845,700,000","871,300,000","859,000,000","865,700,000","810,100,000","796,400,000","751,700,000","731,500,000","679,300,000","643,000,000","621,300,000","567,800,000","553,700,000","524,900,000","530,100,000","566,700,000","549,000,000","522,200,000","522,300,000","925,100,000","367,600,000","370,500,000","392,500,000","465,900,000","432,200,000","379,100,000","381,100,000","-12,000,000","544,900,000","508,900,000","482,900,000","575,000,000","463,000,000","412,800,000","402,300,000","453,700,000","367,000,000","368,900,000","385,300,000","360,200,000","279,200,000","320,200,000","372,400,000","-373,000,000","578,100,000","524,500,000","517,900,000","177,200,000","467,400,000","469,500,000","446,600,000","115,700,000","532,500,000","445,600,000","435,100,000","184,700,000","392,300,000","388,200,000","389,500,000","186,900,000","378,400,000","366,700,000","343,800,000","-60,500,000","338,700,000","361,300,000",,,,,,,,,,,,,,,
GrossProfit,"21,005,600,000","5,949,700,000","5,342,000,000","4,786,900,000","4,927,000,000","5,720,200,000","4,414,200,000","4,277,400,000","4,644,700,000","4,831,400,000","4,301,600,000","4,511,800,000","3,953,500,000","4,844,900,000","4,499,600,000","4,652,500,000","4,128,700,000","4,535,900,000","4,091,900,000","4,272,700,000","3,900,600,000","4,294,500,000","3,790,800,000","3,939,800,000","3,542,100,000","3,986,400,000","3,722,800,000","3,760,300,000","3,452,000,000","3,868,200,000","3,608,600,000","3,745,900,000","3,460,400,000","4,422,300,000","4,574,500,000","4,764,500,000","4,443,700,000","4,709,100,000","4,239,700,000","4,454,000,000","4,404,100,000","4,724,900,000","4,809,800,000","5,024,800,000","4,659,100,000","4,954,800,000","4,667,200,000","4,724,800,000","4,363,000,000","4,502,900,000","4,510,100,000","4,345,400,000","4,230,600,000","4,295,100,000","4,054,300,000","3,949,500,000","3,696,300,000","3,916,800,000","3,532,200,000","3,632,100,000","3,303,600,000","3,226,300,000","3,003,700,000","3,006,300,000","2,908,200,000","2,980,900,000","2,755,400,000","2,796,400,000","2,638,400,000","2,778,600,000","2,470,300,000","2,759,900,000","2,625,200,000","2,734,000,000","2,460,100,000","2,445,200,000","2,268,100,000","2,387,800,000","2,231,900,000","2,250,300,000","2,031,000,000","2,262,200,000","2,325,400,000","2,511,300,000","2,283,400,000","2,052,600,000","2,444,300,000","2,251,000,000","2,058,600,000","2,354,600,000","2,153,000,000","1,962,500,000","1,874,500,000","2,065,800,000","2,028,300,000","1,831,800,000","1,786,200,000","1,840,800,000","1,697,100,000","1,575,900,000","1,550,700,000","1,607,400,000","1,436,900,000","1,329,400,000","1,398,000,000","1,439,600,000","1,352,700,000","1,294,600,000","1,344,900,000","951,700,000","1,239,300,000","1,154,000,000","1,119,100,000","1,623,600,000","1,063,200,000","1,091,500,000","1,113,400,000","1,539,700,000","944,000,000","1,032,700,000","1,122,000,000","1,387,900,000","949,000,000","988,100,000","1,046,000,000","1,256,900,000","903,400,000","858,700,000","896,800,000","844,500,000","706,400,000","760,200,000",,,,,,,,,,,,,,,
OperatingExpense,"13,457,500,000","3,551,400,000","3,286,800,000","3,358,500,000","3,260,800,000","3,391,900,000","3,034,500,000","2,838,800,000","2,941,700,000","3,279,500,000","2,793,200,000","2,988,500,000","2,747,600,000","3,315,300,000","2,959,900,000","2,986,800,000","2,676,900,000","3,767,400,000","2,874,900,000","2,958,300,000","2,783,000,000","3,240,700,000","2,801,800,000","2,958,500,000","2,694,900,000","3,242,600,000","2,719,100,000","2,804,900,000","2,562,800,000","2,985,600,000","2,915,300,000","2,859,300,000","2,594,200,000","3,429,000,000","3,029,800,000","3,198,000,000","3,000,100,000","3,440,600,000","3,100,200,000","3,251,800,000","2,999,000,000","3,488,700,000","3,198,700,000","3,303,600,000","2,909,700,000","3,426,800,000","2,914,700,000","2,942,600,000","2,653,500,000","3,170,000,000","2,823,900,000","2,748,600,000","2,476,500,000","2,785,900,000","2,602,200,000","2,651,600,000","2,427,600,000","2,709,400,000","2,322,300,000","2,379,100,000","2,171,000,000","2,168,800,000","1,953,900,000","2,012,700,000","1,883,700,000","1,999,500,000","1,821,900,000","1,908,500,000","1,792,600,000","1,803,700,000","1,606,700,000","1,854,400,000","1,710,500,000","1,844,200,000","1,531,500,000","1,585,800,000","1,444,100,000","1,495,100,000","1,337,400,000","1,460,700,000","1,280,100,000","1,472,600,000","1,431,900,000","1,463,600,000","1,284,400,000","1,129,500,000","1,428,900,000","1,425,400,000","1,263,000,000","1,385,100,000","1,255,300,000","1,222,100,000","1,118,400,000","1,403,200,000","1,244,500,000","1,190,000,000","1,049,900,000","1,201,500,000","1,057,400,000","1,035,400,000","911,900,000","1,067,900,000","899,700,000","888,600,000","868,700,000","984,800,000","845,200,000","836,000,000","784,000,000","673,200,000","715,800,000","678,900,000","601,300,000","2,349,100,000","650,100,000","634,800,000","605,100,000","1,094,400,000","1,251,400,000","595,200,000","541,900,000","954,700,000","540,000,000","557,800,000","550,200,000","871,600,000","537,000,000","501,100,000","466,700,000","633,200,000","455,200,000","459,200,000",,,,,,,,,,,,,,,
	SellingGeneralAndAdministration,"6,431,600,000","1,592,000,000","1,577,900,000","1,685,700,000","1,576,000,000","1,553,900,000","1,569,100,000","1,448,600,000","1,549,600,000","1,698,100,000","1,412,300,000","1,586,300,000","1,517,100,000","1,861,500,000","1,616,600,000","1,653,700,000","1,500,000,000","2,294,200,000","1,555,500,000","1,707,400,000","1,544,700,000","1,790,100,000","1,565,400,000","1,622,600,000","1,473,900,000","1,798,400,000","1,575,700,000","1,635,400,000","1,523,500,000","1,799,900,000","1,672,100,000","1,663,900,000","1,484,900,000","1,953,600,000","1,652,400,000","1,867,600,000","1,652,000,000","1,977,500,000","1,757,400,000","1,931,100,000","1,847,500,000","2,133,400,000","1,917,800,000","2,043,000,000","1,785,700,000","1,988,700,000","1,694,900,000","1,755,400,000","1,614,400,000","1,953,300,000","1,701,800,000","1,708,200,000","1,529,200,000","1,726,600,000","1,649,200,000","1,700,100,000","1,550,500,000","1,755,800,000","1,477,800,000","1,524,700,000","1,336,800,000","1,310,800,000","1,198,200,000","1,237,900,000","1,142,900,000","1,189,600,000","1,070,900,000","1,146,100,000","1,090,400,000","1,098,200,000","951,900,000","1,170,200,000","1,063,900,000","1,134,200,000","963,400,000","1,043,300,000","914,500,000","920,800,000","810,700,000","915,200,000","777,300,000","882,700,000","865,900,000","899,900,000","768,900,000","944,300,000","800,300,000","795,400,000","688,300,000","818,700,000","696,400,000","649,600,000","592,900,000","757,700,000","680,500,000","654,100,000","566,000,000","682,800,000","587,200,000","572,700,000","471,700,000","579,800,000","473,100,000","479,000,000","460,000,000","566,400,000","444,100,000","436,300,000","407,200,000","140,700,000","455,200,000","428,300,000","374,100,000","1,950,800,000","650,100,000","634,800,000","605,100,000","726,300,000","1,251,400,000","595,200,000","541,900,000","655,200,000","540,000,000","557,800,000","550,200,000","624,100,000","537,000,000","501,100,000","466,700,000","403,900,000","455,200,000","459,200,000",,,,,,,,,,,,,,,
		GeneralAndAdministrativeExpense,"6,431,600,000",,,,,"1,553,900,000","1,569,100,000","1,448,600,000","1,549,600,000","1,698,100,000","1,412,300,000","1,586,300,000","1,517,100,000","1,861,500,000","1,616,600,000","1,653,700,000","1,500,000,000","2,294,200,000","1,555,500,000","1,707,400,000","1,544,700,000","1,790,100,000","1,565,400,000","1,622,600,000","1,473,900,000","1,798,400,000","1,575,700,000","1,635,400,000","1,523,500,000","1,799,900,000","1,672,100,000","1,663,900,000","1,484,900,000","1,953,600,000","1,652,400,000","1,867,600,000","1,652,000,000","1,977,500,000",,,,,,,,,,,,,,,,,,,,,,,,,,,,,,,,,,,,,,,,,,,,,,,,,,,,,,,,,,,,,,,,,,,,,,,,,,,,,,,,,,,,,,,,,,,,,,,,,,,,,,,,,,,,,
			SalariesAndWages,,,,,,,,,,"52,000,000","52,200,000","49,800,000","55,900,000","67,900,000","62,900,000","54,900,000","56,400,000",,,,,,,,,,,,,,,,,,,,,,,,,,,,,,,,,,,,,,,,,,,,,,,,,,,,,,,,,,,,,,,,,,,,,,,,,,,,,,,,,,,,,,,,,,,,,,,,,,,,,,,,,,,,,,,,,,,,,,,,,,,,,,,,,,
			OtherGandA,"6,431,600,000",,,,,"1,553,900,000","1,569,100,000","1,448,600,000","1,549,600,000","1,698,100,000","1,412,300,000","1,586,300,000","1,517,100,000","1,861,500,000","1,616,600,000","1,653,700,000","1,500,000,000","1,780,500,000","1,555,500,000","1,707,400,000","1,544,700,000","1,790,100,000","1,565,400,000","1,622,600,000","1,473,900,000","1,798,400,000","1,575,700,000","1,635,400,000","1,523,500,000","1,799,900,000","1,672,100,000","1,663,900,000","1,484,900,000","1,953,600,000","1,652,400,000","1,867,600,000","1,652,000,000","1,977,500,000",,,,,,,,,,,,,,,,,,,,,,,,,,,,,,,,,,,,,,,,,,,,,,,,,,,,,,,,,,,,,,,,,,,,,,,,,,,,,,,,,,,,,,,,,,,,,,,,,,,,,,,,,,,,,
		SellingAndMarketingExpense,,,,,,,,"1,448,600,000","1,549,600,000","1,698,100,000","1,412,300,000","1,586,300,000","1,517,100,000","1,861,500,000","1,616,600,000","1,653,700,000","1,500,000,000","1,780,500,000","1,555,500,000","1,707,400,000","1,544,700,000","1,790,100,000","1,565,400,000","1,622,600,000","1,473,900,000","1,798,400,000","1,575,700,000","1,635,400,000","1,523,500,000","1,799,900,000","1,672,100,000","1,663,900,000","1,484,900,000","1,953,600,000","1,652,400,000","1,867,600,000","1,652,000,000","1,977,500,000",,,,,,,,,,,,,,,,,,,,,,,,,,,,,,,,,,,,,,,,,,,,,,,,,,,,,,,,,,,,,,,,,,,,,,,,,,,,,,,,,,,,,,,,,,,,,,,,,,,,,,,,,,,,,
	ResearchAndDevelopment,"7,025,900,000","1,959,400,000","1,708,900,000","1,672,800,000","1,684,800,000","1,838,000,000","1,465,400,000","1,390,200,000","1,392,100,000","1,581,400,000","1,380,900,000","1,402,200,000","1,230,500,000","1,453,800,000","1,343,300,000","1,333,100,000","1,176,900,000","1,473,200,000","1,319,400,000","1,250,900,000","1,238,300,000","1,450,600,000","1,236,400,000","1,335,900,000","1,221,000,000","1,444,200,000","1,143,400,000","1,169,500,000","1,039,300,000","1,185,700,000","1,243,200,000","1,195,400,000","1,109,300,000","1,475,400,000","1,377,400,000","1,330,400,000","1,348,100,000","1,463,100,000","1,342,800,000","1,320,700,000","1,151,500,000","1,355,300,000","1,280,900,000","1,260,600,000","1,124,000,000","1,438,100,000","1,219,800,000","1,187,200,000","1,039,100,000","1,216,700,000","1,122,100,000","1,040,400,000","947,300,000","1,059,300,000","953,000,000","951,500,000","877,100,000","953,600,000","844,500,000","854,400,000","834,200,000","858,000,000","755,700,000","774,800,000","740,800,000","809,900,000","751,000,000","762,400,000","702,200,000","705,500,000","654,800,000","684,200,000","646,600,000","710,000,000","568,100,000","542,500,000","529,600,000","574,300,000","526,700,000","545,500,000","502,800,000","589,900,000","566,000,000","563,700,000","515,500,000","545,100,000","506,100,000","508,800,000","458,500,000","467,100,000","442,900,000","460,500,000","413,100,000","513,900,000","441,600,000","418,700,000","364,700,000","408,700,000","345,400,000","326,700,000","301,200,000","349,400,000","290,700,000","273,400,000","276,000,000","284,500,000","260,600,000","260,500,000","236,700,000","100,300,000","260,600,000","250,600,000","227,200,000",,,,,,,,,,,,,,,,,,,,,,,,,,,,,,,,,,
	DepreciationAmortizationDepletionIncomeStatement,,,,,,,,,,,,,,,,,,,,,,,,,,,,,,,,,,,,,,,,,,,,,,,,,,,,,,,,,,,,,,,,,,,,,,,,,,,,,,,,,,,,,,,"122,500,000","121,200,000","116,200,000","99,300,000","116,000,000","112,000,000","112,400,000","131,600,000","122,400,000","117,200,000","119,200,000","110,000,000","124,800,000","136,000,000","139,000,000","138,700,000","135,900,000","136,200,000","132,700,000","133,900,000","140,500,000","139,200,000","140,100,000",,,,,,,,,,,,,,,,,,,,,,,,,,,,,,,,,,,,,,
		DepreciationAndAmortizationInIncomeStatement,,,,,,,,,,,,,,,,,,,,,,,,,,,,,,,,,,,,,,,,,,,,,,,,,,,,,,,,,,,,,,,,,,,,,,,,,,,,,,,,,,,,,,,"122,500,000","121,200,000","116,200,000","99,300,000","116,000,000","112,000,000","112,400,000","131,600,000","122,400,000","117,200,000","119,200,000","110,000,000","124,800,000","136,000,000","139,000,000","138,700,000","135,900,000","136,200,000","132,700,000","133,900,000","140,500,000","139,200,000","140,100,000",,,,,,,,,,,,,,,,,,,,,,,,,,,,,,,,,,,,,,
	OtherOperatingExpenses,,,,,,,,,,,,,,,,,,,,,,,,,,,,,,,,,,,,,,,,,,,,,,,,,,,,"105,000,000",,,,,,,,,,,,,,,,,,,,,,,,,,,,,,,,,,,,,,,,,,,,,,,,,,,,,,,,,,,,,,,,,,,,,,,,,,,,,,,,,,,,,,,,,,,,,,,
OperatingIncome,"7,548,100,000","2,398,300,000","2,055,200,000","1,428,400,000","1,666,200,000","2,328,300,000","1,379,700,000","1,438,600,000","1,703,000,000","1,551,900,000","1,508,400,000","1,523,300,000","1,205,900,000","1,529,600,000","1,539,700,000","1,665,700,000","1,451,800,000","768,500,000","1,217,000,000","1,314,400,000","1,117,600,000","1,053,800,000","989,000,000","981,300,000","847,200,000","743,800,000","1,003,700,000","955,400,000","889,200,000","882,600,000","693,300,000","886,600,000","866,200,000","993,300,000","1,544,700,000","1,566,500,000","1,443,600,000","1,268,500,000","1,139,500,000","1,202,200,000","1,405,100,000","1,236,200,000","1,611,100,000","1,721,200,000","1,749,400,000","1,528,000,000","1,752,500,000","1,782,200,000","1,709,500,000","1,332,900,000","1,686,200,000","1,596,800,000","1,754,100,000","1,509,200,000","1,452,100,000","1,297,900,000","1,268,700,000","1,207,400,000","1,209,900,000","1,253,000,000","1,132,600,000","1,057,500,000","1,049,800,000","993,600,000","1,024,500,000","981,400,000","933,500,000","887,900,000","845,800,000","974,900,000","863,600,000","905,500,000","914,700,000","889,800,000","928,600,000","859,400,000","824,000,000","892,700,000","894,500,000","789,600,000","750,900,000","789,600,000","893,500,000","1,047,700,000","999,000,000","923,100,000","1,015,400,000","825,600,000","795,600,000","969,500,000","897,700,000","740,400,000","756,100,000","662,600,000","783,800,000","641,800,000","736,300,000","639,300,000","639,700,000","540,500,000","638,800,000","539,500,000","537,200,000","440,800,000","529,300,000","454,800,000","507,500,000","458,600,000","560,900,000","278,500,000","523,500,000","475,100,000","517,800,000","-725,500,000","413,100,000","456,700,000","508,300,000","445,300,000","-307,400,000","437,500,000","580,100,000","433,200,000","409,000,000","430,300,000","495,800,000","385,300,000","366,400,000","357,600,000","430,100,000","211,300,000","251,200,000","301,000,000","1,225,000,000","-1,980,600,000","940,600,000","1,014,700,000","1,072,100,000","-2,439,300,000","957,700,000","1,017,600,000","1,059,000,000","-1,890,700,000","883,400,000","879,300,000","988,300,000","-1,689,200,000","787,900,000"
NetNonOperatingInterestIncomeExpense,"-314,400,000","-74,000,000","-76,600,000","-81,500,000","-82,300,000","-83,400,000","-83,800,000","-81,200,000","-78,200,000","-82,700,000","-90,100,000","-91,500,000","-55,900,000","-35,700,000","-37,300,000","-22,100,000","-15,700,000","-10,200,000","-16,800,000","-16,700,000","-14,000,000","-19,500,000","-18,100,000","-19,700,000","-19,200,000","-20,400,000","-18,100,000","-16,200,000","-19,500,000","-13,200,000","-9,300,000","-1,900,000","-3,400,000","-5,500,000","-7,600,000","-10,600,000","-16,700,000","-16,500,000","-21,300,000","-15,800,000","-19,200,000","-25,700,000","-22,800,000","-27,300,000","-30,300,000","-29,200,000","-30,900,000","-36,500,000","-37,000,000","-36,400,000","-44,000,000","-45,500,000","-60,200,000",,,,,,,,,,,,,,,,,,,,,,,,,,,,,,,,,,,,,,,,,,,,,,,,,,,,,,,,,,,,,,,,,,,,,,,,,,,,,,,,,,,,,,,,,,,,,,
	InterestIncomeNonOperating,"25,400,000","7,400,000","7,000,000","5,400,000","5,500,000","5,800,000","5,800,000","7,100,000","14,300,000","13,200,000","17,300,000","19,400,000","30,600,000","42,500,000","32,100,000","41,200,000","45,500,000","52,700,000","45,100,000","36,900,000","32,600,000","31,900,000","29,100,000","23,500,000","24,200,000","23,800,000","21,200,000","20,600,000","21,400,000","24,200,000","28,800,000","33,600,000","34,400,000","34,200,000","32,200,000","29,700,000","23,600,000","26,000,000","25,700,000","27,200,000","26,100,000","24,400,000","22,200,000","17,800,000","15,500,000","14,000,000","16,300,000","11,000,000","10,600,000","13,800,000","15,200,000","18,800,000","27,400,000",,,,,,,,,,,,,,,,,,,,,,,,,,,,,,,,,,,,,,,,,,,,,,,,,,,,,,,,,,,,,,,,,,,,,,,,,,,,,,,,,,,,,,,,,,,,,,
	InterestExpenseNonOperating,"339,800,000","81,400,000","83,600,000","86,900,000","87,800,000","89,200,000","89,600,000","88,300,000","92,500,000","95,900,000","107,400,000","110,900,000","86,500,000","78,200,000","69,400,000","63,300,000","61,200,000","62,900,000","61,900,000","53,600,000","46,600,000","51,400,000","47,200,000","43,200,000","43,400,000","44,200,000","39,300,000","36,800,000","40,900,000","37,400,000","38,100,000","35,500,000","37,800,000","39,700,000","39,800,000","40,300,000","40,300,000","42,500,000","47,000,000","43,000,000","45,300,000","50,100,000","45,000,000","45,100,000","45,800,000","43,200,000","47,200,000","47,500,000","47,600,000","50,200,000","59,200,000","64,300,000","87,600,000",,,,,,,,,,,,,,,,,,,,,,,,,,,,,,,,,,,,,,,,,,,,,,,,,,,,,,,,,,,,,,,,,,,,,,,,,,,,,,,,,,,,,,,,,,,,,,
	TotalOtherFinanceCost,"314,400,000","74,000,000","76,600,000",,"82,300,000","83,400,000","83,800,000","81,200,000","78,200,000","82,700,000","90,100,000","91,500,000","55,900,000","35,700,000",,"22,100,000",,"10,200,000","16,800,000","16,700,000","14,000,000","19,500,000","18,100,000","19,700,000","19,200,000","20,400,000","18,100,000","16,200,000","19,500,000","13,200,000","9,300,000","1,900,000","3,400,000","5,500,000","7,600,000","10,600,000","16,700,000","16,500,000","21,300,000",,"19,200,000","25,600,000",,"27,300,000","30,300,000",,,,,,,"45,500,000",,,,,,,,,,,,,,,,,,,,,,,,,,,,,,,,,,,,,,,,,,,,,,,,,,,,,,,,,,,,,,,,,,,,,,,,,,,,,,,,,,,,,,,,,,,,,,,
OtherIncomeExpense,"-1,078,200,000","-484,400,000","-733,300,000","247,000,000","-107,500,000","224,200,000","141,300,000","286,300,000","55,100,000","193,900,000","-12,500,000","34,100,000","-418,900,000","-555,000,000","-91,400,000","-1,638,800,000","4,900,000","-474,200,000","-608,600,000","-37,200,000","-1,042,400,000","-142,300,000","-200,000","-17,100,000","-261,200,000","-278,800,000","62,200,000","-259,500,000","-251,800,000","-355,800,000","-28,500,000","55,700,000","28,000,000","-77,900,000","-23,700,000","-41,000,000","524,200,000","-239,500,000","756,500,000","-700,000","-50,600,000","-168,700,000","-85,800,000","-162,600,000","-445,200,000","-89,200,000","-50,300,000","-9,200,000","35,300,000","-159,300,000","-572,700,000","-83,600,000","-10,500,000","-4,818,600,000","-1,694,100,000","-96,300,000","-208,900,000","-153,000,000","-25,300,000","-317,600,000","-417,200,000","-864,200,000","51,200,000","44,300,000","37,500,000","-42,400,000","109,300,000","-1,016,000,000","123,200,000","-438,600,000","123,100,000","-59,800,000","-289,900,000","84,000,000","3,100,000","48,400,000","-314,600,000","75,200,000","-9,400,000","78,500,000","65,400,000","-25,500,000","-136,300,000","53,800,000","76,800,000","106,500,000","27,100,000","74,000,000","273,700,000","105,200,000","87,400,000","41,600,000","-168,700,000","71,400,000","-122,700,000","56,400,000","16,700,000","24,400,000","29,900,000","-1,766,900,000","-1,400,000","12,600,000","96,300,000","100,000,000","64,400,000","-18,900,000","5,400,000","50,300,000","33,200,000","-33,900,000","-58,200,000","30,900,000","-35,100,000","-11,900,000","4,500,000","35,200,000","21,500,000","-800,000","-78,200,000","49,000,000","56,800,000","12,300,000","16,000,000","23,200,000","59,400,000","-23,200,000","-2,100,000","31,600,000","53,300,000","83,500,000","51,300,000","15,900,000",,,,,,,,,,,,,,,
	GainOnSaleOfSecurity,"176,900,000","-93,200,000","-246,800,000","215,400,000","301,500,000",,,,,,,,,,,,,,,,,,,,,,,,,,,,,,,,,,,,,,,,,,,,,,,,,,,,,,,,,,,,,,,,,,,,,,,,,,,,,,,,,,,,,,,,,,,,,,,,,,,,,,,,,,,,,,,,,,,,,,,,,,,,,,,,,,,,,,,,,,,,,,
	EarningsFromEquityInterest,,,,,,,,,,,,,,,,,,,,,,,,,,,,,,,,,,,,,,,,,,,,,,,,,,,,,,,,,,"0",,,"11,000,000","30,200,000","23,800,000",,,,,,,,,,,,,,,,,,,,,,,,,,,,,,,,,,,,,,,,,,,,,,,,,,,,,,,,,,,,,,,,,,,,,,,,,,,,,,,,,,,,
	SpecialIncomeCharges,"-1,596,200,000","-481,100,000","-579,200,000","-25,000,000","-510,900,000","-336,200,000","-101,400,000","-241,800,000","-112,200,000","-94,400,000","-77,700,000","-25,000,000","-560,800,000","-575,400,000","-113,300,000","-1,698,900,000","-78,300,000","-539,500,000","-611,500,000","-50,000,000","-1,071,500,000","-177,600,000","-45,500,000","-58,000,000","-335,300,000","-343,900,000","-42,400,000","-319,100,000","-364,000,000","-506,200,000","-131,300,000","0","-31,400,000","-92,500,000","0","-63,500,000","-21,700,000","-986,300,000","756,500,000","-700,000","-50,600,000","-168,700,000","-85,800,000","-162,600,000","-445,200,000","-89,200,000","-50,300,000","-9,200,000","35,300,000","-159,300,000","-572,700,000","-83,600,000","-10,500,000","-4,818,600,000","-1,694,100,000","-96,300,000","-208,900,000","-153,000,000","-25,300,000","-317,600,000","-428,200,000","-894,400,000","27,400,000","44,300,000","37,500,000","-42,400,000","109,300,000","-1,016,000,000","123,200,000","-438,600,000","123,100,000","-59,800,000","-289,900,000","84,000,000","3,100,000","48,400,000","-314,600,000","75,200,000","-9,400,000","78,500,000","65,400,000","-25,500,000","-136,300,000","53,800,000","76,800,000","106,500,000","27,100,000","74,000,000","273,700,000","105,200,000","87,400,000","41,600,000","-168,700,000","71,400,000","-122,700,000","56,400,000","16,700,000","24,400,000","29,900,000","-1,766,900,000","-1,400,000","12,600,000","96,300,000","100,000,000","64,400,000","-18,900,000","5,400,000","50,300,000","33,200,000","-33,900,000","-58,200,000","30,900,000","-35,100,000","-11,900,000","4,500,000","35,200,000","21,500,000","-800,000","-78,200,000","49,000,000","56,800,000","12,300,000","16,000,000","23,200,000","59,400,000","-23,200,000","-2,100,000","31,600,000","53,300,000","83,500,000","51,300,000","15,900,000",,,,,,,,,,,,,,,
		RestructuringAndMergernAcquisition,"13,000,000","1,500,000","0","0","11,500,000",,"144,400,000","0","9,800,000","81,400,000",,,"-3,600,000","167,900,000","-5,400,000","-27,300,000","7,400,000","358,200,000","171,500,000","-1,000,000","168,700,000","89,700,000","8,300,000","19,200,000","9,500,000","75,700,000","12,100,000","22,100,000",,,,,,,,,,,,,,,,,,,,,,,,,,,,,,,,,"123,000,000",,,,,,,"1,073,400,000",,,,"108,900,000",,,,,,,,,,,,,,,,,,,,,,,,,,,,,,,,,,,,,,,,,,,,,,,,,,,,,,,,,,,,,,,,,,,,,,,,,,,
		ImpairmentOfCapitalAssets,"316,100,000","104,500,000",,,"211,600,000","-30,100,000","101,400,000","0","59,900,000","151,700,000","0","0","423,900,000","246,000,000",,"74,400,000",,"1,003,200,000","406,500,000","50,000,000","213,900,000","147,600,000","45,500,000","58,000,000","131,400,000","144,900,000","42,400,000","72,400,000","108,000,000","401,000,000","36,300,000","0","31,400,000","35,400,000","0","63,500,000","21,700,000","204,000,000","53,300,000",,,,,,,,,,,,,,,,,,,,,,,,,,,,,,,,,,,,,,,,,,,,,,,,,,,,,,,,,,,,,,,,,,,,,,,,,,,,,,,,,,,,,,,,,,,,,,,,,,,,,,,,,,,,
		WriteOff,"303,100,000","103,000,000","0","0","200,100,000","124,100,000","-43,000,000","0","50,100,000","70,300,000","0","0","427,500,000","78,100,000","88,700,000","101,700,000","70,900,000","131,300,000","235,000,000","51,000,000","45,200,000","57,900,000","37,200,000","38,800,000","121,900,000","69,200,000","30,300,000","50,300,000","108,000,000","175,500,000","36,300,000","0","31,400,000","-55,200,000","0","63,500,000","21,700,000","204,000,000",,,,,,,,,,,,,,,,,,,,,,,,,,,,,,,,,,,,,,,,,,,,,,,,,,,,,,,,,,,,,,,,,,,,,,,,,,,,,,,,,,,,,,,,,,,,,,,,,,,,,,,,,,,,,
		OtherSpecialCharges,"1,280,100,000","376,600,000","579,200,000","25,000,000","299,300,000","366,300,000",,"241,800,000","52,300,000","252,500,000","77,700,000","25,000,000","136,900,000","329,400,000","30,000,000","1,624,500,000",,"50,000,000","205,000,000",,"857,600,000","30,000,000",,,"203,900,000","199,000,000",,"246,700,000","256,000,000","105,200,000","95,000,000",,,"57,100,000",,,"-495,400,000",,"-809,800,000",,,,,,,,,,,,,,,,,,,,,,"305,200,000",,,,,,,"-57,400,000",,,,"-49,100,000",,,,,,,,,,,,,,,,,,,,,,,,,,,,,,,,,,,,,,,,,,,,,,,,,,,,,,,,,,,,,,,,,,,,,,,,,,,
		GainOnSaleOfBusiness,"0"
	OtherNonOperatingIncomeExpenses,"341,100,000","89,900,000","92,700,000","56,600,000","101,900,000","560,400,000","242,700,000","528,100,000","167,300,000","288,300,000","65,200,000","59,100,000","141,900,000","20,400,000","21,900,000","60,100,000","83,200,000","65,300,000","2,900,000","12,800,000","29,100,000","35,300,000","45,300,000","40,900,000","74,100,000","65,100,000","104,600,000","59,600,000","112,200,000","150,400,000","102,800,000","55,700,000","59,400,000","14,600,000","-23,700,000","22,500,000","545,900,000","-35,500,000",,,,,,,,,,,,,,,,,,,,,,,,,,,,,,,,,,,,,,,,,,,,,,,,,,,,,,,,,,,,,,,,,,,,,,,,,,,,,,,,,,,,,,,,,,,,,,,,,,,,,,,,,,,,,
PretaxIncome,"6,155,500,000","1,839,900,000","1,245,300,000","1,593,900,000","1,476,400,000","2,469,100,000","1,437,200,000","1,643,700,000","1,679,900,000","1,663,100,000","1,405,800,000","1,465,900,000","731,100,000","938,900,000","1,411,000,000","4,800,000","1,441,000,000","284,100,000","591,600,000","1,260,500,000","61,200,000","892,000,000","970,700,000","944,500,000","566,800,000","444,600,000","1,047,800,000","679,700,000","617,900,000","513,600,000","655,500,000","940,400,000","890,800,000","909,900,000","1,513,400,000","1,514,900,000","1,951,100,000","1,012,500,000","1,874,700,000","1,185,700,000","1,335,300,000","1,041,800,000","1,502,500,000","1,531,300,000","1,273,900,000","1,409,600,000","1,671,300,000","1,736,500,000","1,707,800,000","1,137,200,000","1,069,500,000","1,467,700,000","1,683,400,000","-3,337,400,000","-232,800,000","1,206,300,000","1,056,300,000","1,052,300,000","1,178,400,000","926,700,000","719,400,000","215,000,000","1,105,800,000","1,040,500,000","1,056,700,000","894,700,000","1,018,500,000","-140,100,000","944,400,000","520,000,000","968,200,000","838,200,000","615,500,000","964,000,000","915,900,000","887,900,000","493,900,000","944,000,000","862,800,000","844,200,000","806,700,000","741,300,000","715,300,000","1,061,100,000","1,034,400,000","983,700,000","998,400,000","854,100,000","1,022,500,000","1,023,700,000","939,200,000","739,000,000","543,500,000","690,100,000","615,400,000","655,100,000","704,400,000","610,000,000","612,300,000","-1,288,900,000","576,800,000","482,800,000","559,400,000","465,300,000","523,800,000","363,800,000","437,300,000","436,600,000","527,900,000","244,600,000","465,300,000","506,000,000","482,700,000","-737,400,000","417,600,000","491,900,000","529,800,000","444,500,000","-385,600,000","486,500,000","636,900,000","445,500,000","425,000,000","453,500,000","555,200,000","362,100,000","364,300,000","389,200,000","483,400,000","294,800,000","302,500,000","316,900,000",,,,,,,,,,,,,,,
TaxProvision,"573,800,000","113,800,000","135,200,000","203,700,000","121,100,000","352,300,000","228,800,000","231,700,000","223,400,000","167,400,000","151,900,000","138,700,000","170,000,000","-186,100,000","261,500,000","264,700,000","223,600,000","1,941,000,000","36,000,000","252,500,000","172,000,000","120,200,000","192,700,000","196,800,000","126,700,000","-33,800,000","248,100,000","78,900,000","88,400,000","85,100,000","154,900,000","206,900,000","162,900,000","182,400,000","310,300,000","308,700,000","403,100,000","185,200,000","548,100,000","262,100,000","324,200,000","183,600,000","266,200,000","334,000,000","218,000,000","240,000,000","368,400,000","387,600,000","459,700,000","221,800,000","127,700,000","309,200,000","370,300,000","292,000,000","232,800,000","247,500,000","-8,000,000","197,900,000","252,100,000","263,100,000","210,700,000","82,700,000","232,200,000","218,500,000","221,900,000","172,100,000","224,100,000","111,900,000","207,800,000","522,400,000","213,000,000","181,300,000","215,100,000","216,800,000","201,500,000","195,700,000","86,900,000","207,700,000","178,900,000","185,700,000","177,500,000","153,100,000","128,600,000","233,400,000","227,600,000","216,400,000","219,600,000","187,900,000","177,000,000","237,400,000","206,600,000","162,600,000","92,100,000","131,600,000","97,200,000","163,800,000","176,100,000","152,500,000","155,400,000","443,200,000","144,200,000","109,800,000","143,800,000","119,600,000","134,600,000","52,500,000","126,800,000","126,600,000","153,100,000","55,500,000","146,600,000","159,400,000","152,000,000","-213,800,000","123,200,000","145,100,000","156,300,000","133,300,000","-117,100,000","148,300,000","194,300,000","134,400,000","127,500,000","136,000,000","166,600,000","106,800,000","107,500,000","114,800,000","142,600,000","69,500,000","90,100,000","99,800,000",,,,,,,,,,,,,,,
NetIncomeCommonStockholders,"5,581,700,000","1,726,100,000","1,110,100,000","1,390,200,000","1,355,300,000","2,116,800,000","1,208,400,000","1,412,000,000","1,456,500,000","1,495,700,000","1,253,900,000","1,327,200,000","4,241,600,000","1,125,000,000","1,149,500,000","-259,900,000","1,217,400,000","-1,656,900,000","555,600,000","1,008,000,000","-110,800,000","771,800,000","778,000,000","747,700,000","440,100,000","478,400,000","799,700,000","600,800,000","529,500,000","428,500,000","500,600,000","733,500,000","727,900,000","727,500,000","1,203,100,000","1,206,200,000","1,548,000,000","827,300,000","1,326,600,000","923,600,000","1,011,100,000","858,200,000","1,236,300,000","1,197,300,000","1,055,900,000","1,169,600,000","1,302,900,000","1,348,900,000","1,248,100,000","915,400,000","941,800,000","1,158,500,000","1,313,100,000","-3,629,400,000","-465,600,000","958,800,000","1,064,300,000","854,400,000","926,300,000","663,600,000","508,700,000","132,300,000","873,600,000","822,000,000","834,800,000","700,600,000","794,400,000","-252,000,000","736,600,000","-2,400,000","755,200,000","656,900,000","400,400,000","747,200,000","714,400,000","692,200,000","407,000,000","736,300,000","683,900,000","658,500,000","629,200,000","575,400,000","570,100,000","827,700,000","806,800,000","767,300,000","778,800,000","666,200,000","845,500,000","786,300,000","732,600,000","576,400,000","625,600,000","567,100,000","518,000,000","490,600,000","520,500,000","456,900,000","456,200,000","-1,732,700,000","432,000,000","372,000,000","414,700,000","344,000,000","389,200,000","342,600,000","1,228,000,000","327,100,000","393,200,000","290,100,000","318,700,000","346,600,000","330,700,000","-523,600,000","294,400,000","346,800,000","362,600,000","311,200,000","-268,500,000","338,200,000","442,600,000","311,100,000","297,500,000","317,500,000","388,600,000","255,300,000","256,800,000","274,400,000","340,800,000","225,300,000","212,400,000","217,100,000",,,,,,,,,,,,,,,
	NetIncome,"5,581,700,000","1,726,100,000","1,110,100,000","1,390,200,000","1,355,300,000","2,116,800,000","1,208,400,000","1,412,000,000","1,456,500,000","1,495,700,000","1,253,900,000","1,327,200,000","4,241,600,000","1,125,000,000","1,149,500,000","-259,900,000","1,217,400,000","-1,656,900,000","555,600,000","1,008,000,000","-110,800,000","771,800,000","778,000,000","747,700,000","440,100,000","478,400,000","799,700,000","600,800,000","529,500,000","428,500,000","500,600,000","733,500,000","727,900,000","727,500,000","1,203,100,000","1,206,200,000","1,548,000,000","827,300,000","1,326,600,000","923,600,000","1,011,100,000","858,200,000","1,236,300,000","1,197,300,000","1,055,900,000","1,169,600,000","1,302,900,000","1,348,900,000","1,248,100,000","915,400,000","941,800,000","1,158,500,000","1,313,100,000","-3,629,400,000","-465,600,000","958,800,000","1,064,300,000","854,400,000","926,300,000","663,600,000","508,700,000","132,300,000","873,600,000","822,000,000","834,800,000","700,600,000","794,400,000","-252,000,000","736,600,000","-2,400,000","755,200,000","656,900,000","400,400,000","747,200,000","714,400,000","692,200,000","407,000,000","736,300,000","683,900,000","658,500,000","629,200,000","575,400,000","570,100,000","827,700,000","806,800,000","767,300,000","778,800,000","666,200,000","845,500,000","786,300,000","732,600,000","576,400,000","625,700,000","567,300,000","518,200,000","491,300,000","521,100,000","457,500,000","456,900,000","-1,732,100,000","432,600,000","373,000,000","415,600,000","345,700,000","389,200,000","342,600,000","1,228,000,000","327,100,000","393,200,000","290,100,000","318,700,000","346,600,000","330,700,000","-523,600,000","294,400,000","346,800,000","362,600,000","311,200,000","-268,500,000","338,200,000","442,600,000","311,100,000","297,500,000","317,500,000","388,600,000","255,300,000","256,800,000","274,400,000","340,800,000","225,300,000","212,400,000","217,100,000",,,,,,,,,,,,,,,
		NetIncomeIncludingNoncontrollingInterests,"5,581,700,000","1,726,100,000","1,110,100,000","1,390,200,000","1,355,300,000","2,116,800,000","1,208,400,000","1,412,000,000","1,456,500,000","1,495,700,000","1,253,900,000","1,327,200,000","4,241,600,000","1,125,000,000","1,149,500,000","-259,900,000","1,217,400,000","-1,656,900,000","555,600,000","1,008,000,000","-110,800,000","771,800,000","778,000,000","747,700,000","440,100,000","478,400,000","799,700,000","600,800,000","529,500,000","428,500,000","500,600,000","733,500,000","727,900,000","727,500,000","1,203,100,000","1,206,200,000","1,548,000,000","827,300,000","1,326,600,000","923,600,000","1,011,100,000","858,200,000","1,236,300,000","1,197,300,000","1,055,900,000","1,169,600,000","1,302,900,000","1,348,900,000","1,248,100,000","915,400,000","941,800,000","1,158,500,000","1,313,100,000","-3,629,400,000","-465,600,000","958,800,000","1,064,300,000","854,400,000","926,300,000","663,600,000","508,700,000","132,300,000","873,600,000","822,000,000","834,800,000","700,600,000","794,400,000","-252,000,000","736,600,000","-2,400,000","755,200,000","656,900,000","400,400,000","747,200,000","714,400,000","692,200,000","407,000,000","736,300,000","683,900,000","658,500,000","629,200,000","575,400,000","570,100,000","827,700,000","806,800,000","767,300,000","778,800,000","666,200,000","845,500,000","786,300,000","732,600,000","576,400,000","625,700,000","567,300,000","518,200,000","491,300,000","521,100,000","457,500,000","456,900,000","-1,732,100,000","432,600,000","373,000,000","415,600,000","345,700,000","389,200,000","342,600,000","1,228,000,000","327,100,000","393,200,000","290,100,000","318,700,000","346,600,000","330,700,000","-523,600,000","294,400,000","346,800,000","362,600,000","311,200,000","-268,500,000","338,200,000","442,600,000","311,100,000","297,500,000","317,500,000","388,600,000","255,300,000","256,800,000","274,400,000","340,800,000","225,300,000","212,400,000","217,100,000","284,700,000","175,700,000","171,400,000","180,700,000","233,200,000","138,200,000","150,000,000","150,300,000","205,200,000","124,300,000","135,600,000","125,700,000","172,600,000","124,500,000","122,100,000"
			NetIncomeContinuousOperations,"5,581,700,000","1,726,100,000","1,110,100,000","1,390,200,000","1,355,300,000","2,116,800,000","1,208,400,000","1,412,000,000","1,456,500,000","1,495,700,000","1,253,900,000","1,327,200,000","561,100,000","1,125,000,000","1,149,500,000","-259,900,000","1,217,400,000","-1,656,900,000","555,600,000","1,008,000,000","-110,800,000","771,800,000","778,000,000","747,700,000","440,100,000","478,400,000","799,700,000","600,800,000","529,500,000","428,500,000","500,600,000","733,500,000","727,900,000","727,500,000","1,203,100,000","1,206,200,000","1,548,000,000","827,300,000","1,326,600,000","923,600,000","1,011,100,000","858,200,000","1,236,300,000","1,197,300,000","1,055,900,000","1,169,600,000","1,302,900,000","1,348,900,000","1,248,100,000","915,400,000","941,800,000","1,158,500,000","1,313,100,000","-3,629,400,000","-465,600,000","958,800,000","1,064,300,000","854,400,000","926,300,000","663,600,000","508,700,000","132,300,000","873,600,000","822,000,000","834,800,000","722,600,000","794,400,000","-252,000,000","736,600,000","-2,400,000","755,200,000","656,900,000","400,400,000","747,200,000","714,400,000","692,200,000","407,000,000","736,300,000","683,900,000","658,500,000","629,200,000","588,200,000","586,700,000","827,700,000","806,800,000","767,300,000","778,800,000","666,200,000","845,500,000","786,300,000","732,600,000","576,400,000","451,400,000","558,500,000","518,200,000","491,300,000","528,300,000","457,500,000","456,900,000","-1,732,100,000","432,600,000","373,000,000","415,600,000","345,700,000","389,200,000","311,300,000","310,500,000","310,000,000","374,800,000","189,100,000","318,700,000","346,600,000","330,700,000","-523,600,000","294,400,000","346,800,000","373,500,000","311,200,000","-268,500,000","338,200,000","442,600,000","311,100,000","297,500,000","317,500,000","388,600,000","255,300,000","256,800,000","274,400,000","340,800,000","225,300,000","212,400,000","217,100,000","284,700,000","175,700,000","171,400,000","180,700,000","233,200,000","-95,000,000","150,000,000","150,300,000","205,200,000","124,300,000","135,600,000","125,700,000","172,600,000","124,500,000","122,100,000"
			NetIncomeDiscontinuousOperations,"0",,,,,"0","0","0","0","0","0","0","3,680,500,000",,,,,,,,,,,,,,,,,,,,,,,,,,,,,,,,,,,,,,,,,,,,,,,,,,,,,,,,,,,,,,,,,,,,,,,,,,,,,"0",,,"174,300,000",,,,,,,,,,,,,"31,300,000","917,500,000","17,100,000","18,400,000",,,,,,,,,,,,,,,,,,,,,,,,,,,,,,,,,,,,,,
			NetIncomeExtraordinary,,,,,,,,,,,,,,,,,,,,,,,,,,,,,,,,,,,,,,,,,,,,,,,,,,,,,,,,,,,,,,,,,,,,,,,,,,,,,,,,,,,,,,,,,,,,,,,,,,,,,,,,,,,,,,,,,,"0",,,"-10,900,000","0",,,,,,,,,,,,,,,,,,,,,,,,,,,,,
			NetIncomeFromTaxLossCarryforward,,,,,,,,,,,,,,,,,,,,,,,,,,,,,,,,,,,,,,,,,,,,,,,,,,,,,,,,,,,,,,,,,,,,,,,,,,,,,,,,,,"-12,800,000","-16,600,000",,,,,,,,,,,"0",,,"-7,200,000",,,,,,,,,,,,,,,,,,,,,,,,,,,,,,,,,,,,,,,,,,,,,,,,,,
	PreferredStockDividends,,,,,,,,,,,,,,,,,,,,,,,,,,,,,,,,,,,,,,,,,,,,,,,,,,,,,,,,,,,,,,,,,,,,,,,,,,,,,,,,,,,,,,,,,,"0",,,"100,000","200,000","200,000","700,000","600,000","600,000","700,000","600,000","600,000","1,000,000","900,000","1,700,000",,,,,,,,,,,,,,,,,,,,,,,,,,,,,,,,,,,,,,,,,,,
DilutedNIAvailtoComStockholders,"5,581,700,000","1,726,100,000","1,110,100,000","1,390,200,000","1,355,300,000","2,116,800,000","1,208,400,000","1,412,000,000","1,456,500,000","1,495,700,000","1,253,900,000","1,327,200,000","4,241,600,000","1,125,000,000","1,149,500,000","-259,900,000","1,217,400,000","-1,656,900,000","555,600,000","1,008,000,000","-110,800,000","771,800,000","778,000,000","747,700,000","440,100,000","478,400,000","799,700,000","600,800,000","529,500,000","428,500,000","500,600,000","733,500,000","727,900,000","727,500,000","1,203,100,000","1,206,200,000","1,548,000,000","827,300,000","1,326,600,000","923,600,000","1,011,100,000","858,200,000","1,236,300,000","1,197,300,000","1,055,900,000","1,169,600,000","1,302,900,000","1,348,900,000","1,248,100,000","915,400,000","941,800,000","1,158,500,000","1,313,100,000","-3,629,400,000","-465,600,000","958,800,000","1,064,300,000","854,400,000","926,300,000","663,600,000","508,700,000","132,300,000","873,600,000","822,000,000","834,800,000","700,600,000","794,400,000","-252,000,000","736,600,000","-2,400,000","755,200,000","656,900,000","400,400,000","747,200,000","714,400,000","692,200,000","407,000,000","736,300,000","683,900,000","658,500,000","629,200,000","575,400,000","570,100,000","827,700,000","806,800,000","767,300,000","778,800,000","666,200,000","845,500,000","786,300,000","732,600,000","576,400,000","625,600,000","567,100,000","518,000,000","490,600,000","520,500,000","456,900,000","456,200,000","-1,732,700,000","432,000,000","372,000,000","414,700,000","344,000,000","389,200,000","342,600,000","1,228,000,000","327,100,000","393,200,000","290,100,000","318,700,000","346,600,000","330,700,000","-523,600,000","294,400,000","346,800,000","362,600,000","311,200,000","-268,500,000","338,200,000","442,600,000","311,100,000","297,500,000","317,500,000","388,600,000","255,300,000","256,800,000","274,400,000","340,800,000","225,300,000","212,400,000","217,100,000",,,,,,,,,,,,,,,
BasicEPS,,"1.81","1.16","1.53","1.413","2.213","1.263","1.476","1.522","1.562","1.305","1.374","4.33","1.064","1.13","-0.25","1.16","-1.58","0.505","0.914","-0.1","0.701","0.705","0.677","0.398","0.433","0.721","0.541","0.477","0.386","0.448","0.655","0.65","0.651","1.068","1.071","1.37","0.722","1.18","0.83","0.91","0.77","1.11","1.07","0.95",,"1.18","1.22","1.13",,"0.86","1.06","1.2",,"-0.43","0.88","0.97",,"0.85","0.61","0.47",,"0.8","0.76","0.77",,"0.73","-0.23","0.68",,"0.7","0.61","0.37",,"0.66","0.64","0.38",,"0.64","0.61","0.58",,"0.53","0.77","0.75",,"0.72","0.62","0.78",,"0.68","0.53","0.57",,"0.47","0.45","0.47",,"0.41","-1.57","0.39",,"0.38","0.31","0.36",,"1.08","0.29","0.35",,"0.28","0.3","0.29",,"0.25","0.3","0.31",,"-0.23","0.29","0.38",,"0.26","0.27","0.34",,"0.23","0.24","0.29",,"0.19","0.19","0.25",,"0.15","0.16","0.21",,"0.13","0.13","0.18",,"0.13","0.12","0.16",,"0.11"
DilutedEPS,,"1.81","1.16","1.53","1.413","2.213","1.263","1.476","1.522","1.562","1.305","1.374","4.31","1.064","1.12","-0.25","1.16","-1.58","0.505","0.914","-0.1","0.701","0.705","0.677","0.398","0.433","0.721","0.541","0.477","0.386","0.448","0.655","0.65","0.651","1.068","1.071","1.37","0.722","1.18","0.83","0.91","0.77","1.11","1.07","0.95",,"1.18","1.22","1.13",,"0.86","1.06","1.2",,"-0.43","0.88","0.97",,"0.85","0.61","0.47",,"0.8","0.76","0.77",,"0.73","-0.23","0.68",,"0.69","0.6","0.37",,"0.66","0.64","0.38",,"0.63","0.61","0.58",,"0.52","0.76","0.74",,"0.71","0.61","0.77",,"0.67","0.52","0.56",,"0.46","0.44","0.46",,"0.4","-1.57","0.38",,"0.37","0.31","0.35",,"1.08","0.29","0.35",,"0.28","0.3","0.29",,"0.25","0.3","0.31",,"-0.23","0.29","0.38",,"0.26","0.27","0.34",,"0.23","0.24","0.29",,"0.19","0.19","0.25",,"0.15","0.16","0.21",,"0.13","0.13","0.18",,"0.13","0.12","0.16",,"0.11"
BasicAverageShares,,"953,653,000","956,589,000","907,300,000","959,482,000","956,590,000","956,491,000","956,466,000","956,929,000","957,526,000","960,576,000","965,957,000","979,584,296","1,057,639,000","1,020,400,000","1,030,210,000","1,048,000,000","1,051,091,000","1,101,094,711","1,100,988,944","1,103,388,743","1,100,875,000","1,103,948,230","1,103,843,444","1,103,837,002","1,105,267,000","1,108,076,549","1,108,540,541","1,109,741,140","1,110,627,000","1,113,429,817","1,117,308,330","1,119,451,042","1,116,795,000","1,126,649,615","1,126,637,846","1,126,561,464","1,146,493,000","1,119,617,000","1,118,686,000","1,116,962,000","1,115,846,000","1,113,820,000","1,113,933,000","1,112,003,000",,"1,099,000,000","1,103,800,000","1,103,400,000",,"1,097,700,000","1,097,184,000","1,097,200,000",,"1,082,790,698","1,089,545,455","1,097,216,495",,"1,089,764,706","1,087,868,852","1,082,340,426",,"1,092,000,000","1,081,578,947","1,084,155,844",,"1,088,219,178","1,095,652,174","1,083,235,294",,"1,078,857,143","1,076,885,246","1,082,162,162",,"1,082,424,242","1,081,562,500","1,071,052,632",,"1,068,593,750","1,079,508,197","1,084,827,586",,"1,075,660,377","1,074,935,065","1,075,733,333",,"1,081,666,667","1,074,516,129","1,083,974,359",,"1,077,352,941","1,087,547,170","1,092,100,000",,"1,091,600,000","1,098,200,000","1,101,100,000",,"1,101,800,000","1,102,500,000","1,100,600,000",,"1,092,932,000","1,094,554,000","1,092,628,000",,"1,146,148,000","1,157,136,000","1,156,248,000",,"1,156,280,000","1,157,036,000","1,157,652,000",,"1,177,600,000","1,156,000,000","1,169,677,419",,"1,167,391,304","1,166,206,897","1,164,736,842",,"1,144,230,769","1,175,925,926","1,142,941,176",,"1,116,521,739","1,143,333,333","1,175,172,414",,"1,117,894,737","1,142,631,579","1,101,640,000",,"1,098,968,000","1,104,688,000","1,114,952,000",,"1,114,952,000","1,112,448,000","1,112,448,000",,"1,115,992,000","1,115,992,000","1,115,992,000",,"1,118,048,000"
DilutedAverageShares,,"953,653,000","956,589,000","910,400,000","959,482,000","956,590,000","956,491,000","956,466,000","956,929,000","957,526,000","960,576,000","965,957,000","984,001,000","1,057,639,000","1,026,300,000","1,030,210,000","1,049,800,000","1,051,091,000","1,101,094,711","1,100,988,944","1,103,388,743","1,100,875,000","1,103,948,230","1,103,843,444","1,103,837,002","1,105,267,000","1,108,076,549","1,108,540,541","1,109,741,140","1,110,627,000","1,113,429,817","1,117,308,330","1,119,451,042","1,116,795,000","1,126,649,615","1,126,637,846","1,126,561,464","1,146,493,000","1,119,641,000","1,118,707,000","1,116,983,000","1,115,883,000","1,113,841,000","1,113,957,000","1,112,026,000",,"1,099,000,000","1,103,800,000","1,103,400,000",,"1,097,700,000","1,097,213,000","1,097,300,000",,"1,082,790,698","1,089,545,455","1,097,216,495",,"1,089,764,706","1,087,868,852","1,082,340,426",,"1,092,000,000","1,081,578,947","1,084,155,844",,"1,088,219,178","1,095,652,174","1,083,235,294",,"1,094,492,754","1,094,833,333","1,082,162,162",,"1,082,424,242","1,081,562,500","1,071,052,632",,"1,085,555,556","1,079,508,197","1,084,827,586",,"1,096,346,154","1,089,078,947","1,090,270,270",,"1,096,901,408","1,092,131,148","1,098,051,948",,"1,093,432,836","1,108,461,538","1,114,700,000",,"1,118,200,000","1,125,000,000","1,130,600,000",,"1,129,900,000","1,102,500,000","1,125,500,000",,"1,118,540,000","1,122,626,000","1,124,714,000",,"1,167,140,000","1,174,676,000","1,174,132,000",,"1,167,168,000","1,168,396,000","1,157,652,000",,"1,177,600,000","1,156,000,000","1,169,677,419",,"1,167,391,304","1,166,206,897","1,164,736,842",,"1,144,230,769","1,175,925,926","1,142,941,176",,"1,116,521,739","1,143,333,333","1,175,172,414",,"1,117,894,737","1,142,631,579","1,101,640,000",,"1,098,968,000","1,104,688,000","1,114,952,000",,"1,114,952,000","1,112,448,000","1,112,448,000",,"1,115,992,000","1,115,992,000","1,115,992,000",,"1,118,048,000"
TotalOperatingIncomeAsReported,"6,357,100,000","1,917,200,000","1,881,200,000",,"1,155,300,000","1,992,100,000","1,278,300,000","1,196,800,000","1,590,800,000","1,400,200,000","1,430,700,000","1,498,300,000","645,100,000","954,200,000",,"-33,200,000",,"229,000,000","605,500,000","1,264,400,000","46,100,000","876,200,000","943,500,000","923,300,000","715,800,000","399,900,000","961,300,000","803,000,000","525,200,000","376,400,000","562,000,000","886,600,000","834,800,000","900,800,000","1,544,700,000","1,503,000,000","1,421,900,000","1,064,400,000","1,086,200,000","1,202,200,000","1,381,300,000","1,068,600,000","1,585,900,000","1,588,900,000","1,285,100,000",,,,,,,"1,491,800,000",,,,,,,,,,,,,,,,,,,,,,,,,,,,,,,,,,,,,,,,,,,,,,,,,,,,,,,,,,,,,,,,,,,,,,,,,,,,,,,,,,,,,,,,,,,,,,,
TotalExpenses,"20,770,300,000","5,601,600,000","4,717,600,000","5,311,700,000","5,139,400,000","5,111,700,000","4,360,900,000","4,060,800,000","4,156,800,000","4,562,100,000","3,968,200,000","4,113,400,000","3,886,300,000","4,909,000,000","4,522,200,000","4,689,500,000","4,248,200,000","5,392,200,000","4,441,000,000","4,509,900,000","4,110,700,000","4,706,700,000","4,202,700,000","4,423,500,000","4,017,900,000","4,631,800,000","3,956,000,000","4,023,300,000","3,755,500,000","4,238,700,000","4,182,300,000","4,049,000,000","3,816,900,000","4,815,500,000","4,227,900,000","4,363,200,000","4,158,400,000","4,688,900,000","4,303,800,000","4,398,500,000","4,196,900,000","4,810,400,000","4,536,800,000","4,531,600,000","4,089,800,000","4,659,000,000","3,902,300,000","3,966,500,000","3,776,000,000","4,601,300,000","3,875,800,000","3,696,000,000","3,292,900,000","3,701,300,000","3,757,400,000","3,852,500,000","3,538,900,000","3,982,200,000","3,376,900,000","3,378,000,000","3,093,500,000","3,187,800,000","2,814,300,000","2,873,300,000","2,690,200,000","2,897,700,000","2,667,600,000","2,779,800,000","2,651,600,000","2,669,400,000","2,416,800,000","2,650,800,000","2,462,200,000","2,575,700,000","2,210,800,000","2,228,800,000","2,065,400,000","2,062,900,000","1,891,100,000","1,985,600,000","1,810,200,000","2,039,300,000","1,980,900,000","1,985,800,000","1,806,700,000","2,054,600,000","1,796,500,000","1,795,900,000","1,655,500,000","1,851,000,000","1,687,500,000","1,601,200,000","1,499,500,000","1,391,200,000","1,789,400,000","1,698,900,000","1,532,800,000","1,776,500,000","1,520,400,000","1,448,200,000","1,314,200,000","1,521,600,000","1,266,700,000","1,257,500,000","1,254,000,000","1,345,000,000","1,124,400,000","1,156,200,000","1,156,400,000","300,200,000","1,293,900,000","1,203,400,000","1,119,200,000","2,526,300,000","1,117,500,000","1,104,300,000","1,051,700,000","1,210,100,000","1,783,900,000","1,040,800,000","977,000,000","1,139,400,000","932,300,000","946,000,000","939,700,000","1,058,500,000","915,400,000","867,800,000","810,500,000","572,700,000","793,900,000","820,500,000",,,,,,,,,,,,,,,
NetIncomeFromContinuingAndDiscontinuedOperation,"5,581,700,000","1,726,100,000","1,110,100,000","1,390,200,000","1,355,300,000","2,116,800,000","1,208,400,000","1,412,000,000","1,456,500,000","1,495,700,000","1,253,900,000","1,327,200,000","4,241,600,000","1,125,000,000","1,149,500,000","-259,900,000","1,217,400,000","-1,656,900,000","555,600,000","1,008,000,000","-110,800,000","771,800,000","778,000,000","747,700,000","440,100,000","478,400,000","799,700,000","600,800,000","529,500,000","428,500,000","500,600,000","733,500,000","727,900,000","727,500,000","1,203,100,000","1,206,200,000","1,548,000,000","827,300,000","1,326,600,000","923,600,000","1,011,100,000","858,200,000","1,236,300,000","1,197,300,000","1,055,900,000","1,169,600,000","1,302,900,000","1,348,900,000","1,248,100,000","915,400,000","941,800,000","1,158,500,000","1,313,100,000","-3,629,400,000","-465,600,000","958,800,000","1,064,300,000","854,400,000","926,300,000","663,600,000","508,700,000","132,300,000","873,600,000","822,000,000","834,800,000","722,600,000","794,400,000","-252,000,000","736,600,000","-2,400,000","755,200,000","656,900,000","400,400,000","747,200,000","714,400,000","692,200,000","407,000,000","736,300,000","683,900,000","658,500,000","629,200,000","588,200,000","586,700,000","827,700,000","806,800,000","767,300,000","778,800,000","666,200,000","845,500,000","786,300,000","732,600,000","576,400,000","625,700,000","567,300,000","518,200,000","491,300,000","528,300,000","457,500,000","456,900,000","-1,732,100,000","432,600,000","373,000,000","415,600,000","345,700,000","389,200,000","342,600,000","1,228,000,000","327,100,000","393,200,000","290,100,000","318,700,000","346,600,000","330,700,000","-523,600,000","294,400,000","346,800,000","373,500,000","311,200,000","-268,500,000","338,200,000","442,600,000","311,100,000","297,500,000","317,500,000","388,600,000","255,300,000","256,800,000","274,400,000","340,800,000","225,300,000","212,400,000","217,100,000",,,,,,,,,,,,,,,
NormalizedIncome,"6,869,005,100","2,264,878,862.982","1,846,066,000","1,224,171,200","1,547,529,200","2,405,029,784.132","1,293,677,400","1,619,706,200","1,553,777,400","1,580,598,129.998","1,323,208,400","1,349,825,000","991,233,600","1,545,042,000","1,241,839,500","980,297,000","1,283,563,500","-1,333,200,000","1,129,798,500","1,048,000,000","532,100,000","925,467,802.691","814,445,500","793,636,000","700,292,800","684,740,000","832,051,200","882,884,400","841,448,000","850,826,129.283","600,913,200","733,500,000","753,553,800","801,457,303","1,203,100,000","1,256,746,000","1,565,208,100","1,633,192,335.802","791,275,468.075","924,145,264.401","1,049,414,730.772","997,169,418.314","1,306,898,695.507","1,324,434,447.855","1,424,913,800.141","1,243,612,712.826","1,342,112,511.219","1,356,046,490.066","1,222,301,938.166","1,043,630,056.279","1,446,118,709.677","1,224,488,008.449","1,321,290,299.394","-497,310,000","635,565,000","1,035,341,855.26","1,200,085,000","978,626,171.244","946,187,466.056","891,029,977.339","811,487,517.376","682,668,000","851,953,553.988","787,002,787.122","805,174,751.585","756,844,148.877","709,149,219.44","357,600,000","640,508,174.502","260,760,000","659,181,491.427","703,765,449.773","588,988,074.736","682,091,286.307","711,982,006.769","654,467,732.853","666,247,216.036","677,645,593.22","691,350,927.214","597,267,768.301","578,190,107.847","608,433,508.701","698,495,344.611","785,733,870.512","746,898,375.87","684,228,484.294","757,660,697.115","608,479,826.718","619,178,875.306","705,496,287.975","664,425,766.61","543,953,125.846","591,512,566.697","500,715,765.831","621,520,019.5","449,002,152.343","515,775,000","439,200,000","434,588,535.032","-671,960,000","433,650,000","363,265,534.383","344,054,987.487","271,403,846.98","341,348,759.068","327,472,539.857","306,665,790.075","274,285,387.082","351,228,566.016","215,308,053.966","358,563,185.042","325,434,110.672","354,747,172.157","-515,150,257.662","291,227,586.207","321,983,248.628","358,342,865.232","311,760,089.989","-214,047,977.178","304,136,690.647","403,128,057.78","302,510,707.071","286,300,000","301,257,442.117","347,024,279.539","271,657,249.379","258,280,318.419","252,120,863.309","303,223,169.218","161,485,379.919","176,379,768.595","206,207,320.921",,,,,,,,,,,,,,,
InterestIncome,"25,400,000","7,400,000","7,000,000","5,400,000","5,500,000","5,800,000","5,800,000","7,100,000","14,300,000","13,200,000","17,300,000","19,400,000","30,600,000","42,500,000","32,100,000","41,200,000","45,500,000","52,700,000","45,100,000","36,900,000","32,600,000","31,900,000","29,100,000","23,500,000","24,200,000","23,800,000","21,200,000","20,600,000","21,400,000","24,200,000","28,800,000","33,600,000","34,400,000","34,200,000","32,200,000","29,700,000","23,600,000","26,000,000","25,700,000","27,200,000","26,100,000","24,400,000","22,200,000","17,800,000","15,500,000","14,000,000","16,300,000","11,000,000","10,600,000","13,800,000","15,200,000","18,800,000","27,400,000",,,,,,,,,,,,,,,,,,,,,,,,,,,,,,,,,,,,,,,,,,,,,,,,,,,,,,,,,,,,,,,,,,,,,,,,,,,,,,,,,,,,,,,,,,,,,,
InterestExpense,"339,800,000","81,400,000","83,600,000","86,900,000","87,800,000","89,200,000","89,600,000","88,300,000","92,500,000","95,900,000","107,400,000","110,900,000","86,500,000","78,200,000","69,400,000","63,300,000","61,200,000","62,900,000","61,900,000","53,600,000","46,600,000","51,400,000","47,200,000","43,200,000","43,400,000","44,200,000","39,300,000","36,800,000","40,900,000","37,400,000","38,100,000","35,500,000","37,800,000","39,700,000","39,800,000","40,300,000","40,300,000","42,500,000","47,000,000","43,000,000","45,300,000","50,100,000","45,000,000","45,100,000","45,800,000","43,200,000","47,200,000","47,500,000","47,600,000","50,200,000","59,200,000","64,300,000","87,600,000",,,,,,,,,,,,,,,,,,,,,,,,,,,,,,,,,,,,,,,,,,,,,,,,,,,,,,,,,,,,,,,,,,,,,,,,,,,,,,,,,,,,,,,,,,,,,,
NetInterestIncome,"-314,400,000","-74,000,000","-76,600,000","-81,500,000","-82,300,000","-83,400,000","-83,800,000","-81,200,000","-78,200,000","-82,700,000","-90,100,000","-91,500,000","-55,900,000","-35,700,000","-37,300,000","-22,100,000","-15,700,000","-10,200,000","-16,800,000","-16,700,000","-14,000,000","-19,500,000","-18,100,000","-19,700,000","-19,200,000","-20,400,000","-18,100,000","-16,200,000","-19,500,000","-13,200,000","-9,300,000","-1,900,000","-3,400,000","-5,500,000","-7,600,000","-10,600,000","-16,700,000","-16,500,000","-21,300,000","-15,800,000","-19,200,000","-25,700,000","-22,800,000","-27,300,000","-30,300,000","-29,200,000","-30,900,000","-36,500,000","-37,000,000","-36,400,000","-44,000,000","-45,500,000","-60,200,000",,,,,,,,,,,,,,,,,,,,,,,,,,,,,,,,,,,,,,,,,,,,,,,,,,,,,,,,,,,,,,,,,,,,,,,,,,,,,,,,,,,,,,,,,,,,,,
EBIT,"6,495,300,000","1,921,300,000","1,328,900,000","1,680,800,000","1,564,200,000","2,558,300,000","1,526,800,000","1,732,000,000","1,772,400,000","1,759,000,000","1,513,200,000","1,576,800,000","817,600,000","1,017,100,000","1,480,400,000","68,100,000","1,502,200,000","347,000,000","653,500,000","1,314,100,000","107,800,000","943,400,000","1,017,900,000","987,700,000","610,200,000","488,800,000","1,087,100,000","716,500,000","658,800,000","551,000,000","693,600,000","975,900,000","928,600,000","949,600,000","1,553,200,000","1,555,200,000","1,991,400,000","1,055,000,000","1,921,700,000","1,228,700,000","1,380,600,000","1,091,900,000","1,547,500,000","1,576,400,000","1,319,700,000","1,452,800,000","1,718,500,000","1,784,000,000","1,755,400,000","1,187,400,000","1,128,700,000","1,532,000,000","1,771,000,000","1,509,200,000","1,452,100,000","1,297,900,000","1,268,700,000","1,207,400,000","1,209,900,000","1,253,000,000","1,132,600,000","1,057,500,000","1,049,800,000","993,600,000","1,024,500,000","981,400,000","933,500,000","887,900,000","845,800,000","974,900,000","863,600,000","905,500,000","914,700,000","889,800,000","928,600,000","859,400,000","824,000,000","892,700,000","894,500,000","789,600,000","750,900,000","789,600,000","893,500,000","1,047,700,000","999,000,000","923,100,000","1,015,400,000","825,600,000","795,600,000","969,500,000","897,700,000","740,400,000","756,100,000","662,600,000","783,800,000","641,800,000","736,300,000","639,300,000","639,700,000","540,500,000","638,800,000","539,500,000","537,200,000","440,800,000","529,300,000","454,800,000","507,500,000","458,600,000","560,900,000","278,500,000","523,500,000","475,100,000","517,800,000","-725,500,000","413,100,000","456,700,000","508,300,000","445,300,000","-307,400,000","437,500,000","580,100,000","433,200,000","409,000,000","430,300,000","495,800,000","385,300,000","366,400,000","357,600,000","430,100,000","211,300,000","251,200,000","301,000,000","1,225,000,000","-1,980,600,000","940,600,000","1,014,700,000","1,072,100,000","-2,439,300,000","957,700,000","1,017,600,000","1,059,000,000","-1,890,700,000","883,400,000","879,300,000","988,300,000","-1,689,200,000","787,900,000"
EBITDA,"8,042,900,000"
ReconciledCostOfRevenue,"7,312,800,000","2,050,200,000","1,430,800,000","1,953,200,000","1,878,600,000","1,719,800,000","1,326,400,000","1,222,000,000","1,215,100,000","1,282,600,000","1,175,000,000","1,124,900,000","1,138,700,000","1,593,700,000","1,562,300,000","1,702,700,000","1,571,300,000","1,624,800,000","1,566,100,000","1,551,600,000","1,327,700,000","1,466,000,000","1,400,900,000","1,465,000,000","1,323,000,000","1,389,200,000","1,236,900,000","1,218,400,000","1,192,700,000","1,253,100,000","1,267,000,000","1,189,700,000","1,222,700,000","1,386,500,000","1,198,100,000","1,165,200,000","1,158,300,000","1,248,300,000","1,203,600,000","1,146,700,000","1,197,900,000","1,321,700,000","1,338,100,000","1,228,000,000","1,180,100,000","1,232,200,000","987,600,000","1,023,900,000","1,122,500,000","1,431,300,000","1,051,900,000","947,400,000","816,400,000","915,400,000","1,155,200,000","1,200,900,000","1,111,300,000","1,272,800,000","1,054,600,000","998,900,000","922,500,000","1,019,000,000","860,400,000","860,600,000","806,500,000","898,200,000","845,700,000","871,300,000","859,000,000","865,700,000","810,100,000","796,400,000","751,700,000","731,500,000","679,300,000","643,000,000","621,300,000","567,800,000","553,700,000","524,900,000","530,100,000","566,700,000","549,000,000","522,200,000","522,300,000","925,100,000","367,600,000","370,500,000","392,500,000","465,900,000","432,200,000","379,100,000","381,100,000","-12,000,000","544,900,000","508,900,000","482,900,000","575,000,000","463,000,000","412,800,000","402,300,000","453,700,000","367,000,000","368,900,000","385,300,000","360,200,000","279,200,000","320,200,000","372,400,000","-373,000,000","578,100,000","524,500,000","517,900,000","177,200,000","467,400,000","469,500,000","446,600,000","115,700,000","532,500,000","445,600,000","435,100,000","184,700,000","392,300,000","388,200,000","389,500,000","186,900,000","378,400,000","366,700,000","343,800,000","-60,500,000","338,700,000","361,300,000",,,,,,,,,,,,,,,
ReconciledDepreciation,"1,547,600,000","445,700,000","382,300,000","369,300,000","350,300,000","367,500,000","358,400,000","324,400,000","273,600,000","340,700,000","288,000,000","247,400,000","356,500,000","345,500,000","415,500,000","425,200,000","422,800,000","411,900,000","372,900,000","395,600,000","386,900,000","344,600,000","392,800,000","373,700,000","385,500,000","343,400,000","358,300,000","368,500,000","357,500,000","339,400,000","342,400,000","348,400,000","348,800,000","351,200,000","349,000,000","363,900,000","381,500,000","344,600,000","369,700,000","362,000,000","385,900,000","318,900,000","358,200,000","355,600,000","340,900,000","338,500,000","344,700,000","345,600,000","299,400,000","375,800,000","309,700,000","306,000,000","306,300,000","280,300,000","283,300,000","281,500,000","277,500,000","274,800,000","265,500,000","262,500,000","245,100,000","173,600,000","214,200,000","209,100,000","204,900,000","225,100,000","183,900,000","158,700,000","158,700,000","136,700,000","163,200,000","150,000,000","147,600,000","106,600,000","153,300,000","144,000,000","144,600,000","99,700,000","130,600,000","131,300,000","131,400,000","77,600,000","129,500,000","127,400,000","120,400,000","75,900,000","122,500,000","121,200,000","116,200,000","99,300,000","116,000,000","112,000,000","112,400,000","131,600,000","122,400,000","117,200,000","119,200,000","110,000,000","124,800,000","136,000,000","139,000,000","138,700,000","135,900,000","136,200,000","132,700,000","133,900,000","140,500,000","139,200,000","140,100,000",,,,,,,,,,,,,,,,,,,,,,,,,,,,,,,,,,,,,,
NetIncomeFromContinuingOperationNetMinorityInterest,"5,581,700,000","1,726,100,000","1,110,100,000","1,390,200,000","1,355,300,000","2,116,800,000","1,208,400,000","1,412,000,000","1,456,500,000","1,495,700,000","1,253,900,000","1,327,200,000","561,100,000","1,125,000,000","1,149,500,000","-259,900,000","1,217,400,000","-1,656,900,000","555,600,000","1,008,000,000","-110,800,000","771,800,000","778,000,000","747,700,000","440,100,000","478,400,000","799,700,000","600,800,000","529,500,000","428,500,000","500,600,000","733,500,000","727,900,000","727,500,000","1,203,100,000","1,206,200,000","1,548,000,000","827,300,000","1,326,600,000","923,600,000","1,011,100,000","858,200,000","1,236,300,000","1,197,300,000","1,055,900,000","1,169,600,000","1,302,900,000","1,348,900,000","1,248,100,000","915,400,000","941,800,000","1,158,500,000","1,313,100,000","-3,629,400,000","-465,600,000","958,800,000","1,064,300,000","854,400,000","926,300,000","663,600,000","508,700,000","132,300,000","873,600,000","822,000,000","834,800,000","722,600,000","794,400,000","-252,000,000","736,600,000","-2,400,000","755,200,000","656,900,000","400,400,000","747,200,000","714,400,000","692,200,000","407,000,000","736,300,000","683,900,000","658,500,000","629,200,000","588,200,000","586,700,000","827,700,000","806,800,000","767,300,000","778,800,000","666,200,000","845,500,000","786,300,000","732,600,000","576,400,000","451,400,000","558,500,000","518,200,000","491,300,000","528,300,000","457,500,000","456,900,000","-1,732,100,000","432,600,000","373,000,000","415,600,000","345,700,000","389,200,000","311,300,000","310,500,000","310,000,000","374,800,000","189,100,000","318,700,000","346,600,000","330,700,000","-523,600,000","294,400,000","346,800,000","373,500,000","311,200,000","-268,500,000","338,200,000","442,600,000","311,100,000","297,500,000","317,500,000","388,600,000","255,300,000","256,800,000","274,400,000","340,800,000","225,300,000","212,400,000","217,100,000",,,,,,,,,,,,,,,
TotalUnusualItemsExcludingGoodwill,"-1,419,300,000","-574,300,000","-826,000,000","190,400,000","-209,400,000","-336,200,000","-101,400,000","-241,800,000","-112,200,000","-94,400,000","-77,700,000","-25,000,000","-560,800,000","-575,400,000","-113,300,000","-1,698,900,000","-78,300,000","-539,500,000","-611,500,000","-50,000,000","-1,071,500,000","-177,600,000","-45,500,000","-58,000,000","-335,300,000","-343,900,000","-42,400,000","-319,100,000","-364,000,000","-506,200,000","-131,300,000","0","-31,400,000","-92,500,000","0","-63,500,000","-21,700,000","-986,300,000","756,500,000","-700,000","-50,600,000","-168,700,000","-85,800,000","-162,600,000","-445,200,000","-89,200,000","-50,300,000","-9,200,000","35,300,000","-159,300,000","-572,700,000","-83,600,000","-10,500,000","-4,818,600,000","-1,694,100,000","-96,300,000","-208,900,000","-153,000,000","-25,300,000","-317,600,000","-428,200,000","-894,400,000","27,400,000","44,300,000","37,500,000","-42,400,000","109,300,000","-1,016,000,000","123,200,000","-438,600,000","123,100,000","-59,800,000","-289,900,000","84,000,000","3,100,000","48,400,000","-314,600,000","75,200,000","-9,400,000","78,500,000","65,400,000","-25,500,000","-136,300,000","53,800,000","76,800,000","106,500,000","27,100,000","74,000,000","273,700,000","105,200,000","87,400,000","41,600,000","-168,700,000","71,400,000","-122,700,000","56,400,000","16,700,000","24,400,000","29,900,000","-1,766,900,000","-1,400,000","12,600,000","96,300,000","100,000,000","64,400,000","-18,900,000","5,400,000","50,300,000","33,200,000","-33,900,000","-58,200,000","30,900,000","-35,100,000","-11,900,000","4,500,000","35,200,000","21,500,000","-800,000","-78,200,000","49,000,000","56,800,000","12,300,000","16,000,000","23,200,000","59,400,000","-23,200,000","-2,100,000","31,600,000","53,300,000","83,500,000","51,300,000","15,900,000",,,,,,,,,,,,,,,
TotalUnusualItems,"-1,419,300,000","-574,300,000","-826,000,000","190,400,000","-209,400,000","-336,200,000","-101,400,000","-241,800,000","-112,200,000","-94,400,000","-77,700,000","-25,000,000","-560,800,000","-575,400,000","-113,300,000","-1,698,900,000","-78,300,000","-539,500,000","-611,500,000","-50,000,000","-1,071,500,000","-177,600,000","-45,500,000","-58,000,000","-335,300,000","-343,900,000","-42,400,000","-319,100,000","-364,000,000","-506,200,000","-131,300,000","0","-31,400,000","-92,500,000","0","-63,500,000","-21,700,000","-986,300,000","756,500,000","-700,000","-50,600,000","-168,700,000","-85,800,000","-162,600,000","-445,200,000","-89,200,000","-50,300,000","-9,200,000","35,300,000","-159,300,000","-572,700,000","-83,600,000","-10,500,000","-4,818,600,000","-1,694,100,000","-96,300,000","-208,900,000","-153,000,000","-25,300,000","-317,600,000","-428,200,000","-894,400,000","27,400,000","44,300,000","37,500,000","-42,400,000","109,300,000","-1,016,000,000","123,200,000","-438,600,000","123,100,000","-59,800,000","-289,900,000","84,000,000","3,100,000","48,400,000","-314,600,000","75,200,000","-9,400,000","78,500,000","65,400,000","-25,500,000","-136,300,000","53,800,000","76,800,000","106,500,000","27,100,000","74,000,000","273,700,000","105,200,000","87,400,000","41,600,000","-168,700,000","71,400,000","-122,700,000","56,400,000","16,700,000","24,400,000","29,900,000","-1,766,900,000","-1,400,000","12,600,000","96,300,000","100,000,000","64,400,000","-18,900,000","5,400,000","50,300,000","33,200,000","-33,900,000","-58,200,000","30,900,000","-35,100,000","-11,900,000","4,500,000","35,200,000","21,500,000","-800,000","-78,200,000","49,000,000","56,800,000","12,300,000","16,000,000","23,200,000","59,400,000","-23,200,000","-2,100,000","31,600,000","53,300,000","83,500,000","51,300,000","15,900,000",,,,,,,,,,,,,,,
NormalizedEBITDA,"9,462,200,000","2,941,300,000","2,537,200,000","1,859,700,000","2,123,900,000","3,262,000,000","1,986,600,000","2,298,200,000","2,158,200,000","2,194,100,000","1,878,900,000","1,849,200,000","1,734,900,000","1,938,000,000","2,009,200,000","2,192,200,000","2,003,300,000","1,298,400,000","1,637,900,000","1,759,700,000","1,566,200,000","1,465,600,000","1,456,200,000","1,419,400,000","1,331,000,000","1,176,100,000","1,487,800,000","1,404,100,000","1,380,300,000","1,396,600,000","1,167,300,000","1,324,300,000","1,308,800,000","1,393,300,000","1,902,200,000","1,982,600,000","2,394,600,000","2,385,900,000","1,534,900,000","1,591,400,000","1,817,100,000","1,579,500,000","1,991,500,000","2,094,600,000","2,105,800,000","1,880,500,000","2,113,500,000","2,138,800,000","2,019,500,000","1,722,500,000","2,011,100,000","1,921,600,000","2,087,800,000","6,608,100,000","3,429,500,000","1,675,700,000","1,755,100,000","1,635,200,000","1,500,700,000","1,833,100,000","1,805,900,000","2,125,500,000","1,236,600,000","1,158,400,000","1,191,900,000","1,248,900,000","1,008,100,000","2,062,600,000","881,300,000","1,550,200,000","903,700,000","1,115,300,000","1,352,200,000","912,400,000","1,078,800,000","955,000,000","1,283,200,000","917,200,000","1,034,500,000","842,400,000","816,900,000","892,700,000","1,159,300,000","1,121,300,000","1,042,600,000","892,500,000","1,110,800,000","872,800,000","638,100,000","963,600,000","926,300,000","810,800,000","1,037,200,000","722,800,000","1,028,900,000","702,600,000","838,800,000","724,900,000","734,600,000","2,443,400,000","779,200,000","665,600,000","576,800,000","477,000,000","597,600,000","607,600,000","642,600,000","547,500,000","667,800,000","312,400,000","581,700,000","444,200,000","552,900,000","-713,600,000","408,600,000","421,500,000","486,800,000","446,100,000","-229,200,000","388,500,000","523,300,000","420,900,000","393,000,000","407,100,000","436,400,000","408,500,000","368,500,000","326,000,000","376,800,000","127,800,000","199,900,000","285,100,000","1,225,000,000","-1,980,600,000","940,600,000","1,014,700,000","1,072,100,000","-2,439,300,000","957,700,000","1,017,600,000","1,059,000,000","-1,890,700,000","883,400,000","879,300,000","988,300,000","-1,689,200,000","787,900,000"
TaxRateForCalcs,"0.093","0.062","0.109","0.128","0.082","0.143","0.159","0.141","0.133","0.101","0.108","0.095","0.233","0.27","0.185","0.27","0.155","0.4","0.061","0.2","0.4","0.135","0.199","0.208","0.224","0.4","0.237","0.116","0.143","0.166","0.236","0.22","0.183","0.2","0.205","0.204","0.207","0.183","0.292","0.221","0.243","0.176","0.177","0.218","0.171","0.17","0.22","0.223","0.269","0.195","0.119","0.211","0.22","0.35","0.35","0.205","0.35","0.188","0.214","0.284","0.293","0.385","0.21","0.21","0.21","0.192","0.22","0.4","0.22","0.4","0.22","0.216","0.349","0.225","0.22","0.22","0.176","0.22","0.207","0.22","0.22","0.207","0.18","0.22","0.22","0.22","0.22","0.22","0.173","0.232","0.22","0.22","0.169","0.191","0.158","0.25","0.25","0.25","0.254","0.4","0.25","0.227","0.257","0.257","0.257","0.144","0.29","0.29","0.29","0.227","0.315","0.315","0.315","0.29","0.295","0.295","0.295","0.3","0.304","0.305","0.305","0.302","0.3","0.3","0.3","0.295","0.295","0.295","0.295","0.236","0.298","0.315",,,,,,,,,,,,,,,
TaxEffectOfUnusualItems,"-131,994,900","-35,521,137.018","-90,034,000","24,371,200","-17,170,800","-47,970,215.868","-16,122,600","-34,093,800","-14,922,600","-9,501,870.002","-8,391,600","-2,375,000","-130,666,400","-155,358,000","-20,960,500","-458,703,000","-12,136,500","-215,800,000","-37,301,500","-10,000,000","-428,600,000","-23,932,197.309","-9,054,500","-12,064,000","-75,107,200","-137,560,000","-10,048,800","-37,015,600","-52,052,000","-83,873,870.717","-30,986,800","0","-5,746,200","-18,542,697","0","-12,954,000","-4,491,900","-180,407,664.198","221,175,468.075","-154,735.599","-12,285,269.228","-29,730,581.686","-15,201,304.493","-35,465,552.145","-76,186,199.859","-15,187,287.174","-11,087,488.781","-2,053,509.934","9,501,938.166","-31,069,943.721","-68,381,290.323","-17,611,991.551","-2,309,700.606","-1,686,510,000","-592,935,000","-19,758,144.74","-73,115,000","-28,773,828.756","-5,412,533.944","-90,170,022.661","-125,412,482.624","-344,032,000","5,753,553.988","9,302,787.122","7,874,751.585","-8,155,851.123","24,049,219.44","-406,400,000","27,108,174.502","-175,440,000","27,081,491.427","-12,934,550.227","-101,311,925.264","18,891,286.307","682,006.769","10,667,732.853","-55,352,783.964","16,545,593.22","-1,949,072.786","17,267,768.301","14,390,107.847","-5,266,491.299","-24,504,655.389","11,833,870.512","16,898,375.87","23,428,484.294","5,960,697.115","16,279,826.718","47,378,875.306","24,396,287.975","19,225,766.61","9,153,125.846","-28,587,433.303","13,615,765.831","-19,379,980.5","14,102,152.343","4,175,000","6,100,000","7,588,535.032","-706,760,000","-350,000","2,865,534.383","24,754,987.487","25,703,846.98","16,548,759.068","-2,727,460.143","1,565,790.075","14,585,387.082","9,628,566.016","-7,691,946.034","-18,336,814.958","9,734,110.672","-11,052,827.843","-3,450,257.662","1,327,586.207","10,383,248.628","6,342,865.232","-239,910.011","-23,747,977.178","14,936,690.647","17,328,057.78","3,710,707.071","4,800,000","6,957,442.117","17,824,279.539","-6,842,750.621","-619,681.581","9,320,863.309","15,723,169.218","19,685,379.919","15,279,768.595","5,007,320.921",,,,,,,,,,,,,,,