name,ttm,12/31/2021,09/30/2021,06/30/2021,03/31/2021,12/31/2020,09/30/2020,06/30/2020,03/31/2020,12/31/2019,09/30/2019,06/30/2019,03/31/2019,12/31/2018,09/30/2018,06/30/2018,03/31/2018,12/31/2017,09/30/2017,06/30/2017,03/31/2017,12/31/2016,09/30/2016,06/30/2016,03/31/2016,12/31/2015,09/30/2015,06/30/2015,03/31/2015,12/31/2014,09/30/2014,06/30/2014,03/31/2014,12/31/2013,09/30/2013,06/30/2013,03/31/2013,12/31/2012,09/30/2012,06/30/2012,03/31/2012,12/31/2011,09/30/2011,06/30/2011,03/31/2011,12/31/2010,09/30/2010,06/30/2010,03/31/2010,12/31/2009,09/30/2009,06/30/2009,03/31/2009,12/31/2008,09/30/2008,06/30/2008,03/31/2008,12/31/2007,09/30/2007,06/30/2007,03/31/2007,12/31/2006,09/30/2006,06/30/2006,03/31/2006,12/31/2005,09/30/2005,06/30/2005,03/31/2005,12/31/2004,09/30/2004,06/30/2004,03/31/2004,12/31/2003,09/30/2003,06/30/2003,03/31/2003,12/31/2002,09/30/2002,06/30/2002,03/31/2002,12/31/2001,09/30/2001,06/30/2001,03/31/2001,12/31/2000,09/30/2000,06/30/2000,03/31/2000,12/31/1999,09/30/1999,06/30/1999,03/31/1999,12/31/1998,09/30/1998,06/30/1998,03/31/1998,12/31/1997,09/30/1997,06/30/1997,03/31/1997,12/31/1996,09/30/1996,06/30/1996,03/31/1996,12/31/1995,09/30/1995,06/30/1995,03/31/1995,12/31/1994,09/30/1994,06/30/1994,03/31/1994,12/31/1993,09/30/1993,06/30/1993,03/31/1993,12/31/1992,09/30/1992,06/30/1992,03/31/1992,12/31/1991,09/30/1991,06/30/1991,03/31/1991,12/31/1990,09/30/1990,06/30/1990,03/31/1990,12/31/1989,09/30/1989,06/30/1989,03/31/1989,12/31/1988,09/30/1988,06/30/1988,03/31/1988,12/31/1987,09/30/1987,06/30/1987,03/31/1987,12/31/1986,09/30/1986,06/30/1986,03/31/1986,12/31/1985,09/30/1985
TotalRevenue,"3,669,000,000","927,000,000","1,024,000,000","817,000,000","901,000,000","817,000,000","920,000,000","763,100,000","915,700,000","880,100,000","990,200,000","790,200,000","987,200,000","873,500,000","928,600,000","816,100,000","916,300,000","856,100,000","906,900,000","765,300,000","853,900,000","797,000,000","924,600,000","754,600,000","843,800,000","740,100,000","898,900,000","717,200,000","897,400,000","804,100,000","843,100,000","750,300,000","952,800,000","832,600,000","866,600,000","718,000,000","859,600,000","750,900,000","887,600,000","690,300,000","765,700,000","879,200,000","1,021,600,000","819,500,000","945,000,000","832,600,000","951,700,000","741,600,000","891,300,000","854,900,000","885,700,000","742,300,000","949,900,000","882,000,000","980,300,000","827,400,000","992,000,000","871,400,000","907,300,000","746,200,000","912,700,000","841,300,000","890,400,000","696,800,000","930,900,000","906,800,000","874,200,000","699,900,000","838,400,000","783,565,000","730,672,000","662,138,000","891,006,000","826,553,000","759,552,000","646,292,000","895,790,000","595,941,000","761,419,000","615,215,000","636,237,000","646,521,000","666,265,000","611,841,000","852,713,000","553,147,000","658,422,000","572,565,000","620,850,000","566,663,000","598,300,000","486,200,000","546,800,000","528,200,000","555,400,000","491,000,000","222,500,000","236,400,000","214,500,000","206,600,000","261,700,000","251,500,000","212,200,000","208,300,000","260,800,000","197,800,000","201,400,000","183,200,000","224,900,000","206,900,000","193,700,000","181,300,000","234,100,000","226,900,000","173,900,000","168,500,000","203,800,000","182,100,000","151,400,000","140,200,000","178,000,000","171,600,000","152,200,000","147,900,000","177,100,000","163,300,000","144,400,000","137,700,000","173,100,000","156,200,000","138,500,000","131,900,000","178,200,000","155,700,000","140,700,000","132,600,000","171,900,000","141,400,000","127,300,000","123,300,000","157,400,000","149,000,000","126,200,000","123,800,000","170,200,000","165,900,000","127,400,000"
	OperatingRevenue,"3,586,000,000","904,000,000","1,002,000,000","796,000,000","884,000,000","800,000,000","904,000,000","744,200,000","894,100,000","859,100,000","968,600,000","767,300,000","970,300,000","863,500,000","918,300,000","805,600,000","907,500,000","846,900,000","897,600,000","755,000,000","843,600,000","786,700,000","913,200,000","745,300,000","834,300,000","729,400,000","887,200,000","706,900,000","886,100,000","790,900,000","830,600,000","736,400,000","939,300,000","818,800,000","855,300,000","703,300,000","847,700,000","698,700,000","887,600,000","690,300,000","765,700,000","879,200,000","1,021,600,000","819,500,000","945,000,000","832,600,000","951,700,000","741,600,000","891,300,000","854,900,000","885,700,000","742,300,000","949,900,000","882,000,000","980,300,000","827,400,000","992,000,000","871,400,000","907,300,000","746,200,000","912,700,000","841,300,000","890,400,000","696,800,000","930,900,000","906,800,000","874,200,000","699,900,000","838,400,000","783,565,000","730,672,000","662,138,000","891,006,000","826,553,000","759,552,000","646,292,000","895,790,000","595,941,000","761,419,000","615,215,000","636,237,000","646,521,000","666,265,000","611,841,000","852,713,000","553,147,000","658,422,000","572,565,000","620,850,000","566,663,000","598,300,000","486,200,000","546,800,000","528,200,000","555,400,000","491,000,000","222,500,000","236,400,000","214,500,000","206,600,000","261,700,000","251,500,000","212,200,000","208,300,000","260,800,000","197,800,000","201,400,000","183,200,000","224,900,000","206,900,000","193,700,000","181,300,000","234,100,000","226,900,000","173,900,000","168,500,000","203,800,000","182,100,000","151,400,000","140,200,000","178,000,000","171,600,000","152,200,000","147,900,000","177,100,000","163,300,000","144,400,000","137,700,000","173,100,000","156,200,000","138,500,000","131,900,000","178,200,000","155,700,000","140,700,000","132,600,000","171,900,000","141,400,000","127,300,000","123,300,000","157,400,000","149,000,000","126,200,000","123,800,000","170,200,000","165,900,000","127,400,000"
CostOfRevenue,"2,113,000,000","606,000,000","544,000,000","450,000,000","513,000,000","518,000,000","465,000,000","415,800,000","553,500,000","538,100,000","532,500,000","473,200,000","648,200,000","596,900,000","518,200,000","515,700,000","605,600,000","580,800,000","527,700,000","475,300,000","577,600,000","569,100,000","545,600,000","498,900,000","569,100,000","534,400,000","538,100,000","481,300,000","617,800,000","587,800,000","525,600,000","527,100,000","677,000,000","605,200,000","548,200,000","498,800,000","620,200,000","980,800,000","418,200,000","337,600,000","407,600,000","391,900,000","404,200,000","362,800,000","481,800,000","402,800,000","421,700,000","365,500,000","492,400,000","410,300,000","405,300,000","350,000,000","580,200,000","434,700,000","317,200,000","305,200,000","301,500,000","-18,800,000","375,500,000","292,900,000","280,300,000","395,200,000","436,700,000","328,700,000","528,500,000","754,000,000","307,800,000","300,600,000","388,400,000","316,756,000","224,132,000","220,646,000","382,766,000","548,205,000","200,416,000","175,281,000","201,730,000","148,655,000","216,695,000","165,829,000","134,947,000","147,791,000","203,071,000","189,076,000","173,917,000","146,759,000","166,158,000","138,905,000","131,617,000","181,470,000","169,600,000","148,500,000","198,800,000","182,300,000","167,500,000","166,800,000","88,200,000","84,800,000","69,900,000","75,900,000","110,400,000","92,600,000","59,000,000","59,400,000","89,300,000","63,200,000","58,200,000","51,500,000","71,700,000","60,400,000","52,200,000","53,900,000","83,500,000",,,,,,,,,,,,,,,,,,,,,,,,,,,,,,,,,,
GrossProfit,"1,556,000,000","321,000,000","480,000,000","367,000,000","388,000,000","299,000,000","455,000,000","347,300,000","362,200,000","342,000,000","457,700,000","317,000,000","339,000,000","276,600,000","410,400,000","300,400,000","310,700,000","275,300,000","379,200,000","290,000,000","276,300,000","227,900,000","379,000,000","255,700,000","274,700,000","205,700,000","360,800,000","235,900,000","279,600,000","216,300,000","317,500,000","223,200,000","275,800,000","227,400,000","318,400,000","219,200,000","239,400,000","-229,900,000","469,400,000","352,700,000","358,100,000","487,300,000","617,400,000","456,700,000","463,200,000","429,800,000","530,000,000","376,100,000","398,900,000","444,600,000","480,400,000","392,300,000","369,700,000","447,300,000","663,100,000","522,200,000","690,500,000","890,200,000","531,800,000","453,300,000","632,400,000","446,100,000","453,700,000","368,100,000","402,400,000","152,800,000","566,400,000","399,300,000","450,000,000","466,809,000","506,540,000","441,492,000","508,240,000","278,348,000","559,136,000","471,011,000","694,060,000","447,286,000","544,724,000","449,386,000","501,290,000","498,730,000","463,194,000","422,765,000","678,796,000","406,388,000","492,264,000","433,660,000","489,233,000","385,193,000","428,700,000","337,700,000","348,000,000","345,900,000","387,900,000","324,200,000","134,300,000","151,600,000","144,600,000","130,700,000","151,300,000","158,900,000","153,200,000","148,900,000","171,500,000","134,600,000","143,200,000","131,700,000","153,200,000","146,500,000","141,500,000","127,400,000","150,600,000",,,,,,,,,,,,,,,,,,,,,,,,,,,,,,,,,,
OperatingExpense,"761,000,000","189,000,000","191,000,000","191,000,000","190,000,000","187,000,000","183,000,000","179,200,000","173,900,000","170,100,000","171,200,000","170,500,000","166,200,000","156,800,000","155,900,000","151,200,000","147,400,000","145,600,000","147,700,000","140,700,000","133,400,000","128,000,000","130,000,000","127,100,000","128,800,000","126,500,000","124,900,000","126,900,000","126,700,000","125,000,000","122,700,000","119,900,000","121,600,000","118,800,000","117,000,000","116,000,000","118,700,000","-331,500,000","255,700,000","243,900,000","262,500,000","393,800,000","432,300,000","384,700,000","335,400,000","330,000,000","283,400,000","275,400,000","289,700,000","343,800,000","320,500,000","329,500,000","296,000,000","356,300,000","472,600,000","440,200,000","565,400,000","548,500,000","328,200,000","356,300,000","511,600,000","340,800,000","283,200,000","270,200,000","282,600,000","199,900,000","436,100,000","414,000,000","393,400,000","372,340,000","343,596,000","403,927,000","429,401,000","188,494,000","393,103,000","414,069,000","612,019,000","402,555,000","400,024,000","385,599,000","438,857,000","419,726,000","329,468,000","354,747,000","589,520,000","313,910,000","352,243,000","373,493,000","400,843,000","292,658,000","298,000,000","277,400,000","255,000,000","291,400,000","265,700,000","291,800,000","102,900,000","115,500,000","112,600,000","111,000,000","110,600,000","131,400,000","124,300,000","117,700,000","117,500,000","90,200,000","102,300,000","111,700,000","109,100,000","118,200,000","108,000,000","106,500,000","103,500,000",,,,,,,,,,,,,,,,,,,,,,,,,,,,,,,,,,
	DepreciationAmortizationDepletionIncomeStatement,"657,000,000","163,000,000","165,000,000","165,000,000","164,000,000","161,000,000","156,000,000","152,100,000","146,300,000","143,600,000","143,800,000","142,900,000","136,900,000","130,500,000","129,000,000","127,000,000","120,400,000","119,100,000","120,700,000","115,000,000","107,000,000","102,900,000","104,100,000","102,100,000","102,500,000","101,400,000","99,300,000","100,400,000","100,200,000","99,700,000","97,100,000","95,800,000","95,500,000","93,500,000","92,100,000","92,700,000","92,600,000","85,000,000","83,600,000","80,800,000","83,000,000","81,500,000","81,300,000","82,200,000","78,800,000","76,400,000","75,400,000","65,100,000","74,900,000","73,900,000","69,900,000","66,700,000","65,100,000","60,700,000","57,900,000","61,700,000","61,600,000","65,400,000","65,300,000","66,000,000","66,000,000","65,500,000","64,400,000","64,500,000","67,000,000","78,600,000","80,400,000","81,800,000","83,800,000","83,815,000","83,300,000","83,034,000","83,258,000","66,792,000","80,698,000","77,985,000","81,972,000","50,177,000","88,131,000","85,577,000","86,732,000","77,871,000","85,502,000","86,154,000","84,622,000","55,856,000","112,597,000","77,970,000","75,911,000","69,817,000","85,700,000","80,000,000","86,500,000","77,100,000","80,200,000","73,600,000","32,200,000","32,900,000","29,400,000","27,200,000","26,200,000","24,300,000","23,900,000","23,200,000","25,300,000","22,700,000","24,500,000","23,100,000","23,800,000","25,800,000","20,600,000","20,500,000","23,300,000",,,,,,,,,,,,,,,,,,,,,,,,,,,,,,,,,,
		DepreciationAndAmortizationInIncomeStatement,"657,000,000","163,000,000","165,000,000","165,000,000","164,000,000","161,000,000","156,000,000","152,100,000","146,300,000","143,600,000","143,800,000","142,900,000","136,900,000","130,500,000","129,000,000","127,000,000","120,400,000","119,100,000","120,700,000","115,000,000","107,000,000","102,900,000","104,100,000","102,100,000","102,500,000","101,400,000","99,300,000","100,400,000","100,200,000","99,700,000","97,100,000","95,800,000","95,500,000","93,500,000","92,100,000","92,700,000","92,600,000","85,000,000",,,,,,,,"76,400,000","75,400,000","65,100,000","74,900,000","73,900,000","69,900,000","66,700,000","65,100,000",,,,,,,,,,,,,,,,,,,,,,,,,,,,,,,,,,,,,,,,,,,,,,,,,,,,,,,,,,,,,,,,,,,,,,,,,,,,,,,,,,,,,,,,,,,,,,
	OtherTaxes,"104,000,000","26,000,000","26,000,000","26,000,000","26,000,000","26,000,000","27,000,000","27,100,000","27,600,000","26,500,000","27,400,000","27,600,000","29,300,000","26,300,000","26,900,000","24,200,000","27,000,000","26,500,000","27,000,000","25,700,000","26,400,000","25,100,000","25,900,000","25,000,000","26,300,000","25,100,000","25,600,000","26,500,000","26,500,000","25,300,000","25,600,000","24,100,000","26,100,000","25,300,000","24,900,000","23,300,000","26,100,000","24,700,000","23,700,000","24,500,000","25,300,000","24,200,000","25,400,000","25,600,000","26,100,000","24,700,000","24,200,000","25,000,000","25,700,000","23,900,000","24,900,000","25,500,000","25,900,000","24,700,000","25,800,000","26,200,000","26,100,000","27,100,000","26,800,000","27,000,000","27,800,000","27,800,000","26,500,000","27,100,000","26,800,000","25,900,000","25,400,000","23,300,000","26,500,000","24,649,000","24,081,000","25,686,000","26,301,000","21,411,000","21,170,000","20,785,000","26,076,000","17,694,000","29,352,000","27,624,000","29,566,000","27,040,000","25,643,000","29,541,000","28,444,000","25,575,000","26,206,000","26,612,000","26,353,000","24,169,000","26,800,000","26,700,000","27,200,000","25,800,000","26,200,000","26,600,000","9,000,000","8,000,000","8,900,000","9,200,000","8,800,000","8,200,000","8,300,000","8,900,000","9,200,000","7,300,000","8,200,000","9,300,000","9,300,000","7,900,000","8,200,000","8,700,000","9,000,000",,,,,,,,,,,,,,,,,,,,,,,,,,,,,,,,,,
	OtherOperatingExpenses,,,,,,,,,,,,,,,,,,,,,,,,,,,,,,,,,,,,,,,,,,,,"276,900,000",,"228,900,000","183,800,000","185,300,000","189,100,000","246,000,000","225,700,000","237,300,000","205,000,000","270,900,000","388,900,000","352,300,000","477,700,000","456,000,000","236,100,000","263,300,000","417,800,000","247,500,000","192,300,000","178,600,000","188,800,000","95,400,000","330,300,000","308,900,000","283,100,000","263,876,000","236,215,000","295,207,000","319,842,000","100,291,000","291,235,000","315,299,000","503,971,000","334,684,000","282,541,000","272,398,000","322,559,000","314,815,000","218,323,000","239,052,000","476,454,000","232,479,000","213,440,000","268,911,000","298,579,000","198,672,000","185,500,000","170,700,000","141,300,000","188,500,000","159,300,000","191,600,000","61,700,000","74,600,000","74,300,000","74,600,000","75,600,000","98,900,000","92,100,000","85,600,000","83,000,000","60,200,000","69,600,000","79,300,000","76,000,000","84,500,000","79,200,000","77,300,000","71,200,000",,,,,,,,,,,,,,,,,,,,,,,,,,,,,,,,,,
OperatingIncome,"795,000,000","132,000,000","289,000,000","176,000,000","198,000,000","112,000,000","272,000,000","168,100,000","188,300,000","171,900,000","286,500,000","146,500,000","172,800,000","119,800,000","254,500,000","149,200,000","163,300,000","129,700,000","231,500,000","149,300,000","142,900,000","99,900,000","249,000,000","128,600,000","145,900,000","79,200,000","235,900,000","109,000,000","152,900,000","91,300,000","194,800,000","103,300,000","154,200,000","108,600,000","201,400,000","103,200,000","120,700,000","101,600,000","213,700,000","108,800,000","95,600,000","93,500,000","185,100,000","72,000,000","127,800,000","99,800,000","246,600,000","100,700,000","109,200,000","100,800,000","159,900,000","62,800,000","73,700,000","91,000,000","190,500,000","82,000,000","125,100,000","341,700,000","203,600,000","97,000,000","120,800,000","105,300,000","170,500,000","97,900,000","119,800,000","-47,100,000","130,300,000","-14,700,000","56,600,000","94,469,000","162,944,000","37,565,000","78,839,000","89,854,000","166,033,000","56,942,000","82,041,000","44,731,000","144,700,000","63,787,000","62,433,000","79,004,000","133,726,000","68,018,000","89,276,000","92,478,000","140,021,000","60,167,000","88,390,000","92,535,000","130,700,000","60,300,000","93,000,000","54,500,000","122,200,000","32,400,000","31,400,000","36,100,000","32,000,000","19,700,000","40,700,000","27,500,000","28,900,000","31,200,000","54,000,000","44,400,000","40,900,000","20,000,000","44,100,000","28,300,000","33,500,000","20,900,000","47,100,000","226,900,000","173,900,000","168,500,000","203,800,000","182,100,000","151,400,000","140,200,000","178,000,000","171,600,000","152,200,000","147,900,000","177,100,000","163,300,000","144,400,000","137,700,000","173,100,000","156,200,000","138,500,000","131,900,000","178,200,000","155,700,000","140,700,000","132,600,000","171,900,000","141,400,000","127,300,000","123,300,000","157,400,000","149,000,000","126,200,000","123,800,000","170,200,000","165,900,000","127,400,000"
NetNonOperatingInterestIncomeExpense,"-277,000,000","-71,000,000","-68,000,000","-69,000,000","-69,000,000","-68,000,000","-68,000,000","-69,600,000","-68,900,000","-69,100,000","-68,300,000","-69,200,000","-66,300,000","-63,200,000","-63,300,000","-61,300,000","-59,200,000","-56,500,000","-53,700,000","-52,700,000","-52,200,000","-51,200,000","-48,700,000","-48,000,000","-47,800,000","-47,300,000","-46,300,000","-46,300,000","-46,500,000","-45,700,000","-44,400,000","-45,200,000","-43,500,000","-46,500,000","-41,900,000","-42,200,000","-41,800,000","-39,300,000","-37,600,000","-38,000,000","-37,800,000","-36,600,000","-38,000,000","-39,600,000","-39,800,000","-37,700,000","-41,300,000","-39,600,000","-39,900,000","-40,600,000","-41,400,000","-34,300,000","-34,000,000",,,,,,,,,,,,,,,,,,,,,,,,,,,,,,,,,,,,,,,,,,,,,,,,,,,,,,,,,,,,,,,,,,,,,,,,,,,,,,,,,,,,,,,,,,,,,,
	InterestIncomeNonOperating,,,,,,,,,,,,,,,,,,"100,000","200,000","100,000","100,000","200,000","100,000","0","200,000","300,000","100,000","200,000","100,000","0","200,000","-100,000","1,700,000","-1,300,000","600,000","300,000","800,000","1,600,000","700,000","600,000","1,100,000","2,000,000","700,000","800,000","800,000","3,100,000","600,000","0","800,000","500,000","1,000,000","1,400,000","1,700,000",,,,,,,,,,,,,,,,,,,,,,,,,,,,,,,,,,,,,,,,,,,,,,,,,,,,,,,,,,,,,,,,,,,,,,,,,,,,,,,,,,,,,,,,,,,,,,
	InterestExpenseNonOperating,"277,000,000","71,000,000","68,000,000","69,000,000","69,000,000","68,000,000","68,000,000","69,600,000","68,900,000","69,100,000","68,300,000","69,200,000","66,300,000","63,200,000","63,300,000","61,300,000","59,200,000","56,600,000","53,900,000","52,800,000","52,300,000","51,400,000","48,800,000","48,000,000","48,000,000","47,600,000","46,400,000","46,500,000","46,600,000","45,700,000","44,600,000","45,200,000","45,200,000","45,200,000","42,500,000","42,500,000","42,600,000","40,900,000","38,300,000","38,600,000","38,900,000","38,600,000","38,700,000","40,400,000","40,600,000","40,800,000","41,900,000","39,600,000","40,700,000","41,100,000","42,400,000","35,700,000","35,700,000",,,,,,,,,,,,,,,,,,,,,,,,,,,,,,,,,,,,,,,,,,,,,,,,,,,,,,,,,,,,,,,,,,,,,,,,,,,,,,,,,,,,,,,,,,,,,,
OtherIncomeExpense,"82,000,000","26,000,000","17,000,000","22,000,000","17,000,000","12,000,000","25,000,000","30,100,000","34,500,000","30,500,000","33,500,000","31,000,000","36,300,000","36,800,000","28,600,000","28,600,000","36,200,000","24,900,000","19,700,000","21,400,000","28,500,000","29,000,000","-61,400,000","24,400,000","23,700,000","16,700,000","20,800,000","19,900,000","13,300,000","15,200,000","19,800,000","19,700,000","20,500,000","20,700,000","19,600,000","17,900,000","16,300,000","18,400,000","16,200,000","15,400,000","13,200,000","13,100,000","12,900,000","12,300,000","13,000,000","13,000,000","14,300,000","14,600,000","13,700,000","14,100,000","-179,400,000","19,900,000","18,700,000","8,900,000","9,600,000","7,200,000","7,500,000","7,600,000","7,200,000","7,000,000","7,500,000","239,400,000","1,200,000","9,500,000","-77,200,000","-28,400,000","15,000,000","11,600,000","2,300,000","8,046,000","4,625,000","5,785,000","11,235,000","3,449,000","9,738,000","12,603,000","-10,827,000","-1,470,000","-30,594,000","-6,617,000","-1,710,000","23,215,000","4,863,000","12,695,000","11,489,000","39,179,000","339,455,000","7,565,000","21,725,000","16,775,000","15,500,000","37,100,000","6,800,000","9,000,000","-1,100,000","-11,000,000","2,700,000","-1,200,000","200,000","2,500,000","2,900,000","4,200,000","1,300,000","6,100,000","4,000,000","1,700,000","1,500,000","-100,000","300,000","2,400,000","2,000,000","4,200,000","4,800,000",,,,,,,,,,,,,,,,,,,,,,,,,,,,,,,,,,
	EarningsFromEquityInterest,"62,000,000","15,000,000","13,000,000","19,000,000","15,000,000","15,000,000","15,000,000","17,400,000","13,400,000","17,800,000","11,600,000","12,700,000","10,900,000","13,000,000","9,800,000","10,500,000","21,300,000","11,900,000","10,100,000","11,300,000","11,500,000","10,800,000","9,200,000","9,100,000","10,500,000","4,900,000","11,100,000","11,300,000","6,500,000","6,200,000","11,500,000","11,300,000","11,400,000","11,000,000","11,100,000","10,900,000","10,700,000","10,900,000","10,400,000","10,600,000","9,400,000","9,700,000","10,100,000","9,600,000","9,900,000","9,400,000","9,300,000","9,600,000","9,800,000","9,300,000","9,500,000","8,600,000","9,200,000",,,,,,,,,,,,,,,,,,,,,,,,,,,,,,,,,,,,,,,,,,,,,,,,,,,,,,,,,,,,,,,,,,,,,,,,,,,,,,,,,,,,,,,,,,,,,,
	SpecialIncomeCharges,"25,000,000","9,000,000","7,000,000","5,000,000","4,000,000","4,000,000","13,000,000","15,200,000","23,000,000","27,100,000","21,900,000","18,300,000","25,400,000","23,800,000","18,800,000","18,100,000","14,900,000","13,000,000","9,600,000","10,100,000","17,000,000","18,200,000","-70,600,000","15,300,000","13,200,000","11,800,000","9,700,000","8,600,000","6,800,000","9,000,000","8,300,000","8,400,000","9,100,000","9,700,000","8,500,000","7,000,000","5,600,000","7,500,000","5,800,000","4,800,000","3,800,000","3,400,000","2,800,000","2,700,000","3,100,000","3,600,000","5,000,000","5,000,000","3,900,000","4,800,000","-188,900,000","11,300,000","9,500,000","8,900,000","9,600,000","7,200,000","7,500,000","7,600,000","7,200,000","7,000,000","7,500,000","239,400,000","1,200,000","9,500,000","-77,200,000","-28,400,000","15,000,000","11,600,000","2,300,000","8,046,000","4,625,000","5,785,000","11,235,000","3,449,000","9,738,000","12,603,000","-10,827,000","-1,470,000","-30,594,000","-6,617,000","-1,710,000","23,215,000","4,863,000","12,695,000","11,489,000","39,179,000","339,455,000","7,565,000","21,725,000","16,775,000","15,500,000","37,100,000","6,800,000","9,000,000","-1,100,000","-11,000,000","2,700,000","-1,200,000","200,000","2,500,000","2,900,000","4,200,000","1,300,000","6,100,000","4,000,000","1,700,000","1,500,000","-100,000","300,000","2,400,000","2,000,000","4,200,000","4,800,000",,,,,,,,,,,,,,,,,,,,,,,,,,,,,,,,,,
		ImpairmentOfCapitalAssets,,,,,,,,,,,,,,,,,,"0","0",,,"0","86,400,000",,,,,,,,,,,,,,,,,,,,,,,,,,,,,,,,,,,,,,,,,,,,,,,,,,,,,,,,,,,,,,,,,,,,,,,,,,,,,,,,,,,,,,,,,,,,,,,,,,,,,,,,,,,,,,,,,,,,,,,,,,,,
		OtherSpecialCharges,"-25,000,000","-9,000,000","-7,000,000","-5,000,000","-4,000,000","-4,000,000","-13,000,000","-15,200,000","-23,000,000","-27,100,000","-21,900,000","-18,300,000","-25,400,000","-23,800,000","-18,800,000","-18,100,000","-14,900,000","-13,000,000","-9,600,000","-10,100,000","-17,000,000","-18,200,000","-15,800,000","-15,300,000","-13,200,000","-11,800,000","-9,700,000","-8,600,000","-6,800,000","-9,000,000","-8,300,000","-8,400,000","-9,100,000","-9,700,000","-8,500,000","-7,000,000","-5,600,000","-7,500,000",,,,,,,,,,,,,,,,,,,,,,,,,,,,,,,,,,,,,,,,,,,,,,,,,,,,,,,,,,,,,,,,,,,,,,,,,,,,,,,,,,,,,,,,,,,,,,,,,,,,,,,,,,,,,
	OtherNonOperatingIncomeExpenses,"-5,000,000","2,000,000","-3,000,000","-2,000,000","-2,000,000","-7,000,000","-3,000,000","-2,500,000","-1,900,000","-3,400,000",,,,,,,,,,,,,,,,,,,,,,,,,,,,,,,,,,,,,,,,,,,,,,,,,,,,,,,,,,,,,,,,,,,,,,,,,,,,,,,,,,,,,,,,,,,,,,,,,,,,,,,,,,,,,,,,,,,,,,,,,,,,,,,,,,,,,,,,,
PretaxIncome,"600,000,000","87,000,000","238,000,000","129,000,000","146,000,000","56,000,000","229,000,000","128,600,000","153,900,000","133,300,000","251,700,000","108,300,000","142,800,000","93,400,000","219,800,000","116,500,000","140,300,000","98,100,000","197,500,000","118,000,000","119,200,000","77,700,000","138,900,000","105,000,000","121,800,000","48,600,000","210,400,000","82,600,000","119,700,000","60,800,000","170,200,000","77,800,000","131,200,000","82,800,000","179,100,000","78,900,000","95,200,000","80,700,000","192,300,000","86,200,000","71,000,000","70,000,000","160,000,000","44,700,000","101,000,000","75,100,000","219,600,000","75,700,000","83,000,000","74,300,000","-60,900,000","48,400,000","58,400,000","91,100,000","176,700,000","62,600,000","108,500,000","319,200,000","181,400,000","75,900,000","104,000,000","296,900,000","142,300,000","83,500,000","18,600,000","-108,300,000","109,500,000","-37,400,000","19,000,000","78,581,000","121,865,000","-1,238,000","49,232,000","63,486,000","127,281,000","17,946,000","22,815,000","23,913,000","65,050,000","8,044,000","15,370,000","66,391,000","92,420,000","34,616,000","51,643,000","85,753,000","434,943,000","68,316,000","31,758,000","73,667,000","114,100,000","62,700,000","66,600,000","29,400,000","89,400,000","-11,000,000","23,200,000","22,300,000","20,600,000","13,300,000","33,800,000","17,700,000","21,200,000","26,900,000","49,200,000","32,400,000","32,600,000","9,300,000","33,400,000","21,600,000","24,600,000","16,000,000","42,400,000",,,,,,,,,,,,,,,,,,,,,,,,,,,,,,,,,,
TaxProvision,"-74,000,000","-8,000,000","-21,000,000","-17,000,000","-28,000,000","-10,000,000","-20,000,000","-8,300,000","-18,700,000","19,300,000","23,100,000","11,200,000","15,100,000","5,600,000","11,700,000","13,600,000","16,800,000","1,800,000","26,100,000","21,200,000","17,600,000","12,200,000","7,500,000","18,100,000","21,600,000","10,900,000","27,800,000","11,200,000","20,500,000","-1,900,000","12,400,000","13,200,000","20,600,000","13,700,000","17,600,000","10,500,000","12,100,000","5,600,000","39,300,000","16,800,000","27,700,000","9,000,000","34,100,000","-10,600,000","22,600,000","23,400,000","64,100,000","23,000,000","34,900,000","17,300,000","-22,200,000","14,600,000","-18,900,000","21,400,000","67,600,000","10,800,000","40,400,000","120,900,000","65,200,000","30,900,000","38,800,000","119,600,000","49,900,000","32,700,000","800,000","-47,100,000","9,900,000","-27,600,000","7,400,000","20,298,000","34,421,000","11,845,000","15,165,000","15,405,000","42,029,000","6,217,000","8,176,000","8,432,000","20,320,000","1,729,000","5,627,000","131,000","30,135,000","11,316,000","18,258,000","24,937,000","175,403,000","26,038,000","12,438,000","28,886,000","42,600,000","24,200,000","24,900,000","4,200,000","37,700,000","-1,400,000","7,400,000","5,800,000","6,600,000","4,300,000","12,000,000","6,600,000","7,300,000","10,400,000","17,500,000","8,100,000","11,900,000","2,400,000","13,700,000","8,300,000","9,300,000","5,700,000","16,000,000",,,,,,,,,,,,,,,,,,,,,,,,,,,,,,,,,,
NetIncomeCommonStockholders,"659,000,000","88,000,000","256,000,000","144,000,000","171,000,000","64,000,000","246,000,000","134,400,000","170,000,000","111,500,000","226,000,000","94,600,000","125,100,000","85,300,000","205,500,000","100,400,000","120,900,000","93,800,000","168,800,000","94,300,000","100,400,000","62,700,000","128,400,000","83,900,000","96,500,000","34,100,000","179,900,000","67,600,000","96,600,000","60,000,000","153,300,000","61,800,000","108,000,000","65,500,000","157,600,000","65,300,000","69,900,000","68,300,000","150,700,000","65,900,000","34,900,000","57,000,000","122,000,000","51,100,000","73,500,000","47,300,000","149,100,000","47,800,000","43,400,000","53,600,000","-44,300,000","29,100,000","72,600,000","50,600,000","108,500,000","60,800,000","68,100,000","174,500,000","119,600,000","48,600,000","63,900,000","174,400,000","86,900,000","45,400,000","-1,600,000","-63,900,000","112,500,000","-58,700,000","2,400,000","42,724,000","81,792,000","-13,083,000","34,067,000","48,635,000","103,232,000","32,154,000","-478,000","46,093,000","44,730,000","6,315,000","9,743,000","53,392,000","62,285,000","23,300,000","33,385,000","60,816,000","276,248,000","42,278,000","19,320,000","44,781,000","71,500,000","38,500,000","41,700,000","25,200,000","51,700,000","-9,600,000","15,800,000","16,500,000","14,000,000","9,000,000","21,800,000","11,000,000","12,700,000","16,500,000","31,700,000","11,100,000","20,700,000","6,900,000","19,700,000","13,300,000","15,300,000","10,300,000","26,400,000","22,500,000","13,300,000","7,000,000","19,700,000","19,400,000","12,100,000","7,100,000","18,400,000","17,900,000","17,900,000","10,300,000","18,800,000","12,700,000","17,900,000","9,100,000","19,800,000","19,200,000","6,900,000","8,400,000","17,000,000","12,600,000","17,000,000","10,700,000","17,600,000",,,,,,,,,,
	NetIncome,"674,000,000","95,000,000","259,000,000","146,000,000","174,000,000","66,000,000","249,000,000","136,900,000","172,600,000","114,000,000","228,600,000","97,100,000","127,700,000","87,800,000","208,100,000","102,900,000","123,500,000","96,300,000","171,400,000","96,800,000","103,000,000","65,200,000","131,000,000","86,400,000","99,100,000","36,600,000","182,500,000","70,100,000","99,200,000","62,500,000","155,900,000","64,300,000","110,600,000","68,100,000","160,200,000","67,800,000","80,100,000","72,300,000","154,700,000","69,800,000","38,900,000","61,000,000","125,900,000","55,300,000","79,700,000","52,000,000","153,700,000","52,500,000","48,100,000","58,300,000","-39,700,000","33,800,000","77,300,000","69,300,000","108,500,000","60,800,000","68,100,000","193,200,000","119,600,000","48,600,000","63,900,000","179,100,000","91,500,000","50,100,000","3,100,000","-63,900,000","112,500,000","-58,700,000","2,400,000","42,724,000","81,792,000","-13,083,000","34,067,000","48,635,000","103,232,000","32,154,000","-478,000","46,093,000","44,730,000","6,315,000","9,743,000","53,392,000","62,285,000","23,300,000","33,385,000","60,816,000","276,248,000","42,278,000","19,320,000","44,781,000","71,500,000","38,500,000","41,700,000","25,200,000","51,700,000","-9,600,000","15,800,000","16,500,000","14,000,000","9,000,000","21,800,000","11,000,000","12,700,000","16,500,000","31,700,000","11,100,000","20,700,000","6,900,000","19,700,000","13,300,000","15,300,000","10,300,000","26,400,000","22,500,000","13,300,000","7,000,000","19,700,000","19,400,000","12,100,000","7,100,000","18,400,000","17,900,000","17,900,000","10,300,000","18,800,000","12,700,000","17,900,000","9,100,000","19,800,000","19,200,000","6,900,000","8,400,000","17,000,000","12,600,000","17,000,000","10,700,000","17,600,000",,,,,,,,,,
		NetIncomeIncludingNoncontrollingInterests,"674,000,000","95,000,000","259,000,000","146,000,000","174,000,000","66,000,000","249,000,000","136,900,000","172,600,000","114,000,000","228,600,000","97,100,000","127,700,000","87,800,000","208,100,000","102,900,000","123,500,000","96,300,000","171,400,000","96,800,000","103,000,000","65,200,000","131,000,000","86,400,000","99,100,000","36,600,000","182,500,000","70,100,000","99,200,000","62,500,000","155,900,000","64,300,000","110,600,000","68,100,000","160,200,000","67,800,000","80,100,000","72,300,000","154,700,000","69,800,000","38,900,000","61,000,000","125,900,000","55,300,000","79,700,000","52,000,000","153,700,000","52,500,000","48,100,000","58,300,000","-39,700,000","33,800,000","77,300,000","69,300,000","108,500,000","60,800,000","68,100,000","193,200,000","119,600,000","48,600,000","63,900,000","179,100,000","91,500,000","50,100,000","3,100,000","-77,900,000","117,100,000","-58,700,000","2,400,000","28,689,000","86,471,000","-8,405,000","38,745,000","48,635,000","103,232,000","32,154,000","-478,000","46,093,000","44,730,000","6,315,000","9,743,000","53,392,000","62,285,000","23,300,000","33,385,000","60,816,000","276,248,000","42,278,000","19,320,000","44,781,000","71,500,000","38,500,000","41,700,000","25,200,000","51,700,000","-9,600,000","15,800,000","16,500,000","14,000,000","9,000,000","21,800,000","11,000,000","12,700,000","16,500,000","31,700,000","11,100,000","20,700,000","6,900,000","19,700,000","13,300,000","15,300,000","10,300,000","26,400,000","22,500,000","13,300,000","7,000,000","19,700,000","19,400,000","12,100,000","7,100,000","18,400,000","17,900,000","17,900,000","10,300,000","18,800,000","12,700,000","17,900,000","9,100,000","19,800,000","19,200,000","6,900,000","8,400,000","17,000,000","12,600,000","17,000,000","10,700,000","17,600,000","17,200,000","14,500,000","11,000,000","16,000,000","19,300,000","14,100,000","9,500,000","17,600,000","16,100,000","17,000,000"
			NetIncomeContinuousOperations,"674,000,000","95,000,000","259,000,000","146,000,000","174,000,000","66,000,000","249,000,000","136,900,000","172,600,000","114,000,000","228,600,000","97,100,000","127,700,000","87,800,000","208,100,000","102,900,000","123,500,000","96,300,000","171,400,000","96,800,000","101,600,000","65,500,000","131,400,000","86,900,000","100,200,000","37,700,000","182,600,000","71,400,000","99,200,000","62,700,000","157,800,000","64,600,000","110,600,000","69,100,000","161,500,000","68,400,000","83,100,000","75,100,000","153,000,000","69,400,000","43,300,000","61,000,000","125,900,000","55,300,000","78,400,000","51,700,000","155,500,000","52,700,000","48,100,000","57,000,000","-38,700,000","33,800,000","77,300,000","69,700,000","109,100,000","51,800,000","68,100,000","198,300,000","116,200,000","45,000,000","65,200,000","177,300,000","92,400,000","50,800,000","17,800,000","-61,200,000","99,600,000","-9,800,000","11,600,000","58,283,000","87,444,000","-13,083,000","34,067,000","48,081,000","85,252,000","11,729,000","14,639,000","15,481,000","44,730,000","6,315,000","9,743,000","66,260,000","62,285,000","23,300,000","33,385,000","60,816,000","259,540,000","42,278,000","19,320,000","44,781,000","71,500,000","38,500,000","41,700,000","25,200,000","51,700,000","-9,600,000","15,800,000","16,500,000","14,000,000","9,000,000","21,800,000","11,100,000","13,900,000","16,500,000","31,700,000","24,300,000","20,700,000","6,900,000","19,700,000","13,300,000","15,300,000","10,300,000","26,400,000","22,500,000","13,300,000","7,000,000","19,700,000","19,400,000","12,100,000","7,100,000","18,400,000","17,900,000","17,900,000","10,300,000","18,800,000","12,700,000","17,900,000","9,100,000","19,800,000","19,200,000","6,900,000","8,400,000","17,000,000","12,600,000","17,000,000","10,700,000","17,600,000","17,200,000","14,500,000","11,000,000","16,000,000","19,300,000","14,100,000","9,500,000","17,600,000","16,100,000","17,000,000"
			NetIncomeDiscontinuousOperations,,,,,,,,,,,,,,"0","0",,"0","0","0","0","1,400,000","-300,000","-400,000","-500,000","-1,100,000","-1,100,000","-100,000","-1,300,000",,"-200,000","-1,900,000","-300,000","0","-1,000,000","-1,300,000","-600,000","-3,000,000","-2,800,000","1,700,000","400,000","-4,400,000","0","0","0","1,300,000","300,000","-1,800,000","-200,000",,"1,300,000","-1,000,000","0",,"-400,000","-600,000","9,000,000",,"-5,100,000","3,400,000","3,600,000","-1,300,000","1,800,000","-900,000","-700,000","-14,700,000","-2,700,000","12,900,000","-48,900,000","-9,200,000","-15,559,000","-5,652,000",,,"554,000","17,980,000","20,425,000","-9,134,000",,,,,,,,,,,,,,,,,,,,,,,,,"-100,000","-1,200,000",,,,,,,,,,,,,,,,,,,,,,,,,,,,,,,,,,,,,,,,,,,,
			NetIncomeExtraordinary,,,,,,,,,,,,,,,,,,,,,,,,,,,,,,,,,,,,,,,,,,,,,,,,,,,,,,,,,,,,,,,,,,,,,,,,,,"0",,,"-5,983,000",,,,,,,,,"0","16,708,000",,,,,,,,,,,,,,,,,,,,,,,,,,,,,,,,,,,,,,,,,,,,,,,,,,,,,,,,,,,,
		MinorityInterests,,,,,,,,,,,,,,,,,,,,,,,,,,,,,,,,,,,,,,,,,,,,,,,,,,,,,,,,,,,,,,,,,,,"-4,600,000",,,,"-4,679,000","-4,678,000","-4,678,000",,,,,,,,,,,,,,,,,,,,,,,,,,,,,,,,,,,,,,,,,,,,,,,,,,,,,,,,,,,,,,,,,,,,,,,,,,
	PreferredStockDividends,"15,000,000","7,000,000","3,000,000","2,000,000","3,000,000","2,000,000","3,000,000","2,500,000","2,600,000","2,500,000","2,600,000","2,500,000","2,600,000","2,500,000","2,600,000","2,500,000","2,600,000","2,500,000","2,600,000","2,500,000","2,600,000","2,500,000","2,600,000","2,500,000","2,600,000","2,500,000","2,600,000","2,500,000","2,600,000","2,500,000","2,600,000","2,500,000","2,600,000","2,600,000","2,600,000","2,500,000","10,200,000","4,000,000","4,000,000","3,900,000","4,000,000","4,000,000","3,900,000","4,200,000","6,200,000","4,700,000","4,600,000","4,700,000","4,700,000","4,700,000","4,600,000","4,700,000","4,700,000",,,,,,,,,"4,700,000","4,600,000","4,700,000","4,700,000",,,,,,,,,,,,,,,,,,,,,,,,,,,,,,,,,,,,,,,,,,,,,,,,,,,,,,,,,,,,,,,,,,,,,,,,,,,,,,,,,,
DilutedNIAvailtoComStockholders,"659,000,000","88,000,000","256,000,000","144,000,000","171,000,000","64,000,000","246,000,000","134,400,000","170,000,000","111,500,000","226,000,000","94,600,000","125,100,000","85,300,000","205,500,000","100,400,000","120,900,000","93,800,000","168,800,000","94,300,000","100,400,000","62,700,000","128,400,000","83,900,000","96,500,000","34,100,000","179,900,000","67,600,000","96,600,000","60,000,000","153,300,000","61,800,000","108,000,000","65,500,000","157,600,000","65,300,000","69,900,000","68,300,000","150,700,000","65,900,000","34,900,000","57,000,000","122,000,000","51,100,000","73,500,000","47,300,000","149,100,000","47,800,000","43,400,000","53,600,000","-44,300,000","29,100,000","72,600,000","50,600,000","108,500,000","60,800,000","68,100,000","174,500,000","119,600,000","48,600,000","63,900,000","174,400,000","86,900,000","45,400,000","-1,600,000","-63,900,000","112,500,000","-58,700,000","2,400,000","42,724,000","81,792,000","-13,083,000","34,067,000","48,635,000","103,232,000","32,154,000","-478,000","46,093,000","44,730,000","6,315,000","9,743,000","53,392,000","62,285,000","23,300,000","33,385,000","60,816,000","276,248,000","42,278,000","19,320,000","44,781,000","71,500,000","38,500,000","41,700,000","25,200,000","51,700,000","-9,600,000","15,800,000","16,500,000","14,000,000","9,000,000","21,800,000","11,000,000","12,700,000","16,500,000","31,700,000","11,100,000","20,700,000","6,900,000","19,700,000","13,300,000","15,300,000","10,300,000","26,400,000","22,500,000","13,300,000","7,000,000","19,700,000","19,400,000","12,100,000","7,100,000","18,400,000","17,900,000","17,900,000","10,300,000","18,800,000","12,700,000","17,900,000","9,100,000","19,800,000","19,200,000","6,900,000","8,400,000","17,000,000","12,600,000","17,000,000","10,700,000","17,600,000",,,,,,,,,,
BasicEPS,,"0.35","1.02","0.58","0.68","0.26","0.99","0.54","0.7","0.46","0.95","0.4","0.53","0.36","0.87","0.43","0.52","0.41","0.73","0.41","0.44","0.28","0.57","0.37","0.425","0.15","0.795","0.3","0.435","0.27","0.69","0.28","0.485","0.295","0.71","0.294","0.315","0.31","0.68","0.3","0.16",,"0.55","0.23","0.33",,"0.675","0.215","0.195",,"-0.2","0.13","0.33",,"0.49","0.275","0.31",,"0.54","0.215","0.275",,"0.335","0.195","-0.005",,"0.48","-0.25","0.01",,"0.36","-0.06","0.155",,"0.475","0.175","-0.005",,"0.245","0.035","0.055",,"0.395","0.145","0.21",,"1.75","0.27","0.12",,"0.455","0.245","0.27",,"0.335","-0.06","0.255",,"0.225","0.145","0.355",,"0.205","0.27","0.515",,"0.34","0.11","0.32",,"0.25","0.165","0.435",,"0.22","0.12","0.355",,"0.225","0.13","0.345",,"0.335","0.195","0.355",,"0.335","0.17","0.37",,"0.13","0.155","0.32",,"0.32","0.205","0.335",,"0.255","0.19","0.285",,"0.25","0.165","0.315",,"0.3"
DilutedEPS,,"0.35","1.02","0.57","0.68","0.26","0.98","0.54","0.7","0.46","0.94","0.4","0.53","0.36","0.87","0.43","0.52","0.41","0.73","0.41","0.44","0.28","0.57","0.37","0.425","0.15","0.795","0.3","0.435","0.27","0.69","0.28","0.485","0.295","0.71","0.294","0.315","0.31","0.68","0.297","0.158",,"0.55","0.23","0.33",,"0.675","0.215","0.195",,"-0.201","0.13","0.33",,"0.49","0.275","0.31",,"0.54","0.215","0.275",,"0.335","0.193","-0.007",,"0.48","-0.25","0.01",,"0.355","-0.06","0.153",,"0.47","0.173","-0.005",,"0.245","0.035","0.054",,"0.39","0.145","0.21",,"1.745","0.27","0.12",,"0.455","0.245","0.27",,"0.335","-0.06","0.25",,"0.225","0.145","0.355",,"0.205","0.27","0.515",,"0.34","0.11","0.32",,"0.25","0.165","0.435",,"0.22","0.12","0.355",,"0.225","0.13","0.345",,"0.335","0.195","0.355",,"0.335","0.17","0.37",,"0.13","0.155","0.32",,"0.32","0.205","0.335",,"0.255","0.19","0.285",,"0.25","0.165","0.315",,"0.3"
BasicAverageShares,,"250,400,000","250,300,000","250,200,000","250,000,000","249,800,000","249,700,000","249,600,000","244,400,000","241,000,000","239,100,000","237,500,000","236,500,000","236,000,000","235,200,000","232,000,000","231,400,000","231,200,000","231,000,000","229,000,000","227,600,000","227,400,000","227,200,000","227,000,000","226,800,000","226,600,000","226,400,000","226,200,000","222,200,000","221,600,000","221,600,000","221,600,000","221,600,000","221,600,000","221,566,000","221,887,338","221,904,762","221,544,000","221,536,000","221,512,000","221,432,000",,"221,294,000","221,959,022","221,138,000",,"220,938,000","220,818,000","220,736,000",,"220,576,000","220,532,000","220,436,000",,"220,364,000","220,336,000","220,296,000",,"221,762,000","225,556,000","230,840,000",,"234,220,000","234,610,000","234,074,000",,"233,278,000","232,566,000","232,064,000",,"228,492,000","224,158,000","222,306,000",,"218,442,000","183,737,143","185,467,604",,"182,516,000","180,428,571","177,145,455",,"158,480,000","160,689,655","158,976,190",,"158,008,000","158,004,000","157,992,000",,"157,138,000","156,428,000","154,444,444",,"154,328,358","160,000,000","61,960,784",,"62,222,222","62,068,966","61,408,451",,"61,951,220","61,111,111","61,553,398",,"60,882,353","62,727,273","61,562,500",,"61,200,000","62,424,242","60,689,655",,"60,454,545","58,333,333","55,492,958",,"53,777,778","54,615,385","53,333,333",,"53,432,836","52,820,513","52,957,746",,"53,432,836","53,529,412","53,513,514",,"53,076,923","54,193,548","53,125,000",,"53,125,000","52,195,122","52,537,313",,"52,948,000","52,948,000","52,948,000",,"52,948,000","52,948,000","52,948,000",,"52,948,000"
DilutedAverageShares,,"251,100,000","250,800,000","250,600,000","250,400,000","250,300,000","250,000,000","249,800,000","244,600,000","241,400,000","239,900,000","238,100,000","236,600,000","236,000,000","235,200,000","232,000,000","231,400,000","231,200,000","231,000,000","229,000,000","227,600,000","227,400,000","227,200,000","227,000,000","226,800,000","226,600,000","226,400,000","226,200,000","222,200,000","221,600,000","221,600,000","221,600,000","221,600,000","221,600,000","221,570,000","221,887,338","221,904,762","221,564,000","221,558,000","221,538,000","221,482,000",,"221,390,000","221,959,022","221,264,000",,"221,088,000","220,980,000","220,902,000",,"220,576,000","220,698,000","220,610,000",,"220,626,000","220,644,000","220,608,000",,"222,112,000","226,052,000","231,508,000",,"234,996,000","235,378,000","234,686,000",,"234,068,000","232,566,000","232,738,000",,"229,406,000","224,158,000","223,158,000",,"218,866,000","186,044,000","185,467,604",,"182,516,000","181,106,000","180,108,000",,"158,700,000","160,689,655","158,976,190",,"158,320,000","158,004,000","157,992,000",,"157,138,000","156,428,000","154,444,444",,"154,328,358","160,000,000","63,200,000",,"62,222,222","62,068,966","61,408,451",,"61,951,220","61,111,111","61,553,398",,"60,882,353","62,727,273","61,562,500",,"61,200,000","62,424,242","60,689,655",,"60,454,545","58,333,333","55,492,958",,"53,777,778","54,615,385","53,333,333",,"53,432,836","52,820,513","52,957,746",,"53,432,836","53,529,412","53,513,514",,"53,076,923","54,193,548","53,125,000",,"53,125,000","52,195,122","52,537,313",,"52,948,000","52,948,000","52,948,000",,"52,948,000","52,948,000","52,948,000",,"52,948,000"
TotalOperatingIncomeAsReported,"795,000,000","132,000,000","289,000,000","176,000,000","198,000,000","112,000,000","272,000,000","168,100,000","188,300,000","160,900,000","290,200,000","149,800,000","176,800,000","121,400,000","256,100,000","151,200,000","165,700,000","129,700,000","231,500,000","149,300,000","142,900,000","99,900,000","162,600,000","128,600,000","145,900,000","79,200,000","235,900,000","109,000,000","152,900,000","91,300,000","194,800,000","103,300,000","154,200,000","108,600,000","201,400,000","103,200,000","120,700,000","101,600,000","213,700,000","108,800,000","95,600,000","93,500,000","185,100,000","72,000,000","127,800,000","99,800,000","246,600,000","100,700,000","109,200,000","100,800,000","159,900,000","62,800,000","73,700,000","91,000,000","190,500,000","82,000,000","125,100,000","341,700,000","203,600,000","97,000,000","120,800,000","105,300,000","170,500,000","97,900,000","119,800,000","-47,100,000","130,300,000","-14,700,000","56,600,000","94,469,000","162,944,000","37,565,000","78,839,000","89,854,000","166,033,000","56,942,000","82,041,000","44,731,000","144,700,000","63,787,000","62,433,000","79,004,000","133,726,000","68,018,000","89,276,000","92,478,000","140,021,000","60,167,000","88,390,000","92,535,000","130,700,000","60,300,000","93,000,000","54,500,000","122,200,000","32,400,000","31,400,000","36,100,000","32,000,000","19,700,000","40,700,000","27,500,000","28,900,000","31,200,000","54,000,000","44,400,000","40,900,000","20,000,000","44,100,000","28,300,000","33,500,000","20,900,000","47,100,000",,,,,,,,,,,,,,,,,,,,,,,,,,,,,,,,,,
TotalExpenses,"2,874,000,000","795,000,000","735,000,000","641,000,000","703,000,000","705,000,000","648,000,000","595,000,000","727,400,000","708,200,000","703,700,000","643,700,000","814,400,000","753,700,000","674,100,000","666,900,000","753,000,000","726,400,000","675,400,000","616,000,000","711,000,000","697,100,000","675,600,000","626,000,000","697,900,000","660,900,000","663,000,000","608,200,000","744,500,000","712,800,000","648,300,000","647,000,000","798,600,000","724,000,000","665,200,000","614,800,000","738,900,000","649,300,000","673,900,000","581,500,000","670,100,000","785,700,000","836,500,000","747,500,000","817,200,000","732,800,000","705,100,000","640,900,000","782,100,000","754,100,000","725,800,000","679,500,000","876,200,000","791,000,000","789,800,000","745,400,000","866,900,000","529,700,000","703,700,000","649,200,000","791,900,000","736,000,000","719,900,000","598,900,000","811,100,000","953,900,000","743,900,000","714,600,000","781,800,000","689,096,000","567,728,000","624,573,000","812,167,000","736,699,000","593,519,000","589,350,000","813,749,000","551,210,000","616,719,000","551,428,000","573,804,000","567,517,000","532,539,000","543,823,000","763,437,000","460,669,000","518,401,000","512,398,000","532,460,000","474,128,000","467,600,000","425,900,000","453,800,000","473,700,000","433,200,000","458,600,000","191,100,000","200,300,000","182,500,000","186,900,000","221,000,000","224,000,000","183,300,000","177,100,000","206,800,000","153,400,000","160,500,000","163,200,000","180,800,000","178,600,000","160,200,000","160,400,000","187,000,000",,,,,,,,,,,,,,,,,,,,,,,,,,,,,,,,,,
NetIncomeFromContinuingAndDiscontinuedOperation,"674,000,000","95,000,000","259,000,000","146,000,000","174,000,000","66,000,000","249,000,000","136,900,000","172,600,000","114,000,000","228,600,000","97,100,000","127,700,000","87,800,000","208,100,000","102,900,000","123,500,000","96,300,000","171,400,000","96,800,000","103,000,000","65,200,000","131,000,000","86,400,000","99,100,000","36,600,000","182,500,000","70,100,000","99,200,000","62,500,000","155,900,000","64,300,000","110,600,000","68,100,000","160,200,000","67,800,000","80,100,000","72,300,000","154,700,000","69,800,000","38,900,000","61,000,000","125,900,000","55,300,000","79,700,000","52,000,000","153,700,000","52,500,000","48,100,000","58,300,000","-39,700,000","33,800,000","77,300,000","69,300,000","108,500,000","60,800,000","68,100,000","193,200,000","119,600,000","48,600,000","63,900,000","179,100,000","91,500,000","50,100,000","3,100,000","-63,900,000","112,500,000","-58,700,000","2,400,000","42,724,000","81,792,000","-13,083,000","34,067,000","48,635,000","103,232,000","32,154,000","5,505,000","46,093,000","44,730,000","6,315,000","9,743,000","66,260,000","62,285,000","23,300,000","33,385,000","60,816,000","259,540,000","42,278,000","19,320,000","44,781,000","71,500,000","38,500,000","41,700,000","25,200,000","51,700,000","-9,600,000","15,800,000","16,500,000","14,000,000","9,000,000","21,800,000","11,000,000","12,700,000","16,500,000","31,700,000","11,100,000","20,700,000","6,900,000","19,700,000","13,300,000","15,300,000","10,300,000","26,400,000","22,500,000","13,300,000","7,000,000","19,700,000","19,400,000","12,100,000","7,100,000","18,400,000","17,900,000","17,900,000","10,300,000","18,800,000","12,700,000","17,900,000","9,100,000","19,800,000","19,200,000","6,900,000","8,400,000","17,000,000","12,600,000","17,000,000","10,700,000","17,600,000",,,,,,,,,,
NormalizedIncome,"655,750,000","88,430,000","253,890,000","142,350,000","171,080,000","63,080,000","239,510,000","125,804,000","155,810,000","90,823,705.926","208,709,892.729","80,684,900","104,985,854.342","65,426,980.728","190,296,400","86,917,700","110,384,176.764","83,538,532.11","163,067,200","88,518,000","87,116,000","50,157,657.658","198,187,600","74,231,600","89,336,400","28,546,502.058","174,180,400","63,969,600","93,562,800","56,850,000","150,105,900","57,628,000","102,928,700","61,004,951.691","153,833,000","62,331,000","78,211,200","68,120,446.097","148,385,335.413","65,535,498.84","40,982,535.211","58,037,142.857","123,696,750","53,545,000","75,993,663.366","49,221,704.394","151,959,471.767","49,219,154.557","45,565,000","53,317,631.225","81,339,901.478","25,908,677.686","71,125,000","62,890,669.594","103,172,665.535","45,842,172.524","63,392,626.728","193,578,571.429","111,587,872.106","40,450,000","60,498,076.923","33,660,000","91,620,801.124","45,020,359.281","91,679,569.892","-44,160,000","85,956,164.384","-16,760,000","10,195,789.474","52,315,335.832","84,125,340.007","-16,554,000","26,292,732.349","45,468,906.483","78,729,549.862","3,492,034.269","21,586,028.402","16,432,661.021","65,767,196.311","11,509,723.396","10,826,964.216","43,090,806.886","59,007,657.92","14,755,006.355","25,957,850.822","33,030,265.81","55,867,000","37,596,328.503","6,103,582.09","34,583,743.766","61,787,028.922","15,719,298.246","37,442,342.342","17,485,714.286","52,360,000","0","13,961,206.897","17,387,892.377","13,864,077.67","7,308,270.677","19,929,585.799","8,466,101.695","13,047,641.509","12,758,364.312","29,122,764.228","23,025,000","19,747,546.012","6,974,193.548","19,520,000","11,822,222.222","14,056,097.561","7,596,250","23,411,320.755","22,500,000","13,300,000","7,000,000","19,700,000","19,400,000","12,100,000","7,100,000","18,400,000","17,900,000","17,900,000","10,300,000","18,800,000","12,700,000","17,900,000","9,100,000","19,800,000","19,200,000","6,900,000","8,400,000","17,000,000","12,600,000","17,000,000","10,700,000","17,600,000",,,,,,,,,,
InterestIncome,,,,,,,,,,,,,,,,,,"100,000","200,000","100,000","100,000","200,000","100,000","0","200,000","300,000","100,000","200,000","100,000","0","200,000","-100,000","1,700,000","-1,300,000","600,000","300,000","800,000","1,600,000","700,000","600,000","1,100,000","2,000,000","700,000","800,000","800,000","3,100,000","600,000","0","800,000","500,000","1,000,000","1,400,000","1,700,000",,,,,,,,,,,,,,,,,,,,,,,,,,,,,,,,,,,,,,,,,,,,,,,,,,,,,,,,,,,,,,,,,,,,,,,,,,,,,,,,,,,,,,,,,,,,,,
InterestExpense,"277,000,000","71,000,000","68,000,000","69,000,000","69,000,000","68,000,000","68,000,000","69,600,000","68,900,000","69,100,000","68,300,000","69,200,000","66,300,000","63,200,000","63,300,000","61,300,000","59,200,000","56,600,000","53,900,000","52,800,000","52,300,000","51,400,000","48,800,000","48,000,000","48,000,000","47,600,000","46,400,000","46,500,000","46,600,000","45,700,000","44,600,000","45,200,000","45,200,000","45,200,000","42,500,000","42,500,000","42,600,000","40,900,000","38,300,000","38,600,000","38,900,000","38,600,000","38,700,000","40,400,000","40,600,000","40,800,000","41,900,000","39,600,000","40,700,000","41,100,000","42,400,000","35,700,000","35,700,000",,,,,,,,,,,,,,,,,,,,,,,,,,,,,,,,,,,,,,,,,,,,,,,,,,,,,,,,,,,,,,,,,,,,,,,,,,,,,,,,,,,,,,,,,,,,,,
NetInterestIncome,"-277,000,000","-71,000,000","-68,000,000","-69,000,000","-69,000,000","-68,000,000","-68,000,000","-69,600,000","-68,900,000","-69,100,000","-68,300,000","-69,200,000","-66,300,000","-63,200,000","-63,300,000","-61,300,000","-59,200,000","-56,500,000","-53,700,000","-52,700,000","-52,200,000","-51,200,000","-48,700,000","-48,000,000","-47,800,000","-47,300,000","-46,300,000","-46,300,000","-46,500,000","-45,700,000","-44,400,000","-45,200,000","-43,500,000","-46,500,000","-41,900,000","-42,200,000","-41,800,000","-39,300,000","-37,600,000","-38,000,000","-37,800,000","-36,600,000","-38,000,000","-39,600,000","-39,800,000","-37,700,000","-41,300,000","-39,600,000","-39,900,000","-40,600,000","-41,400,000","-34,300,000","-34,000,000",,,,,,,,,,,,,,,,,,,,,,,,,,,,,,,,,,,,,,,,,,,,,,,,,,,,,,,,,,,,,,,,,,,,,,,,,,,,,,,,,,,,,,,,,,,,,,
EBIT,"877,000,000","158,000,000","306,000,000","198,000,000","215,000,000","124,000,000","297,000,000","198,200,000","222,800,000","202,400,000","320,000,000","177,500,000","209,100,000","156,600,000","283,100,000","177,800,000","199,500,000","154,700,000","251,400,000","170,800,000","171,500,000","129,100,000","187,700,000","153,000,000","169,800,000","96,200,000","256,800,000","129,100,000","166,300,000","106,500,000","214,800,000","123,000,000","176,400,000","128,000,000","221,600,000","121,400,000","137,800,000","121,600,000","230,600,000","124,800,000","109,900,000","108,600,000","198,700,000","85,100,000","141,600,000","115,900,000","261,500,000","115,300,000","123,700,000","115,400,000","-18,500,000","84,100,000","94,100,000","91,000,000","190,500,000","82,000,000","125,100,000","341,700,000","203,600,000","97,000,000","120,800,000","105,300,000","170,500,000","97,900,000","119,800,000","-47,100,000","130,300,000","-14,700,000","56,600,000","94,469,000","162,944,000","37,565,000","78,839,000","89,854,000","166,033,000","56,942,000","82,041,000","44,731,000","144,700,000","63,787,000","62,433,000","79,004,000","133,726,000","68,018,000","89,276,000","92,478,000","140,021,000","60,167,000","88,390,000","92,535,000","130,700,000","60,300,000","93,000,000","54,500,000","122,200,000","32,400,000","31,400,000","36,100,000","32,000,000","19,700,000","40,700,000","27,500,000","28,900,000","31,200,000","54,000,000","44,400,000","40,900,000","20,000,000","44,100,000","28,300,000","33,500,000","20,900,000","47,100,000","226,900,000","173,900,000","168,500,000","203,800,000","182,100,000","151,400,000","140,200,000","178,000,000","171,600,000","152,200,000","147,900,000","177,100,000","163,300,000","144,400,000","137,700,000","173,100,000","156,200,000","138,500,000","131,900,000","178,200,000","155,700,000","140,700,000","132,600,000","171,900,000","141,400,000","127,300,000","123,300,000","157,400,000","149,000,000","126,200,000","123,800,000","170,200,000","165,900,000","127,400,000"
EBITDA,"1,534,000,000"
ReconciledCostOfRevenue,"2,113,000,000","606,000,000","544,000,000","450,000,000","513,000,000","518,000,000","465,400,000","415,800,000","553,500,000","538,100,000","532,500,000","473,200,000","648,200,000","586,300,000","518,200,000","515,700,000","605,600,000","559,100,000","527,700,000","475,300,000","577,600,000","573,900,000","545,600,000","498,900,000","569,100,000","522,000,000","538,100,000","481,300,000","617,800,000","575,500,000","512,600,000","513,300,000","661,900,000","594,100,000","538,400,000","489,200,000","610,500,000","925,800,000","418,200,000","337,700,000","407,000,000","391,900,000","404,200,000","362,800,000","481,800,000","402,800,000","444,700,000","354,800,000","479,600,000","401,100,000","393,300,000","329,100,000","580,200,000","390,200,000","340,400,000","293,800,000","289,700,000","-18,800,000","363,700,000","281,200,000","268,600,000","384,400,000","425,800,000","318,500,000","516,400,000","737,900,000","264,500,000","319,500,000","373,100,000","301,248,000","208,317,000","204,022,000","365,720,000","528,155,000","180,038,000","160,876,000","185,220,000","127,302,000","205,928,000","152,461,000","128,868,000","113,503,000","224,955,000","180,565,000","160,544,000","102,217,000","187,969,000","129,215,000","119,496,000","181,470,000","169,600,000","148,500,000","198,800,000","182,300,000","167,500,000","166,800,000","88,200,000","84,800,000","69,900,000","75,900,000","110,400,000","92,600,000","59,000,000","59,400,000","89,300,000","63,200,000","58,200,000","51,500,000","71,700,000","60,400,000","52,200,000","53,900,000","83,500,000",,,,,,,,,,,,,,,,,,,,,,,,,,,,,,,,,,
ReconciledDepreciation,"657,000,000","163,000,000","165,000,000","165,000,000","164,000,000","161,000,000","155,600,000","152,100,000","146,300,000","143,600,000","143,800,000","142,900,000","136,900,000","141,100,000","129,000,000","127,000,000","120,400,000","140,800,000","120,700,000","115,000,000","107,000,000","98,100,000","104,100,000","102,100,000","102,500,000","113,800,000","99,300,000","100,400,000","100,200,000","112,000,000","110,100,000","109,600,000","110,600,000","104,600,000","101,900,000","102,300,000","102,300,000","140,000,000","83,600,000","80,700,000","83,600,000","81,500,000","81,300,000","82,200,000","78,800,000","76,400,000","52,400,000","75,800,000","87,700,000","83,100,000","81,900,000","87,600,000","65,100,000","105,200,000","34,700,000","73,100,000","73,400,000","77,500,000","77,100,000","77,700,000","77,700,000","76,300,000","75,300,000","74,700,000","79,100,000","94,700,000","123,700,000","62,900,000","99,100,000","99,323,000","99,115,000","99,658,000","100,304,000","86,842,000","101,076,000","92,390,000","98,482,000","71,530,000","98,898,000","98,945,000","92,811,000","112,159,000","63,618,000","94,665,000","97,995,000","100,398,000","90,786,000","87,660,000","88,032,000","69,817,000","85,700,000",,,,,,,,,,,,,,,,,,,,,,,,,,,,,,,,,,,,,,,,,,,,,,,,,,,,,,,,
NetIncomeFromContinuingOperationNetMinorityInterest,"674,000,000","95,000,000","259,000,000","146,000,000","174,000,000","66,000,000","249,000,000","136,900,000","172,600,000","114,000,000","228,600,000","97,100,000","127,700,000","87,800,000","208,100,000","102,900,000","123,500,000","96,300,000","171,400,000","96,800,000","101,600,000","65,500,000","131,400,000","86,900,000","100,200,000","37,700,000","182,600,000","71,400,000","99,200,000","62,700,000","157,800,000","64,600,000","110,600,000","69,100,000","161,500,000","68,400,000","83,100,000","75,100,000","153,000,000","69,400,000","43,300,000","61,000,000","125,900,000","55,300,000","78,400,000","51,700,000","155,500,000","52,700,000","48,100,000","57,000,000","-38,700,000","33,800,000","77,300,000","69,700,000","109,100,000","51,800,000","68,100,000","198,300,000","116,200,000","45,000,000","65,200,000","177,300,000","92,400,000","50,800,000","17,800,000","-61,200,000","99,600,000","-9,800,000","11,600,000","58,283,000","87,444,000","-13,083,000","34,067,000","48,081,000","85,252,000","11,729,000","14,639,000","15,481,000","44,730,000","6,315,000","9,743,000","66,260,000","62,285,000","23,300,000","33,385,000","60,816,000","259,540,000","42,278,000","19,320,000","44,781,000","71,500,000","38,500,000","41,700,000","25,200,000","51,700,000","-9,600,000","15,800,000","16,500,000","14,000,000","9,000,000","21,800,000","11,100,000","13,900,000","16,500,000","31,700,000","24,300,000","20,700,000","6,900,000","19,700,000","13,300,000","15,300,000","10,300,000","26,400,000","22,500,000","13,300,000","7,000,000","19,700,000","19,400,000","12,100,000","7,100,000","18,400,000","17,900,000","17,900,000","10,300,000","18,800,000","12,700,000","17,900,000","9,100,000","19,800,000","19,200,000","6,900,000","8,400,000","17,000,000","12,600,000","17,000,000","10,700,000","17,600,000",,,,,,,,,,
TotalUnusualItemsExcludingGoodwill,"25,000,000","9,000,000","7,000,000","5,000,000","4,000,000","4,000,000","13,000,000","15,200,000","23,000,000","27,100,000","21,900,000","18,300,000","25,400,000","23,800,000","18,800,000","18,100,000","14,900,000","13,000,000","9,600,000","10,100,000","17,000,000","18,200,000","-70,600,000","15,300,000","13,200,000","11,800,000","9,700,000","8,600,000","6,800,000","9,000,000","8,300,000","8,400,000","9,100,000","9,700,000","8,500,000","7,000,000","5,600,000","7,500,000","5,800,000","4,800,000","3,800,000","3,400,000","2,800,000","2,700,000","3,100,000","3,600,000","5,000,000","5,000,000","3,900,000","4,800,000","-188,900,000","11,300,000","9,500,000","8,900,000","9,600,000","7,200,000","7,500,000","7,600,000","7,200,000","7,000,000","7,500,000","239,400,000","1,200,000","9,500,000","-77,200,000","-28,400,000","15,000,000","11,600,000","2,300,000","8,046,000","4,625,000","5,785,000","11,235,000","3,449,000","9,738,000","12,603,000","-10,827,000","-1,470,000","-30,594,000","-6,617,000","-1,710,000","23,215,000","4,863,000","12,695,000","11,489,000","39,179,000","339,455,000","7,565,000","21,725,000","16,775,000","15,500,000","37,100,000","6,800,000","9,000,000","-1,100,000","-11,000,000","2,700,000","-1,200,000","200,000","2,500,000","2,900,000","4,200,000","1,300,000","6,100,000","4,000,000","1,700,000","1,500,000","-100,000","300,000","2,400,000","2,000,000","4,200,000","4,800,000",,,,,,,,,,,,,,,,,,,,,,,,,,,,,,,,,,
TotalUnusualItems,"25,000,000","9,000,000","7,000,000","5,000,000","4,000,000","4,000,000","13,000,000","15,200,000","23,000,000","27,100,000","21,900,000","18,300,000","25,400,000","23,800,000","18,800,000","18,100,000","14,900,000","13,000,000","9,600,000","10,100,000","17,000,000","18,200,000","-70,600,000","15,300,000","13,200,000","11,800,000","9,700,000","8,600,000","6,800,000","9,000,000","8,300,000","8,400,000","9,100,000","9,700,000","8,500,000","7,000,000","5,600,000","7,500,000","5,800,000","4,800,000","3,800,000","3,400,000","2,800,000","2,700,000","3,100,000","3,600,000","5,000,000","5,000,000","3,900,000","4,800,000","-188,900,000","11,300,000","9,500,000","8,900,000","9,600,000","7,200,000","7,500,000","7,600,000","7,200,000","7,000,000","7,500,000","239,400,000","1,200,000","9,500,000","-77,200,000","-28,400,000","15,000,000","11,600,000","2,300,000","8,046,000","4,625,000","5,785,000","11,235,000","3,449,000","9,738,000","12,603,000","-10,827,000","-1,470,000","-30,594,000","-6,617,000","-1,710,000","23,215,000","4,863,000","12,695,000","11,489,000","39,179,000","339,455,000","7,565,000","21,725,000","16,775,000","15,500,000","37,100,000","6,800,000","9,000,000","-1,100,000","-11,000,000","2,700,000","-1,200,000","200,000","2,500,000","2,900,000","4,200,000","1,300,000","6,100,000","4,000,000","1,700,000","1,500,000","-100,000","300,000","2,400,000","2,000,000","4,200,000","4,800,000",,,,,,,,,,,,,,,,,,,,,,,,,,,,,,,,,,
NormalizedEBITDA,"1,509,000,000","312,000,000","464,000,000","358,000,000","375,000,000","281,000,000","440,000,000","335,100,000","346,100,000","318,900,000","441,900,000","302,100,000","320,600,000","273,900,000","393,300,000","286,700,000","305,000,000","282,500,000","362,500,000","275,700,000","261,500,000","213,800,000","362,400,000","239,800,000","259,100,000","198,200,000","346,400,000","220,900,000","259,700,000","209,500,000","316,600,000","224,200,000","277,900,000","222,900,000","315,000,000","216,700,000","234,500,000","254,100,000","308,400,000","200,800,000","189,700,000","186,700,000","277,200,000","164,600,000","217,300,000","188,700,000","331,900,000","186,100,000","207,500,000","193,700,000","252,300,000","160,400,000","149,700,000","187,300,000","238,800,000","147,900,000","191,000,000","411,600,000","273,500,000","167,700,000","191,000,000","-57,800,000","244,600,000","163,100,000","276,100,000","76,000,000","239,000,000","55,500,000","153,400,000","185,746,000","257,434,000","131,438,000","167,908,000","173,247,000","257,371,000","136,729,000","191,350,000","117,731,000","274,192,000","169,349,000","156,954,000","167,948,000","214,365,000","149,988,000","175,782,000","153,697,000","-86,837,000","140,262,000","154,697,000","145,577,000","200,900,000","103,200,000","172,700,000","122,600,000","203,500,000","117,000,000","60,900,000","70,200,000","61,200,000","44,400,000","64,000,000","47,600,000","51,500,000","48,300,000","75,300,000","65,400,000","63,900,000","43,200,000","67,600,000","51,700,000","52,100,000","37,200,000","65,600,000","226,900,000","173,900,000","168,500,000","203,800,000","182,100,000","151,400,000","140,200,000","178,000,000","171,600,000","152,200,000","147,900,000","177,100,000","163,300,000","144,400,000","137,700,000","173,100,000","156,200,000","138,500,000","131,900,000","178,200,000","155,700,000","140,700,000","132,600,000","171,900,000","141,400,000","127,300,000","123,300,000","157,400,000","149,000,000","126,200,000","123,800,000","170,200,000","165,900,000","127,400,000"
TaxRateForCalcs,"0.27","0.27","0.27","0.27","0.27","0.27","0.27","0.27","0.27","0.145","0.092","0.103","0.106","0.06","0.053","0.117","0.12","0.018","0.132","0.18","0.148","0.157","0.054","0.172","0.177","0.224","0.132","0.136","0.171","0.35","0.073","0.17","0.157","0.165","0.098","0.133","0.127","0.069","0.204","0.195","0.39","0.129","0.213","0.35","0.224","0.312","0.292","0.304","0.35","0.233","0.365","0.302","0.35","0.235","0.383","0.173","0.372","0.379","0.359","0.35","0.373","0.4","0.351","0.392","0.043","0.4","0.09","0.4","0.389","0.258","0.282","0.4","0.308","0.243","0.33","0.346","0.358","0.353","0.312","0.215","0.366","0.002","0.326","0.327","0.354","0.291","0.4","0.381","0.392","0.392","0.373","0.386","0.374","0.143","0.4","0.127","0.319","0.26","0.32","0.323","0.355","0.373","0.344","0.387","0.356","0.25","0.365","0.258","0.4","0.384","0.378","0.356","0.377","0.4","0.4","0.4","0.4","0.4","0.4","0.4","0.4","0.4","0.4","0.4","0.4","0.4","0.4","0.4","0.4","0.4","0.4","0.4","0.4","0.4","0.4","0.4","0.4",,,,,,,,,,
TaxEffectOfUnusualItems,"6,750,000","2,430,000","1,890,000","1,350,000","1,080,000","1,080,000","3,510,000","4,104,000","6,210,000","3,923,705.926","2,009,892.729","1,884,900","2,685,854.342","1,426,980.728","996,400","2,117,700","1,784,176.764","238,532.11","1,267,200","1,818,000","2,516,000","2,857,657.658","-3,812,400","2,631,600","2,336,400","2,646,502.058","1,280,400","1,169,600","1,162,800","3,150,000","605,900","1,428,000","1,428,700","1,604,951.691","833,000","931,000","711,200","520,446.097","1,185,335.413","935,498.84","1,482,535.211","437,142.857","596,750","945,000","693,663.366","1,121,704.394","1,459,471.767","1,519,154.557","1,365,000","1,117,631.225","-68,860,098.522","3,408,677.686","3,325,000","2,090,669.594","3,672,665.535","1,242,172.524","2,792,626.728","2,878,571.429","2,587,872.106","2,450,000","2,798,076.923","95,760,000","420,801.124","3,720,359.281","-3,320,430.108","-11,360,000","1,356,164.384","4,640,000","895,789.474","2,078,335.832","1,306,340.007","2,314,000","3,460,732.349","836,906.483","3,215,549.862","4,366,034.269","-3,879,971.598","-518,338.979","-9,556,803.689","-1,422,276.604","-626,035.784","45,806.886","1,585,657.92","4,150,006.355","4,061,850.822","11,393,265.81","135,782,000","2,883,328.503","8,508,582.09","6,577,743.766","5,787,028.922","14,319,298.246","2,542,342.342","1,285,714.286","-440,000","-1,400,000","861,206.897","-312,107.623","64,077.67","808,270.677","1,029,585.799","1,566,101.695","447,641.509","2,358,364.312","1,422,764.228","425,000","547,546.012","-25,806.452","120,000","922,222.222","756,097.561","1,496,250","1,811,320.755","0","0","0","0","0","0","0","0","0","0","0","0","0","0","0","0","0","0","0","0","0","0","0","0",,,,,,,,,,