name,ttm,12/31/2021,09/30/2021,06/30/2021,03/31/2021,12/31/2020,09/30/2020,06/30/2020,03/31/2020,12/31/2019,09/30/2019,06/30/2019,03/31/2019,12/31/2018,09/30/2018,06/30/2018,03/31/2018,12/31/2017,09/30/2017,06/30/2017,03/31/2017,12/31/2016,09/30/2016,06/30/2016,03/31/2016,12/31/2015,09/30/2015,06/30/2015,03/31/2015,12/31/2014,09/30/2014,06/30/2014,03/31/2014,12/31/2013,09/30/2013,06/30/2013,03/31/2013,12/31/2012,09/30/2012,06/30/2012,03/31/2012,12/31/2011,09/30/2011,06/30/2011,03/31/2011,12/31/2010,09/30/2010,06/30/2010,03/31/2010,12/31/2009,09/30/2009,06/30/2009,03/31/2009,12/31/2008,09/30/2008,06/30/2008,03/31/2008,12/31/2007,09/30/2007,06/30/2007,03/31/2007,12/31/2006,09/30/2006,06/30/2006,03/31/2006,12/31/2005,09/30/2005,06/30/2005,03/31/2005,12/31/2004,09/30/2004,06/30/2004,03/31/2004,12/31/2003,09/30/2003,06/30/2003,03/31/2003,12/31/2002,09/30/2002,06/30/2002,03/31/2002,12/31/2001,09/30/2001,06/30/2001,03/31/2001,12/31/2000,09/30/2000,06/30/2000,03/31/2000,12/31/1999,09/30/1999,06/30/1999,03/31/1999,12/31/1998,09/30/1998,06/30/1998,03/31/1998,12/31/1997,09/30/1997,06/30/1997,03/31/1997,12/31/1996,09/30/1996,06/30/1996,03/31/1996,12/31/1995,09/30/1995,06/30/1995,03/31/1995,12/31/1994,09/30/1994,06/30/1994,03/31/1994,12/31/1993,09/30/1993,06/30/1993,03/31/1993,12/31/1992,09/30/1992,06/30/1992,03/31/1992,12/31/1991,09/30/1991,06/30/1991,03/31/1991,12/31/1990,09/30/1990,06/30/1990,03/31/1990,12/31/1989,09/30/1989,06/30/1989,03/31/1989,12/31/1988,09/30/1988,06/30/1988,03/31/1988,12/31/1987,09/30/1987,06/30/1987,03/31/1987,12/31/1986,09/30/1986,06/30/1986,03/31/1986,12/31/1985,09/30/1985
TotalRevenue,"15,790,000,000","5,051,000,000","4,679,000,000","4,008,000,000","2,052,000,000","2,013,000,000","1,793,000,000","1,008,000,000","4,234,000,000","5,730,000,000","5,639,000,000","5,909,000,000","5,149,000,000","5,704,000,000","5,575,000,000","5,742,000,000","4,944,000,000","5,274,000,000","5,271,000,000","5,744,000,000","4,883,000,000","5,075,000,000","5,139,000,000","5,384,000,000","4,826,000,000","4,977,000,000","5,318,000,000","5,111,000,000","4,414,000,000","4,628,000,000","4,800,000,000","5,011,000,000","4,166,000,000","4,428,000,000","4,545,000,000","4,643,000,000","4,084,000,000","4,173,000,000","4,309,000,000","4,616,000,000","3,991,000,000","4,108,000,000","4,311,000,000","4,136,000,000","3,103,000,000","3,114,000,000","3,192,000,000","3,168,000,000","2,630,000,000","2,712,000,000","2,666,000,000","2,616,000,000","2,357,000,000","2,734,000,000","2,891,000,000","2,869,000,000","2,530,000,000","2,492,000,000","2,588,000,000","2,583,000,000","2,198,000,000","2,276,000,000","2,342,000,000","2,449,000,000","2,019,000,000","1,988,000,000","1,989,000,000","1,944,000,000","1,663,000,000","1,655,000,000","1,674,000,000","1,716,000,000","1,484,000,000","1,517,000,000","1,553,000,000","1,515,000,000","1,351,000,000","1,400,539,000","1,391,191,000","1,472,798,000","1,257,243,000","1,237,647,000","1,335,125,000","1,553,785,000","1,428,617,000","1,467,404,000","1,478,834,000","1,460,675,000","1,242,647,000","1,204,387,000","1,235,200,000","1,220,500,000","1,075,600,000","1,047,680,000","1,094,900,000","1,078,800,000","942,600,000","975,521,000","997,200,000","956,900,000","887,100,000","831,870,000","891,500,000","910,300,000","772,500,000","748,551,000","765,000,000","738,200,000","621,000,000","626,133,000","685,300,000","661,100,000","619,400,000","768,100,000","554,400,000","520,500,000","453,800,000","447,200,000","447,300,000","416,800,000","373,900,000","350,900,000","355,300,000","324,700,000","282,800,000","301,600,000","316,400,000","308,200,000","260,600,000","255,700,000","266,400,000","263,600,000","229,400,000","225,800,000","239,100,000","216,900,000","178,600,000","180,700,000","200,700,000","205,300,000","178,400,000","181,100,000","207,600,000","193,900,000","173,300,000","178,700,000","199,500,000"
	OperatingRevenue,"14,253,000,000","4,605,000,000","4,274,000,000","3,619,000,000","1,755,000,000","1,705,000,000","1,495,000,000","742,000,000","3,884,000,000","5,357,000,000","5,272,000,000","5,531,000,000","4,787,000,000","5,363,000,000","5,237,000,000","5,402,000,000","4,627,000,000","4,783,000,000","4,787,000,000","5,277,000,000","4,466,000,000","4,665,000,000","4,711,000,000","4,950,000,000","4,440,000,000","4,598,000,000","4,760,000,000","4,898,000,000","4,222,000,000","4,456,000,000","4,609,000,000","4,796,000,000","3,973,000,000","4,238,000,000","4,347,000,000","4,423,000,000","3,877,000,000","3,338,000,000","4,309,000,000","4,616,000,000","3,991,000,000","4,108,000,000","4,311,000,000","4,136,000,000","3,103,000,000","3,114,000,000","3,192,000,000","3,168,000,000","2,630,000,000","2,712,000,000","2,666,000,000","2,616,000,000","2,357,000,000","2,734,000,000","2,891,000,000","2,869,000,000","2,530,000,000","2,492,000,000","2,588,000,000","2,583,000,000","2,198,000,000","2,276,000,000","2,342,000,000","2,449,000,000","2,019,000,000","1,988,000,000","1,989,000,000","1,944,000,000","1,663,000,000","1,655,000,000","1,674,000,000","1,716,000,000","1,484,000,000","1,517,000,000","1,553,000,000","1,515,000,000","1,351,000,000","1,400,539,000","1,391,191,000","1,472,798,000","1,257,243,000","1,237,647,000","1,335,125,000","1,553,785,000","1,428,617,000","1,467,404,000","1,478,834,000","1,460,675,000","1,242,647,000","1,204,400,000","1,235,200,000","1,220,500,000","1,075,600,000","1,047,700,000","1,094,900,000","1,078,800,000","942,600,000","975,600,000","997,200,000","956,900,000","887,100,000","831,800,000","891,500,000","910,300,000","772,500,000","748,600,000","765,000,000","738,200,000","621,000,000","626,100,000","685,300,000","661,100,000","619,400,000","768,100,000","554,400,000","520,500,000","453,800,000","447,200,000","447,300,000","416,800,000","373,900,000","350,900,000","355,300,000","324,700,000","282,800,000","301,600,000","316,400,000","308,200,000","260,600,000","255,700,000","266,400,000","263,600,000","229,400,000","225,800,000","239,100,000","216,900,000","178,600,000","180,700,000","200,700,000","205,300,000","178,400,000","181,100,000","207,600,000","193,900,000","173,300,000","178,700,000","199,500,000"
CostOfRevenue,"11,675,000,000","4,172,000,000","3,284,000,000","2,828,000,000","1,390,000,000","2,660,000,000","2,716,000,000","1,915,000,000","3,646,000,000","4,299,000,000","4,058,000,000","4,173,000,000","3,914,000,000","4,128,000,000","4,038,000,000","4,039,000,000","3,703,000,000","3,834,000,000","3,738,000,000","3,812,000,000","3,583,000,000","3,570,000,000","3,786,000,000","3,489,000,000","3,304,000,000","3,334,000,000","3,515,000,000","3,460,000,000","3,114,000,000","3,383,000,000","3,595,000,000","3,665,000,000","3,407,000,000","3,452,000,000","3,595,000,000","3,665,000,000","3,500,000,000","7,705,000,000","2,198,000,000","2,218,000,000","2,124,000,000","2,080,000,000","2,205,000,000","2,099,000,000","1,484,000,000","2,862,000,000","869,000,000","876,000,000","750,000,000","729,000,000","771,000,000","690,000,000","671,000,000","1,061,000,000","985,000,000","888,000,000","1,706,000,000","1,599,000,000","1,548,000,000","1,484,000,000","1,387,000,000","1,349,000,000","1,346,000,000","1,299,000,000","1,241,000,000","1,152,000,000","1,056,000,000","1,040,000,000","961,000,000","950,000,000","912,000,000","933,000,000","892,000,000","870,000,000","847,000,000","817,000,000","819,000,000","820,653,000","818,628,000","815,231,000","778,115,000","761,530,000","800,991,000","806,619,000","780,906,000","773,388,000","747,943,000","728,042,000","716,202,000","687,600,000","662,300,000","608,400,000","576,900,000","564,303,000","561,900,000","558,800,000","543,400,000","559,100,000","565,100,000","531,800,000","548,000,000","549,600,000","547,800,000","517,600,000","492,300,000","469,400,000","442,700,000","429,600,000","406,100,000","417,700,000","383,600,000","364,100,000","298,400,000","402,600,000","245,800,000","234,500,000","215,800,000","207,500,000","208,800,000","198,100,000","178,700,000","176,700,000","172,900,000","165,200,000","160,500,000","179,600,000","147,700,000","135,300,000","133,400,000","130,900,000","121,800,000","125,500,000","104,500,000",,,,,,,,,,,,,,
GrossProfit,"4,115,000,000","879,000,000","1,395,000,000","1,180,000,000","662,000,000","-647,000,000","-923,000,000","-907,000,000","588,000,000","1,431,000,000","1,581,000,000","1,736,000,000","1,235,000,000","1,576,000,000","1,537,000,000","1,703,000,000","1,241,000,000","1,440,000,000","1,533,000,000","1,932,000,000","1,300,000,000","1,505,000,000","1,353,000,000","1,895,000,000","1,522,000,000","1,643,000,000","1,803,000,000","1,651,000,000","1,300,000,000","1,245,000,000","1,205,000,000","1,346,000,000","759,000,000","976,000,000","950,000,000","978,000,000","584,000,000","-3,532,000,000","2,111,000,000","2,398,000,000","1,867,000,000","2,028,000,000","2,106,000,000","2,037,000,000","1,619,000,000","252,000,000","2,323,000,000","2,292,000,000","1,880,000,000","1,983,000,000","1,895,000,000","1,926,000,000","1,686,000,000","1,673,000,000","1,906,000,000","1,981,000,000","824,000,000","893,000,000","1,040,000,000","1,099,000,000","811,000,000","927,000,000","996,000,000","1,150,000,000","778,000,000","836,000,000","933,000,000","904,000,000","702,000,000","705,000,000","762,000,000","783,000,000","592,000,000","647,000,000","706,000,000","698,000,000","532,000,000","579,886,000","572,563,000","657,567,000","479,128,000","476,117,000","534,134,000","747,166,000","647,711,000","694,016,000","730,891,000","732,633,000","526,445,000","516,787,000","572,900,000","612,100,000","498,700,000","483,377,000","533,000,000","520,000,000","399,200,000","416,421,000","432,100,000","425,100,000","339,100,000","282,270,000","343,700,000","392,700,000","280,200,000","279,151,000","322,300,000","308,600,000","214,900,000","208,433,000","301,700,000","297,000,000","321,000,000","365,500,000","308,600,000","286,000,000","238,000,000","239,700,000","238,500,000","218,700,000","195,200,000","174,200,000","182,400,000","159,500,000","122,300,000","122,000,000","168,700,000","172,900,000","127,200,000","124,800,000","144,600,000","138,100,000","124,900,000",,,,,,,,,,,,,,
OperatingExpense,"2,394,000,000","684,000,000","662,000,000","586,000,000","463,000,000","521,000,000","488,000,000","220,000,000","698,000,000","766,000,000","762,000,000","768,000,000","730,000,000","756,000,000","739,000,000","731,000,000","625,000,000","667,000,000","699,000,000","682,000,000","642,000,000","660,000,000","658,000,000","619,000,000","578,000,000","610,000,000","572,000,000","563,000,000","497,000,000","577,000,000","568,000,000","533,000,000","526,000,000","571,000,000","532,000,000","519,000,000","501,000,000","-3,638,000,000","1,915,000,000","1,927,000,000","1,832,000,000","1,844,000,000","1,859,000,000","1,772,000,000","1,505,000,000","1,518,000,000","1,462,000,000","1,427,000,000","1,352,000,000","1,362,000,000","1,395,000,000","1,351,000,000","1,314,000,000","1,196,000,000","1,410,000,000","1,382,000,000","2,651,000,000","2,543,000,000","2,520,000,000","2,435,000,000","2,289,000,000","2,262,000,000","2,248,000,000","2,212,000,000","2,081,000,000","1,975,000,000","1,870,000,000","1,823,000,000","1,713,000,000","1,683,000,000","1,632,000,000","1,662,000,000","1,586,000,000","1,932,000,000","1,509,000,000","1,512,000,000","1,440,000,000","1,446,207,000","1,433,225,000","1,418,160,000","1,338,493,000","1,332,998,000","1,369,700,000","1,387,958,000","1,336,523,000","1,330,367,000","1,297,755,000","1,260,122,000","1,201,605,000","2,098,011,000","785,900,000","778,000,000","733,800,000","1,823,469,000","717,000,000","698,900,000","658,000,000","1,808,785,000","654,000,000","626,900,000","608,600,000","1,707,235,000","591,900,000","585,600,000","549,000,000","1,429,820,000","503,000,000","493,300,000","462,700,000","1,243,224,000","452,600,000","442,000,000","245,000,000","279,700,000","221,800,000","211,200,000","193,400,000","187,400,000","184,600,000","173,300,000","164,000,000","152,400,000","151,200,000","139,000,000","132,800,000","126,200,000","132,000,000","131,600,000","119,000,000","110,400,000","112,000,000","109,400,000","103,000,000",,,,,,,,,,,,,,
	SellingGeneralAndAdministration,,,,,,,,,,,,,,,,,,,,,,,,,,,,,,,,,,,,,,,"1,698,000,000","1,725,000,000","1,631,000,000","1,145,000,000","1,146,000,000","1,596,000,000","1,350,000,000","956,000,000","938,000,000","946,000,000","864,000,000","861,000,000","909,000,000","863,000,000","836,000,000","846,000,000","856,000,000","839,000,000","1,009,000,000","978,000,000","1,015,000,000","994,000,000","942,000,000","939,000,000","938,000,000","951,000,000","876,000,000","853,000,000","847,000,000","823,000,000","796,000,000","769,000,000","761,000,000","765,000,000","737,000,000","757,000,000","695,000,000","724,000,000","651,000,000","652,978,000","643,281,000","635,613,000","592,265,000","604,536,000","591,308,000","598,077,000","565,494,000","557,210,000","555,806,000","577,562,000","495,855,000","359,637,000","527,000,000","519,400,000","490,900,000","474,200,000","482,100,000","466,700,000","437,600,000","279,442,000","435,300,000","425,200,000","402,300,000","383,300,000","389,100,000","387,000,000","359,600,000","337,900,000","341,200,000","330,000,000","312,000,000","302,100,000","304,900,000","297,500,000","212,500,000","243,600,000","192,300,000","183,700,000","167,200,000","160,300,000","157,500,000","148,700,000","141,700,000","129,000,000","129,500,000","118,100,000","112,500,000","105,900,000","111,900,000","111,800,000","99,900,000","91,400,000","93,400,000","91,600,000","86,100,000",,,,,,,,,,,,,,
		GeneralAndAdministrativeExpense,,,,,,,,,,,,,,,,,,,,,,,,,,,,,,,,,,,,,,,"1,698,000,000","1,725,000,000","1,631,000,000","1,145,000,000","1,146,000,000","1,596,000,000","1,350,000,000","956,000,000","938,000,000","946,000,000","864,000,000","861,000,000","909,000,000","863,000,000","836,000,000","846,000,000","856,000,000","839,000,000","1,009,000,000","978,000,000","1,015,000,000","994,000,000","942,000,000","939,000,000","938,000,000","951,000,000","876,000,000","853,000,000","847,000,000","823,000,000","796,000,000","769,000,000","761,000,000","765,000,000","739,000,000","769,000,000","706,000,000","737,000,000","663,000,000","665,937,000","655,732,000","650,739,000","606,398,000","623,732,000","614,548,000","628,161,000","595,988,000","596,468,000","597,331,000","618,872,000","533,071,000","397,537,000","566,200,000","559,600,000","530,000,000","511,900,000","522,200,000","508,200,000","476,000,000","319,042,000","475,200,000","465,800,000","439,400,000","417,700,000","426,200,000","424,600,000","391,400,000","368,900,000","372,800,000","361,200,000","341,500,000","336,300,000","343,400,000","337,000,000",,,,,,,,,,,,,,,,,,,,,,,,,,,,,,,,,,,
			SalariesAndWages,,,,,,,,,,,,,,,,,,,,,,,,,,,,,,,,,,,,,,,"1,189,000,000","1,222,000,000","1,141,000,000","1,145,000,000","1,146,000,000","1,125,000,000","954,000,000","956,000,000","938,000,000","946,000,000","864,000,000","861,000,000","909,000,000","863,000,000","836,000,000","846,000,000","856,000,000","839,000,000","-800,000,000","-800,000,000","-832,000,000","-814,000,000","-767,000,000","-779,000,000","-771,000,000","-786,000,000","-716,000,000","-702,000,000","-693,000,000","-667,000,000","-640,000,000","-620,000,000","-612,000,000","-622,000,000","-589,000,000","-567,000,000","-554,000,000","-587,000,000","-516,000,000","-519,477,000","-510,106,000","-501,252,000","-461,650,000","-472,068,000","-463,747,000","-473,042,000","-447,431,000","-443,177,000","-436,776,000","-422,247,000","-381,489,000","-367,100,000","-375,500,000","-368,600,000","-344,000,000","-331,500,000","-335,700,000","-320,500,000","-298,200,000","-295,000,000","-293,000,000","-282,600,000","-265,800,000","-249,500,000","-254,800,000","-258,100,000","-237,400,000","-223,600,000","-223,600,000","-217,300,000","-203,600,000","-192,400,000","-195,800,000","-189,900,000",,,,,,,,,,,,,,,,,,,,,,,,,,,,,,,,,,,
			RentAndLandingFees,,,,,,,,,,,,,,,,,,,,,,,,,,,,,,,,,,,,,,,"370,000,000","350,000,000","342,000,000",,"347,000,000","326,000,000","247,000,000",,"253,000,000","251,000,000","237,000,000","227,000,000","239,000,000","226,000,000","211,000,000","204,000,000","205,000,000","197,000,000","-209,000,000","-178,000,000","-183,000,000","-180,000,000","-175,000,000","-160,000,000","-167,000,000","-165,000,000","-160,000,000","-151,000,000","-154,000,000","-156,000,000","-156,000,000","-147,000,000","-149,000,000","-143,000,000","-148,000,000","-142,000,000","-141,000,000","-137,000,000","-135,000,000","-133,501,000","-133,175,000","-134,361,000","-130,615,000","-132,468,000","-127,561,000","-125,035,000","-118,063,000","-114,033,000","-119,030,000","-114,005,000","-114,366,000","-111,000,000","-112,300,000","-110,600,000","-107,800,000","-105,000,000","-106,300,000","-104,700,000","-101,000,000","-102,000,000","-102,400,000","-102,000,000","-99,400,000","-99,400,000","-97,200,000","-91,300,000","-90,400,000","-83,300,000","-86,000,000","-81,500,000","-78,900,000","-75,500,000","-70,600,000","-68,100,000",,,,,,,,,,,,,,,,,,,,,,,,,,,,,,,,,,,
			OtherGandA,,,,,,,,,,,,,,,,,,,,,,,,,,,,,,,,,,,,,,,"509,000,000","503,000,000","490,000,000",,"-347,000,000","471,000,000","396,000,000",,"-253,000,000","-251,000,000","-237,000,000","-227,000,000","-239,000,000","-226,000,000","-211,000,000","-204,000,000","-205,000,000","-197,000,000","2,018,000,000","1,956,000,000","2,030,000,000","1,988,000,000","1,884,000,000","1,878,000,000","1,876,000,000","1,902,000,000","1,752,000,000","1,706,000,000","1,694,000,000","1,646,000,000","1,592,000,000","1,536,000,000","1,522,000,000","1,530,000,000","1,476,000,000","1,478,000,000","1,401,000,000","1,461,000,000","1,314,000,000","1,318,915,000","1,299,013,000","1,286,352,000","1,198,663,000","1,228,268,000","1,205,856,000","1,226,238,000","1,161,482,000","1,153,678,000","1,153,137,000","1,155,124,000","1,028,926,000","875,637,000","1,054,000,000","1,038,800,000","981,800,000","948,400,000","964,200,000","933,400,000","875,200,000","716,042,000","870,600,000","850,400,000","804,600,000","766,600,000","778,200,000","774,000,000","719,200,000","675,800,000","682,400,000","660,000,000","624,000,000","604,200,000","609,800,000","595,000,000",,,,,,,,,,,,,,,,,,,,,,,,,,,,,,,,,,,
		SellingAndMarketingExpense,,,,,,,,,,,,,,,,,,,,,,,,,,,,,,,,,,,,,,,,,,,,,,,,,,,,,,,,,,,,,,,,,,,,,,"0",,,"-2,000,000","-12,000,000","-11,000,000","-13,000,000","-12,000,000","-12,959,000","-12,451,000","-15,126,000","-14,133,000","-19,196,000","-23,240,000","-30,084,000","-30,494,000","-39,258,000","-41,525,000","-41,310,000","-37,216,000","-37,900,000","-39,200,000","-40,200,000","-39,100,000","-37,700,000","-40,100,000","-41,500,000","-38,400,000","-39,600,000","-39,900,000","-40,600,000","-37,100,000","-34,400,000","-37,100,000","-37,600,000","-31,800,000","-31,000,000","-31,600,000","-31,200,000","-29,500,000","-34,200,000","-38,500,000","-39,500,000",,,,,,,,,,,,,,,,,,,,,,,,,,,,,,,,,,,
	DepreciationAmortizationDepletionIncomeStatement,,,,,,,,,,,,,,,,,,,,,,,,,,,,,,,,,,,,,,,"217,000,000","202,000,000","201,000,000","192,000,000","191,000,000","176,000,000","155,000,000","159,000,000","161,000,000","154,000,000","154,000,000","154,000,000","162,000,000","150,000,000","150,000,000","154,000,000","152,000,000","148,000,000","145,000,000","144,000,000","140,000,000","137,000,000","135,000,000","134,000,000","131,000,000","127,000,000","124,000,000","121,000,000","121,000,000","116,000,000","112,000,000","113,000,000","108,000,000","107,000,000","103,000,000","99,000,000","97,000,000","95,000,000","93,000,000","93,118,000","92,040,000","86,551,000","84,595,000","80,204,000","81,722,000","78,213,000","77,692,000","74,544,000","71,511,000","68,523,000","66,698,000","68,560,000","63,800,000","59,500,000","56,800,000","59,612,000","59,600,000","54,000,000","52,000,000","49,768,000","49,900,000","47,500,000","48,400,000","47,170,000","46,200,000","46,100,000","44,000,000","42,371,000","38,800,000","38,200,000","37,300,000","36,445,000","36,300,000","33,800,000","32,500,000","36,100,000","29,500,000","27,500,000","26,200,000","27,100,000","27,100,000","24,600,000","22,300,000","23,400,000","21,700,000","20,900,000","20,300,000","20,300,000","20,100,000","19,800,000","19,100,000","19,000,000","18,600,000","17,800,000","16,900,000",,,,,,,,,,,,,,
		DepreciationAndAmortizationInIncomeStatement,,,,,,,,,,,,,,,,,,,,,,,,,,,,,,,,,,,,,,,"217,000,000","202,000,000","201,000,000","192,000,000","191,000,000","176,000,000","155,000,000","159,000,000","161,000,000","154,000,000","154,000,000","154,000,000","162,000,000","150,000,000","150,000,000","154,000,000","152,000,000","148,000,000","145,000,000","144,000,000","140,000,000","137,000,000","135,000,000","134,000,000","131,000,000","127,000,000","124,000,000","121,000,000","121,000,000","116,000,000","112,000,000","113,000,000","108,000,000","107,000,000","103,000,000","99,000,000","97,000,000","95,000,000","93,000,000","93,118,000","92,040,000","86,551,000","84,595,000","80,204,000","81,722,000","78,213,000","77,692,000","74,544,000","71,511,000","68,523,000","66,698,000","68,560,000","63,800,000","59,500,000","56,800,000","59,612,000","59,600,000","54,000,000","52,000,000","49,768,000","49,900,000","47,500,000","48,400,000","47,170,000","46,200,000","46,100,000","44,000,000","42,371,000","38,800,000","38,200,000","37,300,000","36,445,000","36,300,000","33,800,000","32,500,000","36,100,000","29,500,000","27,500,000","26,200,000","27,100,000","27,100,000","24,600,000","22,300,000","23,400,000","21,700,000","20,900,000","20,300,000","20,300,000","20,100,000","19,800,000","19,100,000","19,000,000","18,600,000","17,800,000","16,900,000",,,,,,,,,,,,,,
			DepreciationIncomeStatement,,,,,,,,,,,,,,,,,,,,,,,,,,,,,,,,,,,,,,,,,,,,,,,,,,,,,,,,,"145,000,000","144,000,000","140,000,000","137,000,000","135,000,000","134,000,000","131,000,000","127,000,000","124,000,000","121,000,000","121,000,000","116,000,000","112,000,000","113,000,000","108,000,000","107,000,000","103,000,000","99,000,000","97,000,000","95,000,000","93,000,000","93,118,000","92,040,000","86,551,000","84,595,000","80,204,000","81,722,000","78,213,000","77,692,000","74,544,000","71,511,000","68,523,000","66,698,000","68,560,000","63,800,000","59,500,000","56,800,000","59,612,000","59,600,000","54,000,000","52,000,000","49,768,000","49,900,000","47,500,000","48,400,000","47,170,000","46,200,000","46,100,000","44,000,000","42,371,000","38,800,000","38,200,000","37,300,000","36,445,000","36,300,000","33,800,000","32,500,000","36,100,000","29,500,000","27,500,000","26,200,000","27,100,000","27,100,000","24,600,000","22,300,000","23,400,000","21,700,000","20,900,000","20,300,000","20,300,000","20,100,000","19,800,000","19,100,000","19,000,000","18,600,000","17,800,000","16,900,000",,,,,,,,,,,,,,
	OtherOperatingExpenses,"2,394,000,000","684,000,000","662,000,000","586,000,000","463,000,000","521,000,000","488,000,000","220,000,000","698,000,000","766,000,000","762,000,000","768,000,000","730,000,000","756,000,000","739,000,000","731,000,000","625,000,000","667,000,000","699,000,000","682,000,000","642,000,000","660,000,000","658,000,000","619,000,000","578,000,000","610,000,000","572,000,000","563,000,000","497,000,000","577,000,000","568,000,000","533,000,000","526,000,000","571,000,000","532,000,000","519,000,000","501,000,000","535,000,000","509,000,000","503,000,000","490,000,000","507,000,000","522,000,000","471,000,000","396,000,000","403,000,000","363,000,000","327,000,000","334,000,000","347,000,000","324,000,000","338,000,000","328,000,000","196,000,000","402,000,000","395,000,000","1,497,000,000","1,421,000,000","1,365,000,000","1,304,000,000","1,212,000,000","1,189,000,000","1,179,000,000","1,134,000,000","1,081,000,000","1,001,000,000","902,000,000","884,000,000","805,000,000","801,000,000","763,000,000","790,000,000","746,000,000","1,076,000,000","717,000,000","693,000,000","696,000,000","700,111,000","697,904,000","695,996,000","661,633,000","648,258,000","696,670,000","711,668,000","693,337,000","698,613,000","670,438,000","614,037,000","639,052,000","1,669,814,000","195,100,000","199,100,000","186,100,000","1,289,657,000","175,300,000","178,200,000","168,400,000","1,479,575,000","168,800,000","154,200,000","157,900,000","1,276,765,000","156,600,000","152,500,000","145,400,000","1,049,549,000","123,000,000","125,100,000","113,400,000","904,679,000","111,400,000","110,700,000",,,,,,,,,,,,,,,,,,,,,,,,,,,,,,,,,,,
OperatingIncome,"1,721,000,000","195,000,000","733,000,000","594,000,000","199,000,000","-1,168,000,000","-1,411,000,000","-1,127,000,000","-110,000,000","665,000,000","819,000,000","968,000,000","505,000,000","820,000,000","798,000,000","972,000,000","616,000,000","773,000,000","834,000,000","1,250,000,000","658,000,000","845,000,000","695,000,000","1,276,000,000","944,000,000","1,033,000,000","1,231,000,000","1,088,000,000","803,000,000","668,000,000","637,000,000","813,000,000","233,000,000","405,000,000","418,000,000","459,000,000","83,000,000","106,000,000","196,000,000","471,000,000","35,000,000","184,000,000","247,000,000","265,000,000","114,000,000","-1,266,000,000","861,000,000","865,000,000","528,000,000","621,000,000","500,000,000","575,000,000","372,000,000","477,000,000","496,000,000","599,000,000","-1,827,000,000","-1,650,000,000","-1,480,000,000","-1,336,000,000","-1,478,000,000","-1,335,000,000","-1,252,000,000","-1,062,000,000","-1,303,000,000","-1,139,000,000","-937,000,000","-919,000,000","-1,011,000,000","-978,000,000","-870,000,000","-879,000,000","-994,000,000","-1,285,000,000","-803,000,000","-814,000,000","-908,000,000","-866,321,000","-860,662,000","-760,593,000","-859,365,000","-856,881,000","-835,566,000","-640,792,000","-688,812,000","-636,351,000","-566,864,000","-527,489,000","-675,160,000","-1,581,224,000","-213,000,000","-165,900,000","-235,100,000","-1,340,092,000","-184,000,000","-178,900,000","-258,800,000","-1,392,364,000","-221,900,000","-201,800,000","-269,500,000","-1,424,965,000","-248,200,000","-192,900,000","-268,800,000","-1,150,669,000","-180,700,000","-184,700,000","-247,800,000","-1,034,791,000","-150,900,000","-145,000,000","76,000,000","85,800,000","86,800,000","74,800,000","44,600,000","52,300,000","53,900,000","45,400,000","31,200,000","21,800,000","31,200,000","20,500,000","-10,500,000","-4,200,000","36,700,000","41,300,000","8,200,000","14,400,000","32,600,000","28,700,000","21,900,000","-548,700,000","239,100,000","216,900,000","178,600,000","-567,200,000","200,700,000","205,300,000","178,400,000","-498,700,000","207,600,000","193,900,000","173,300,000","-422,400,000","199,500,000"
NetNonOperatingInterestIncomeExpense,"-418,000,000","-108,000,000","-104,000,000","-106,000,000","-101,000,000","-100,000,000","-96,000,000","-80,000,000","-6,000,000","1,000,000","3,000,000","2,000,000","1,000,000","-1,000,000","-4,000,000","-8,000,000","-10,000,000","-8,000,000","-4,000,000","-6,000,000","-11,000,000","-9,000,000","-13,000,000","-15,000,000","-14,000,000","-17,000,000","-20,000,000","-20,000,000","-25,000,000","-26,000,000","-23,000,000","-26,000,000","-24,000,000","-26,000,000","-30,000,000","-23,000,000","-22,000,000","-28,000,000","-28,000,000","-30,000,000","-33,000,000","-45,000,000","-46,000,000","-45,000,000","-37,000,000","-35,000,000","-36,000,000","-33,000,000","-33,000,000","-39,000,000","-40,000,000","-39,000,000","-34,000,000","-22,000,000","-22,000,000","-21,000,000",,,,,,,,,,,,,,,,,,,,,,,,,,,,,,,,,,,,,,,,,,,,,,,,,,,,,,,,,,,,,,,,,,,,,,,,,,,,,,,,,,,,,,,,,,,
	InterestIncomeNonOperating,"13,000,000","7,000,000","2,000,000","2,000,000","2,000,000","2,000,000","4,000,000","9,000,000","17,000,000","20,000,000","23,000,000","24,000,000","23,000,000","22,000,000","20,000,000","15,000,000","12,000,000","11,000,000","9,000,000","8,000,000","7,000,000","7,000,000","6,000,000","6,000,000","5,000,000","4,000,000","2,000,000","2,000,000","1,000,000","2,000,000","2,000,000","2,000,000","2,000,000","1,000,000","1,000,000","2,000,000","2,000,000","2,000,000","2,000,000","2,000,000","2,000,000","2,000,000","1,000,000","4,000,000","3,000,000","3,000,000","2,000,000","9,000,000","3,000,000","2,000,000","3,000,000","3,000,000","10,000,000","13,000,000","13,000,000","11,000,000",,,,,,,,,,,,,,,,,,,,,,,,,,,,,,,,,,,,,,,,,,,,,,,,,,,,,,,,,,,,,,,,,,,,,,,,,,,,,,,,,,,,,,,,,,,
	InterestExpenseNonOperating,"431,000,000","115,000,000","106,000,000","108,000,000","103,000,000","102,000,000","100,000,000","89,000,000","23,000,000","19,000,000","20,000,000","22,000,000","22,000,000","23,000,000","24,000,000","23,000,000","22,000,000","19,000,000","13,000,000","14,000,000","18,000,000","16,000,000","19,000,000","21,000,000","19,000,000","21,000,000","22,000,000","22,000,000","26,000,000","28,000,000","25,000,000","28,000,000","26,000,000","27,000,000","31,000,000","25,000,000","24,000,000","30,000,000","30,000,000","32,000,000","35,000,000","47,000,000","47,000,000","49,000,000","40,000,000","38,000,000","38,000,000","42,000,000","36,000,000","41,000,000","43,000,000","42,000,000","44,000,000","35,000,000","35,000,000","32,000,000",,,,,,,,,,,,,,,,,,,,,,,,,,,,,,,,,,,,,,,,,,,,,,,,,,,,,,,,,,,,,,,,,,,,,,,,,,,,,,,,,,,,,,,,,,,
OtherIncomeExpense,"22,000,000","-10,000,000","-29,000,000","14,000,000","48,000,000","-63,000,000","-35,000,000","-32,000,000","-28,000,000","0","-3,000,000","-2,000,000","-2,000,000","-2,000,000","-8,000,000","-4,000,000","-4,000,000","-27,000,000","-39,000,000","-74,000,000","-94,000,000","-27,000,000","-64,000,000","43,000,000","-114,000,000","-169,000,000","-278,000,000","-91,000,000","-55,000,000","-341,000,000","-89,000,000","-41,000,000","35,000,000","-46,000,000","31,000,000","-73,000,000","33,000,000","47,000,000","-135,000,000","-73,000,000","157,000,000","116,000,000","-427,000,000","55,000,000","-59,000,000","32,000,000","13,000,000","-146,000,000","-4,000,000","56,000,000","-2,000,000","-34,000,000","-23,000,000","-130,000,000","-269,000,000","345,000,000","72,000,000","-32,000,000","-7,000,000","-104,000,000","-49,000,000","79,000,000","192,000,000","-100,000,000","18,000,000","45,000,000","-76,000,000","40,000,000","12,000,000","118,000,000","6,000,000","-1,000,000","10,000,000","-446,000,000","1,000,000","273,000,000","14,000,000","-5,366,000","50,070,000","-3,020,000","2,719,000","69,610,000","156,904,000","2,813,000","-5,525,000","4,840,000","6,819,000","10,624,000","11,139,000","31,080,000","-100,000","-400,000","-9,600,000","-12,908,000","6,000,000","6,600,000","4,000,000","20,858,000","-100,000","-200,000","-1,000,000","40,445,000","-500,000","1,600,000","1,300,000","48,606,000","100,000","-1,500,000","100,000","61,288,000","100,000","100,000","2,000,000","3,000,000","500,000","2,000,000","2,900,000","2,000,000","1,900,000","3,000,000","1,000,000","2,500,000","2,700,000","2,100,000","2,100,000","1,100,000","4,300,000","1,000,000","4,600,000","3,900,000","11,200,000","7,100,000","14,400,000",,,,,,,,,,,,,,
	GainOnSaleOfSecurity,"57,000,000",,"-15,000,000","18,000,000","-12,000,000",,,"-31,000,000","-26,000,000",,,,,,,"-4,000,000",,"-30,000,000","-38,000,000","-74,000,000","-99,000,000","-19,000,000","-65,000,000","43,000,000","-115,000,000","-163,000,000","-272,000,000","-91,000,000","-32,000,000","-296,000,000","-65,000,000","-5,000,000","52,000,000","-27,000,000","56,000,000","-47,000,000","46,000,000",,,,,,,,,,,,,,,,,,,,,,,,,,,,,,,,,,,,,,,,,,,,,,,,,,,,,,,,,,,,,,,,,,,,,,,,,,,,,,,,,,,,,,,,,,,,,,,,,,,,,,,,,,,,,,
	SpecialIncomeCharges,"-28,000,000",,"-12,000,000",,,,,,,,,,,,,,,,,,,"0",,"0","0","-7,000,000","-6,000,000","-3,000,000","-23,000,000","-48,000,000","-23,000,000","-38,000,000","-18,000,000","-20,000,000","-28,000,000","-26,000,000","-13,000,000","-134,000,000","-135,000,000","-73,000,000","157,000,000","116,000,000","-427,000,000","55,000,000","-59,000,000","32,000,000","13,000,000","-146,000,000","-4,000,000","56,000,000","-2,000,000","-34,000,000","-23,000,000","-130,000,000","-269,000,000","345,000,000","72,000,000","-32,000,000","-7,000,000","-104,000,000","-49,000,000","79,000,000","192,000,000","-100,000,000","18,000,000","45,000,000","-76,000,000","40,000,000","12,000,000","118,000,000","6,000,000","-1,000,000","10,000,000","-446,000,000","1,000,000","273,000,000","14,000,000","-5,366,000","50,070,000","-3,020,000","2,719,000","69,610,000","156,904,000","2,813,000","-5,525,000","4,840,000","6,819,000","10,624,000","11,139,000","31,080,000","-100,000","-400,000","-9,600,000","-12,908,000","6,000,000","6,600,000","4,000,000","20,858,000","-100,000","-200,000","-1,000,000","40,445,000","-500,000","1,600,000","1,300,000","48,606,000","100,000","-1,500,000","100,000","61,288,000","100,000","100,000","2,000,000","3,000,000","500,000","2,000,000","2,900,000","2,000,000","1,900,000","3,000,000","1,000,000","2,500,000","2,700,000","2,100,000","2,100,000","1,100,000","4,300,000","1,000,000","4,600,000","3,900,000","11,200,000","7,100,000","14,400,000",,,,,,,,,,,,,,
		RestructuringAndMergernAcquisition,,,,,,,,,,,,,,,,,,,,,,"0",,"0","0","7,000,000","6,000,000","3,000,000","23,000,000","48,000,000","23,000,000","38,000,000","18,000,000","20,000,000","28,000,000","26,000,000","13,000,000","15,000,000","145,000,000","11,000,000","13,000,000","37,000,000","22,000,000","58,000,000",,,,,,,,,,,,,,,,,,,,,,,,,,,,,,,,,,,,,,,,,,,,,,,,,,,,,,,,,,,,,,,,,,,,,,,,,,,,,,,,,,,,,,,,,,,,,,,,,,,,,,,
		OtherSpecialCharges,"28,000,000",,"12,000,000",,,,,,,,,,,,,,,,,,,,,,,,,,,,,,,,,,,,"-10,000,000","62,000,000","-170,000,000","-153,000,000","405,000,000","-113,000,000",,,,,,,,,,,,,,,,,,,,,,,,,,,,,,,,,,,,,,,,,,,,,,,,,,,,,,,,,,,,,,,,,,,,,,,,,,,,,,,,,,,,,,,,,,,,,,,,,,,,,,,
	OtherNonOperatingIncomeExpenses,"-7,000,000","-39,000,000","-2,000,000","-4,000,000","60,000,000","39,000,000","-35,000,000","-1,000,000","-2,000,000","0","-3,000,000","-2,000,000","-2,000,000","-2,000,000","-8,000,000","-4,000,000","-4,000,000","3,000,000","-1,000,000","-74,000,000","5,000,000","-8,000,000","1,000,000","43,000,000","1,000,000","1,000,000","-272,000,000","3,000,000","-32,000,000","3,000,000","-1,000,000","2,000,000","1,000,000","1,000,000","3,000,000","-47,000,000","46,000,000","62,000,000",,,,,,,,,,,,,,,,,,,,,,,,,,,,,,,,,,,,,,,,,,,,,,,,,,,,,,,,,,,,,,,,,,,,,,,,,,,,,,,,,,,,,,,,,,,,,,,,,,,,,,,,,,,,,
PretaxIncome,"1,325,000,000","77,000,000","600,000,000","502,000,000","146,000,000","-1,331,000,000","-1,542,000,000","-1,239,000,000","-144,000,000","666,000,000","819,000,000","968,000,000","504,000,000","817,000,000","786,000,000","960,000,000","602,000,000","738,000,000","791,000,000","1,170,000,000","553,000,000","809,000,000","618,000,000","1,304,000,000","816,000,000","847,000,000","933,000,000","977,000,000","723,000,000","301,000,000","525,000,000","746,000,000","244,000,000","333,000,000","419,000,000","363,000,000","94,000,000","125,000,000","33,000,000","368,000,000","159,000,000","255,000,000","-226,000,000","275,000,000","18,000,000","213,000,000","332,000,000","184,000,000","17,000,000","184,000,000","-20,000,000","50,000,000","-107,000,000","-83,000,000","-205,000,000","529,000,000","37,000,000","184,000,000","277,000,000","447,000,000","149,000,000","101,000,000","78,000,000","515,000,000","96,000,000","136,000,000","368,000,000","256,000,000","114,000,000","88,000,000","181,000,000","179,000,000","41,000,000","101,000,000","171,000,000","397,000,000","39,000,000","63,924,000","124,324,000","169,238,000","35,196,000","97,836,000","245,870,000","287,451,000","196,502,000","249,453,000","301,073,000","310,865,000","155,973,000","152,911,000","208,000,000","256,600,000","156,100,000","163,512,000","211,000,000","216,600,000","114,000,000","129,356,000","150,400,000","153,800,000","83,400,000","46,362,000","100,300,000","140,000,000","54,800,000","70,040,000","114,200,000","100,800,000","20,000,000","35,723,000","97,100,000","97,100,000","69,500,000","77,300,000","77,800,000","67,800,000","36,700,000","42,700,000","43,900,000","38,300,000","22,000,000","14,200,000","25,800,000","16,900,000","-13,000,000","-7,200,000","36,500,000","37,400,000","8,000,000","13,100,000","38,100,000","29,600,000","30,200,000",,,,,,,,,,,,,,
TaxProvision,"348,000,000","9,000,000","154,000,000","154,000,000","30,000,000","-423,000,000","-385,000,000","-324,000,000","-50,000,000","153,000,000","160,000,000","227,000,000","117,000,000","163,000,000","171,000,000","227,000,000","139,000,000","-1,150,000,000","288,000,000","424,000,000","202,000,000","287,000,000","230,000,000","484,000,000","305,000,000","311,000,000","349,000,000","369,000,000","270,000,000","111,000,000","196,000,000","281,000,000","92,000,000","121,000,000","160,000,000","139,000,000","35,000,000","47,000,000","17,000,000","140,000,000","61,000,000","103,000,000","-86,000,000","114,000,000","13,000,000","82,000,000","127,000,000","72,000,000","6,000,000","69,000,000","-4,000,000","-4,000,000","-16,000,000","-27,000,000","-85,000,000","208,000,000","3,000,000","72,000,000","115,000,000","169,000,000","56,000,000","44,000,000","30,000,000","182,000,000","35,000,000","50,000,000","141,000,000","97,000,000","38,000,000","33,000,000","62,000,000","66,000,000","15,000,000","35,000,000","65,000,000","151,000,000","15,000,000","21,525,000","49,437,000","66,940,000","13,811,000","34,331,000","94,906,000","111,818,000","75,457,000","94,792,000","116,775,000","120,243,000","60,330,000","59,133,000","81,000,000","98,800,000","60,300,000","63,081,000","81,400,000","83,200,000","44,000,000","48,784,000","57,900,000","60,000,000","32,500,000","18,225,000","39,400,000","54,700,000","21,800,000","26,714,000","46,500,000","41,100,000","8,200,000","15,392,000","38,500,000","38,600,000","27,700,000","31,500,000","33,900,000","25,900,000","14,000,000","15,600,000","17,000,000","14,800,000","8,500,000","5,400,000","10,100,000","6,300,000","-4,800,000","-2,600,000","13,500,000","13,900,000","2,900,000","4,900,000","13,500,000","10,400,000","10,600,000",,,,,,,,,,,,,,
NetIncomeCommonStockholders,"977,000,000","68,000,000","446,000,000","348,000,000","116,000,000","-908,000,000","-1,157,000,000","-915,000,000","-94,000,000","513,000,000","659,000,000","741,000,000","387,000,000","654,000,000","615,000,000","733,000,000","463,000,000","1,888,000,000","503,000,000","746,000,000","351,000,000","522,000,000","388,000,000","820,000,000","511,000,000","536,000,000","584,000,000","608,000,000","453,000,000","190,000,000","329,000,000","465,000,000","152,000,000","212,000,000","259,000,000","224,000,000","59,000,000","78,000,000","16,000,000","228,000,000","98,000,000","152,000,000","-140,000,000","161,000,000","5,000,000","131,000,000","205,000,000","112,000,000","11,000,000","115,000,000","-16,000,000","54,000,000","-91,000,000","-56,000,000","-120,000,000","321,000,000","34,000,000","112,000,000","162,000,000","278,000,000","93,000,000","57,000,000","48,000,000","333,000,000","61,000,000","86,000,000","227,000,000","159,000,000","76,000,000","55,000,000","119,000,000","113,000,000","26,000,000","66,000,000","106,000,000","246,000,000","24,000,000","42,399,000","74,887,000","102,298,000","21,385,000","63,505,000","150,964,000","175,633,000","121,045,000","154,661,000","184,298,000","190,622,000","73,512,000","93,778,000","127,000,000","157,800,000","95,800,000","100,431,000","129,600,000","133,400,000","70,000,000","80,572,000","92,500,000","93,800,000","50,900,000","28,137,000","60,900,000","85,300,000","33,000,000","43,326,000","67,700,000","59,700,000","11,800,000","20,331,000","58,600,000","58,500,000","41,800,000","45,800,000","43,900,000","41,900,000","38,000,000","27,100,000","26,900,000","23,500,000","26,000,000","8,800,000","15,700,000","10,600,000","-8,200,000","-4,600,000","23,000,000","23,500,000","5,100,000","8,200,000","24,600,000","19,200,000","19,600,000","16,100,000","26,600,000","15,100,000","200,000","9,000,000","20,400,000","600,000","-9,800,000","9,000,000","21,200,000","17,100,000","2,700,000","6,000,000","16,800,000"
	NetIncome,"977,000,000","68,000,000","446,000,000","348,000,000","116,000,000","-908,000,000","-1,157,000,000","-915,000,000","-94,000,000","513,000,000","659,000,000","741,000,000","387,000,000","654,000,000","615,000,000","733,000,000","463,000,000","1,888,000,000","503,000,000","746,000,000","351,000,000","522,000,000","388,000,000","820,000,000","511,000,000","536,000,000","584,000,000","608,000,000","453,000,000","190,000,000","329,000,000","465,000,000","152,000,000","212,000,000","259,000,000","224,000,000","59,000,000","78,000,000","16,000,000","228,000,000","98,000,000","152,000,000","-140,000,000","161,000,000","5,000,000","131,000,000","205,000,000","112,000,000","11,000,000","115,000,000","-16,000,000","54,000,000","-91,000,000","-56,000,000","-120,000,000","321,000,000","34,000,000","112,000,000","162,000,000","278,000,000","93,000,000","57,000,000","48,000,000","333,000,000","61,000,000","86,000,000","227,000,000","159,000,000","76,000,000","55,000,000","119,000,000","113,000,000","26,000,000","66,000,000","106,000,000","246,000,000","24,000,000","42,399,000","74,887,000","102,298,000","21,385,000","63,505,000","150,964,000","175,633,000","121,045,000","154,661,000","184,298,000","190,622,000","73,512,000","93,778,000","127,000,000","157,800,000","95,800,000","100,431,000","129,600,000","133,400,000","70,000,000","80,572,000","92,500,000","93,800,000","50,900,000","28,137,000","60,900,000","85,300,000","33,000,000","43,326,000","67,700,000","59,700,000","11,800,000","20,331,000","58,600,000","58,500,000","41,800,000","45,800,000","43,900,000","41,900,000","38,000,000","27,100,000","26,900,000","23,500,000","26,000,000","8,800,000","15,700,000","10,600,000","-8,200,000","-4,600,000","23,000,000","23,500,000","5,100,000","8,200,000","24,600,000","19,200,000","19,600,000","16,100,000","26,600,000","15,100,000","200,000","9,000,000","20,400,000","600,000","-9,800,000","9,000,000","21,200,000","17,100,000","2,700,000","6,000,000","16,800,000"
		NetIncomeIncludingNoncontrollingInterests,"977,000,000","68,000,000","446,000,000","348,000,000","116,000,000","-908,000,000","-1,157,000,000","-915,000,000","-94,000,000","513,000,000","659,000,000","741,000,000","387,000,000","654,000,000","615,000,000","733,000,000","463,000,000","1,888,000,000","503,000,000","746,000,000","351,000,000","522,000,000","388,000,000","820,000,000","511,000,000","536,000,000","584,000,000","608,000,000","453,000,000","190,000,000","329,000,000","465,000,000","152,000,000","212,000,000","259,000,000","224,000,000","59,000,000","78,000,000","16,000,000","228,000,000","98,000,000","152,000,000","-140,000,000","161,000,000","5,000,000","131,000,000","205,000,000","112,000,000","11,000,000","115,000,000","-16,000,000","54,000,000","-91,000,000","-56,000,000","-120,000,000","321,000,000","34,000,000","112,000,000","162,000,000","278,000,000","93,000,000","57,000,000","48,000,000","333,000,000","61,000,000","86,000,000","227,000,000","159,000,000","76,000,000","55,000,000","119,000,000","113,000,000","26,000,000","66,000,000","106,000,000","246,000,000","24,000,000","42,399,000","74,887,000","102,298,000","21,385,000","63,505,000","150,964,000","175,633,000","121,045,000","154,661,000","184,298,000","190,622,000","73,512,000","93,778,000","127,000,000","157,800,000","95,800,000","100,431,000","129,600,000","133,400,000","70,000,000","80,572,000","92,500,000","93,800,000","50,900,000","28,137,000","60,900,000","85,300,000","33,000,000","43,326,000","67,700,000","59,700,000","11,800,000","20,331,000","58,600,000","58,500,000","41,800,000","45,800,000","43,900,000","41,900,000","38,000,000","27,100,000","26,900,000","23,500,000","26,000,000","8,800,000","15,700,000","10,600,000","-8,200,000","-4,600,000","23,000,000","23,500,000","5,100,000","8,200,000","24,600,000","19,200,000","19,600,000","16,100,000","26,600,000","15,100,000","200,000","9,000,000","20,400,000","600,000","-9,800,000","9,000,000","21,200,000","17,100,000","2,700,000","6,000,000","16,800,000"
			NetIncomeContinuousOperations,"977,000,000","68,000,000","446,000,000","348,000,000","116,000,000","-908,000,000","-1,157,000,000","-915,000,000","-94,000,000","513,000,000","659,000,000","741,000,000","387,000,000","654,000,000","615,000,000","733,000,000","463,000,000","1,888,000,000","503,000,000","746,000,000","351,000,000","522,000,000","388,000,000","820,000,000","511,000,000","536,000,000","584,000,000","608,000,000","453,000,000","190,000,000","329,000,000","465,000,000","152,000,000","212,000,000","259,000,000","224,000,000","59,000,000","78,000,000","16,000,000","228,000,000","98,000,000","152,000,000","-140,000,000","161,000,000","5,000,000","131,000,000","205,000,000","112,000,000","11,000,000","115,000,000","-16,000,000","54,000,000","-91,000,000","-56,000,000","-120,000,000","321,000,000","34,000,000","112,000,000","162,000,000","278,000,000","93,000,000","57,000,000","48,000,000","333,000,000","61,000,000","86,000,000","227,000,000","159,000,000","76,000,000","55,000,000","119,000,000","113,000,000","26,000,000","66,000,000","106,000,000","246,000,000","24,000,000","42,399,000","74,887,000","102,298,000","21,385,000","63,505,000","150,964,000","175,633,000","121,045,000","154,661,000","184,298,000","190,622,000","95,643,000","93,778,000","127,000,000","157,800,000","95,800,000","100,431,000","129,600,000","133,400,000","70,000,000","80,572,000","92,500,000","93,800,000","50,900,000","28,137,000","60,900,000","85,300,000","33,000,000","43,326,000","67,700,000","59,700,000","11,800,000","20,331,000","58,600,000","58,500,000","41,800,000","45,800,000","43,900,000","41,900,000","22,700,000","27,100,000","26,900,000","23,500,000","13,500,000","8,800,000","15,700,000","10,600,000","-8,200,000","-4,600,000","23,000,000","23,500,000","5,100,000","8,200,000","24,600,000","19,200,000","19,600,000","16,100,000","26,600,000","15,100,000","200,000","9,000,000","20,400,000","600,000","-9,800,000","9,000,000","21,200,000","17,100,000","2,700,000","6,000,000","16,800,000"
			NetIncomeExtraordinary,,,,,,,,,,,,,,,,,,,,,,,,,,,,,,,,,,,,,,,,,,,,,,,,,,,,,,,,,,,,,,,,,,,,,,,,,,,,,,,,,,"0","0","0","0","0","0","0","-22,131,000",,,,,,,,,,,,,,,,,,,,,,,,,"0",,,"15,300,000","0",,,"12,500,000",,,,,,,,,,,,,,,,,,,,,,,,,,
AverageDilutionEarnings,,,,,,,,,,,,,,,,,,,"0",,"0","0","1,000,000","1,000,000","1,000,000","1,000,000","1,000,000","1,000,000","1,000,000","1,000,000","1,000,000","1,000,000","1,000,000","1,000,000","1,000,000","1,000,000",,,,,,,,,,,,,,,,,,,,,,,,,,,,,,,,,,,,,,,,,,,,,,,,,,,,,,,,,,,,,,,,,,,,,,,,,,,,,,,,,,,,,,,,,,,,,,,,,,,,,,,,,,,,,,,
DilutedNIAvailtoComStockholders,"977,000,000","68,000,000","446,000,000","348,000,000","116,000,000","-908,000,000","-1,157,000,000","-915,000,000","-94,000,000","513,000,000","659,000,000","741,000,000","387,000,000","654,000,000","615,000,000","733,000,000","463,000,000","1,888,000,000","503,000,000","746,000,000","351,000,000","522,000,000","389,000,000","821,000,000","512,000,000","537,000,000","585,000,000","609,000,000","454,000,000","191,000,000","330,000,000","466,000,000","153,000,000","213,000,000","260,000,000","225,000,000","59,000,000","81,000,000","16,000,000","228,000,000","98,000,000","152,000,000","-140,000,000","161,000,000","5,000,000","131,000,000","205,000,000","112,000,000","11,000,000","115,000,000","-16,000,000","54,000,000","-91,000,000","-56,000,000","-120,000,000","321,000,000","34,000,000","112,000,000","162,000,000","278,000,000","93,000,000","57,000,000","48,000,000","333,000,000","61,000,000","86,000,000","227,000,000","159,000,000","76,000,000","55,000,000","119,000,000","113,000,000","26,000,000","66,000,000","106,000,000","246,000,000","24,000,000","42,399,000","74,887,000","102,298,000","21,385,000","63,505,000","150,964,000","175,633,000","121,045,000","154,661,000","184,298,000","190,622,000","73,512,000","93,778,000","127,000,000","157,800,000","95,800,000","100,431,000","129,600,000","133,400,000","70,000,000","80,572,000","92,500,000","93,800,000","50,900,000","28,137,000","60,900,000","85,300,000","33,000,000","43,326,000","67,700,000","59,700,000","11,800,000","20,331,000","58,600,000","58,500,000","41,800,000","45,800,000","43,900,000","41,900,000","38,000,000","27,100,000","26,900,000","23,500,000","26,000,000","8,800,000","15,700,000","10,600,000","-8,200,000","-4,600,000","23,000,000","23,500,000","5,100,000","8,200,000","24,600,000","19,200,000","19,600,000","16,100,000","26,600,000","15,100,000","200,000","9,000,000","20,400,000","600,000","-9,800,000","9,000,000","21,200,000","17,100,000","2,700,000","6,000,000","16,800,000"
BasicEPS,,"0.11","0.75","0.59","0.2","-1.54","-1.96","-1.63","-0.18","0.98","1.24","1.37","0.7","1.17","1.08","1.27","0.79","3.19","0.84","1.24","0.57","0.85","0.63","1.3","0.8","0.83","0.89","0.91","0.67","0.28","0.48","0.67","0.22","0.3","0.37","0.31","0.08","0.11","0.02","0.3","0.13",,"-0.18","0.21","0.01",,"0.27","0.15","0.01",,"-0.02","0.07","-0.12",,"-0.16","0.44","0.05",,"0.22","0.36","0.12",,"0.06","0.42","0.08",,"0.29","0.2","0.1",,"0.15","0.14","0.03",,"0.14","0.32","0.03",,"0.1","0.13","0.03",,"0.2","0.23","0.16",,"0.247","0.253","0.1",,"0.17","0.21","0.13",,"0.17","0.18","0.09",,"0.12","0.12","0.07",,"0.08","0.11","0.05",,"0.09","0.08","0.01",,"0.08","0.08","0.06",,"0.06","0.06","0.05",,"0.04","0.03","0.04",,"0.03","0.02","-0.01",,"0.03","0.04","0.01",,"0.03","0.03","0.03",,"0.04","0.02","0.01",,"0.03","0.01","-0.01",,"0.03","0.02","0.01",,"0.02"
DilutedEPS,,"0.11","0.73","0.57","0.19","-1.54","-1.96","-1.63","-0.18","0.98","1.23","1.37","0.7","1.17","1.08","1.27","0.79","3.18","0.84","1.23","0.57","0.84","0.62","1.28","0.79","0.82","0.88","0.9","0.66","0.28","0.48","0.67","0.22","0.3","0.37","0.31","0.08","0.11","0.02","0.3","0.13",,"-0.18","0.21","0.01",,"0.27","0.15","0.01",,"-0.02","0.07","-0.12",,"-0.16","0.44","0.05",,"0.22","0.36","0.12",,"0.06","0.4","0.07",,"0.28","0.2","0.09",,"0.15","0.14","0.03",,"0.13","0.3","0.03",,"0.09","0.13","0.03",,"0.19","0.22","0.15",,"0.233","0.24","0.093",,"0.16","0.19","0.12",,"0.17","0.17","0.09",,"0.12","0.12","0.07",,"0.08","0.11","0.05",,"0.09","0.08","0.01",,"0.08","0.08","0.06",,"0.06","0.06","0.05",,"0.04","0.03","0.04",,"0.03","0.02","-0.01",,"0.03","0.04","0.01",,"0.03","0.03","0.03",,"0.04","0.02","0.01",,"0.03","0.01","-0.01",,"0.03","0.02","0.01",,"0.02"
BasicAverageShares,,"592,000,000","592,000,000","591,000,000","591,000,000","590,000,000","590,000,000","563,000,000","515,000,000","525,000,000","533,000,000","542,000,000","551,000,000","560,000,000","569,000,000","578,000,000","587,000,000","592,000,000","597,000,000","604,000,000","613,000,000","617,000,000","618,000,000","632,000,000","641,000,000","648,000,000","655,000,000","665,000,000","674,000,000","677,000,000","683,000,000","690,000,000","698,000,000","699,000,000","703,000,000","714,000,000","725,000,000","735,000,000","739,000,000","757,000,000","771,000,000",,"792,000,000","780,000,000","748,000,000",,"746,000,000","745,000,000","743,000,000",,"742,000,000","741,000,000","740,000,000",,"736,000,000","732,000,000","733,000,000",,"739,000,000","769,000,000","786,000,000",,"789,000,000","798,000,000","803,000,000",,"789,000,000","786,000,000","784,000,000",,"781,000,000","784,000,000","785,000,000",,"784,000,000","780,000,000","778,000,000",,"773,353,000","772,012,000","769,369,000",,"763,811,000","762,139,000","760,225,000",,"748,648,500","745,942,500","745,735,500",,"747,058,824","751,428,571","736,923,077",,"762,352,941","741,111,111","777,777,778",,"770,833,333","781,666,667","727,142,857",,"761,250,000","775,454,545","660,000,000",,"752,222,222","746,250,000","741,817,617",,"732,500,000","731,250,000","696,666,667",,"731,666,667","698,333,333","760,000,000",,"672,500,000","783,333,333","650,000,000",,"523,333,333","530,000,000","820,000,000",,"766,666,667","587,500,000","510,000,000",,"820,000,000","640,000,000","653,333,333",,"665,000,000","755,000,000","732,592,204",,"680,000,000","732,592,204","732,592,204",,"706,666,667","855,000,000","732,592,204",,"840,000,000"
DilutedAverageShares,,"603,000,000","607,000,000","615,000,000","609,000,000","590,000,000","590,000,000","563,000,000","515,000,000","527,000,000","534,000,000","542,000,000","552,000,000","561,000,000","569,000,000","579,000,000","588,000,000","594,000,000","598,000,000","605,000,000","614,000,000","621,000,000","625,000,000","639,000,000","648,000,000","656,000,000","663,000,000","673,000,000","682,000,000","686,000,000","691,000,000","698,000,000","707,000,000","707,000,000","711,000,000","722,000,000","727,000,000","736,000,000","740,000,000","764,000,000","772,000,000",,"792,000,000","787,000,000","749,000,000",,"747,000,000","746,000,000","744,000,000",,"742,000,000","741,000,000","740,000,000",,"736,000,000","737,000,000","734,000,000",,"752,000,000","780,000,000","800,000,000",,"821,000,000","825,000,000","836,000,000",,"810,000,000","811,000,000","812,000,000",,"812,000,000","817,000,000","817,000,000",,"827,000,000","820,000,000","808,000,000",,"804,605,000","809,401,000","810,763,000",,"806,860,000","806,524,000","807,744,000",,"796,548,000","793,069,500","789,534,000",,"793,750,000","830,526,316","798,333,333",,"762,352,941","784,705,882","777,777,778",,"770,833,333","781,666,667","727,142,857",,"761,250,000","775,454,545","660,000,000",,"752,222,222","746,250,000","741,817,617",,"732,500,000","731,250,000","696,666,667",,"731,666,667","698,333,333","760,000,000",,"672,500,000","783,333,333","650,000,000",,"523,333,333","530,000,000","820,000,000",,"766,666,667","587,500,000","510,000,000",,"820,000,000","640,000,000","653,333,333",,"665,000,000","755,000,000","732,592,204",,"680,000,000","732,592,204","732,592,204",,"706,666,667","855,000,000","732,592,204",,"840,000,000"
TotalOperatingIncomeAsReported,"1,721,000,000","195,000,000","733,000,000","594,000,000","199,000,000","-1,168,000,000","-1,411,000,000","-1,127,000,000","-110,000,000","665,000,000","819,000,000","968,000,000","505,000,000","820,000,000","798,000,000","972,000,000","616,000,000","773,000,000","834,000,000","1,250,000,000","658,000,000","845,000,000","695,000,000","1,276,000,000","944,000,000","1,026,000,000","1,225,000,000","1,085,000,000","780,000,000","620,000,000","614,000,000","775,000,000","215,000,000","385,000,000","390,000,000","433,000,000","70,000,000","91,000,000","51,000,000","460,000,000","22,000,000","147,000,000","225,000,000","207,000,000","114,000,000","216,000,000","355,000,000","363,000,000","54,000,000","167,000,000","22,000,000","123,000,000","-50,000,000","69,000,000","86,000,000","205,000,000","88,000,000","127,000,000","251,000,000","328,000,000","84,000,000","174,000,000","261,000,000","402,000,000","98,000,000","164,000,000","273,000,000","277,000,000","106,000,000","119,000,000","191,000,000","197,000,000","46,000,000","111,000,000","185,000,000","140,000,000","46,000,000","87,833,000","91,141,000","188,999,000","49,365,000","37,117,000","92,986,000","290,862,000","210,157,000","251,070,000","300,109,000","314,558,000","155,408,000",,,,,,,,,,,,,,,,,,,,,,,,,,,,,,,,,,,,,,,,,,,,,,,,,,,,,,,,,,
RentExpenseSupplemental,"1,456,000,000","364,000,000","376,000,000","403,000,000","313,000,000","318,000,000","308,000,000","275,000,000","339,000,000","327,000,000","345,000,000","357,000,000","333,000,000","323,000,000","337,000,000","344,000,000","330,000,000","363,000,000","375,000,000","385,000,000","367,000,000","348,000,000","363,000,000","368,000,000","361,000,000","338,000,000","363,000,000","358,000,000","345,000,000","330,000,000","360,000,000","370,000,000","347,000,000","339,000,000","382,000,000","384,000,000","359,000,000","337,000,000","370,000,000","350,000,000","342,000,000","348,000,000","347,000,000","326,000,000","247,000,000","246,000,000","253,000,000","251,000,000","237,000,000","227,000,000","239,000,000","226,000,000","211,000,000","204,000,000","205,000,000","197,000,000","-209,000,000","-178,000,000","-183,000,000","-180,000,000","-175,000,000","-160,000,000","-167,000,000","-165,000,000","-160,000,000","-151,000,000","-154,000,000","-156,000,000","-156,000,000","-147,000,000","-149,000,000","-143,000,000","-148,000,000","-142,000,000","-141,000,000","-137,000,000","-135,000,000","-133,501,000","-133,175,000","-134,361,000","-130,615,000","-132,468,000","-127,561,000","-125,035,000","-118,063,000","-114,033,000","-119,030,000","-114,005,000","-114,366,000","-111,000,000","-112,300,000","-110,600,000","-107,800,000","-105,000,000","-106,300,000","-104,700,000","-101,000,000","-102,000,000","-102,400,000","-102,000,000","-99,400,000","-99,400,000","-97,200,000","-91,300,000","-90,400,000","-83,300,000","-86,000,000","-81,500,000","-78,900,000","-75,500,000","-70,600,000","-68,100,000",,,,,,,,,,,,,,,,,,,,,,,,,,,,,,,,,,,
TotalExpenses,"14,069,000,000","4,856,000,000","3,946,000,000","3,414,000,000","1,853,000,000","3,181,000,000","3,204,000,000","2,135,000,000","4,344,000,000","5,065,000,000","4,820,000,000","4,941,000,000","4,644,000,000","4,884,000,000","4,777,000,000","4,770,000,000","4,328,000,000","4,501,000,000","4,437,000,000","4,494,000,000","4,225,000,000","4,230,000,000","4,444,000,000","4,108,000,000","3,882,000,000","3,944,000,000","4,087,000,000","4,023,000,000","3,611,000,000","3,960,000,000","4,163,000,000","4,198,000,000","3,933,000,000","4,023,000,000","4,127,000,000","4,184,000,000","4,001,000,000","4,067,000,000","4,113,000,000","4,145,000,000","3,956,000,000","3,924,000,000","4,064,000,000","3,871,000,000","2,989,000,000","4,380,000,000","2,331,000,000","2,303,000,000","2,102,000,000","2,091,000,000","2,166,000,000","2,041,000,000","1,985,000,000","2,257,000,000","2,395,000,000","2,270,000,000","4,357,000,000","4,142,000,000","4,068,000,000","3,919,000,000","3,676,000,000","3,611,000,000","3,594,000,000","3,511,000,000","3,322,000,000","3,127,000,000","2,926,000,000","2,863,000,000","2,674,000,000","2,633,000,000","2,544,000,000","2,595,000,000","2,478,000,000","2,802,000,000","2,356,000,000","2,329,000,000","2,259,000,000","2,266,860,000","2,251,853,000","2,233,391,000","2,116,608,000","2,094,528,000","2,170,691,000","2,194,577,000","2,117,429,000","2,103,755,000","2,045,698,000","1,988,164,000","1,917,807,000","2,785,611,000","1,448,200,000","1,386,400,000","1,310,700,000","2,387,772,000","1,278,900,000","1,257,700,000","1,201,400,000","2,367,885,000","1,219,100,000","1,158,700,000","1,156,600,000","2,256,835,000","1,139,700,000","1,103,200,000","1,041,300,000","1,899,220,000","945,700,000","922,900,000","868,800,000","1,660,924,000","836,200,000","806,100,000","543,400,000","682,300,000","467,600,000","445,700,000","409,200,000","394,900,000","393,400,000","371,400,000","342,700,000","329,100,000","324,100,000","304,200,000","293,300,000","305,800,000","279,700,000","266,900,000","252,400,000","241,300,000","233,800,000","234,900,000","207,500,000",,,,,,,,,,,,,,
NetIncomeFromContinuingAndDiscontinuedOperation,"977,000,000","68,000,000","446,000,000","348,000,000","116,000,000","-908,000,000","-1,157,000,000","-915,000,000","-94,000,000","513,000,000","659,000,000","741,000,000","387,000,000","654,000,000","615,000,000","733,000,000","463,000,000","1,888,000,000","503,000,000","746,000,000","351,000,000","522,000,000","388,000,000","820,000,000","511,000,000","536,000,000","584,000,000","608,000,000","453,000,000","190,000,000","329,000,000","465,000,000","152,000,000","212,000,000","259,000,000","224,000,000","59,000,000","78,000,000","16,000,000","228,000,000","98,000,000","152,000,000","-140,000,000","161,000,000","5,000,000","131,000,000","205,000,000","112,000,000","11,000,000","115,000,000","-16,000,000","54,000,000","-91,000,000","-56,000,000","-120,000,000","321,000,000","34,000,000","112,000,000","162,000,000","278,000,000","93,000,000","57,000,000","48,000,000","333,000,000","61,000,000","86,000,000","227,000,000","159,000,000","76,000,000","55,000,000","119,000,000","113,000,000","26,000,000","66,000,000","106,000,000","246,000,000","24,000,000","42,399,000","74,887,000","102,298,000","21,385,000","63,505,000","150,964,000","175,633,000","121,045,000","154,661,000","184,298,000","190,622,000","95,643,000","93,778,000","127,000,000","157,800,000","95,800,000","100,431,000","129,600,000","133,400,000","70,000,000","80,572,000","92,500,000","93,800,000","50,900,000","28,137,000","60,900,000","85,300,000","33,000,000","43,326,000","67,700,000","59,700,000","11,800,000","20,331,000","58,600,000","58,500,000","41,800,000","45,800,000","43,900,000","41,900,000","22,700,000","27,100,000","26,900,000","23,500,000","13,500,000","8,800,000","15,700,000","10,600,000","-8,200,000","-4,600,000","23,000,000","23,500,000","5,100,000","8,200,000","24,600,000","19,200,000","19,600,000","16,100,000","26,600,000","15,100,000","200,000","9,000,000","20,400,000","600,000","-9,800,000","9,000,000","21,200,000","17,100,000","2,700,000","6,000,000","16,800,000"
NormalizedIncome,"955,627,000","68,000,000","466,070,000","335,526,000","125,528,000","-908,000,000","-1,157,000,000","-892,122,000","-76,918,000","513,000,000","659,000,000","741,000,000","387,000,000","654,000,000","615,000,000","736,056,000","463,000,000","1,906,000,000","527,168,000","793,212,000","413,964,000","534,259,579.728","428,820,000","792,953,000","583,105,000","643,579,693.034","758,028,000","666,468,000","487,485,000","407,142,857.143","384,176,000","491,789,000","130,750,000","241,921,921.922","241,696,000","269,041,000","38,342,000","46,176,000","103,750,000","273,228,260.87","1,232,704.403","82,400,000","124,513,274.336","125,250,000","43,350,000","111,319,248.826","196,972,891.566","200,869,565.217","13,588,235.294","80,000,000","-14,400,000","76,100,000","-71,439,252.336","31,710,843.373","54,850,000","111,652,173.913","-32,162,162.162","131,478,260.87","166,550,000","342,680,089.485","123,583,892.617","9,600,000","-70,153,846.154","397,660,194.175","49,562,500","57,544,117.647","273,880,434.783","134,156,250","68,000,000","-18,750,000","115,055,248.619","113,631,284.916","19,658,536.585","357,445,544.554","105,380,116.959","76,836,272.04","15,384,615.385","45,958,117.608","44,727,158.859","104,123,476.311","19,732,942.522","18,321,396.316","54,625,058.869","173,914,252.704","124,448,393.477","151,660,197.284","180,123,836.053","184,107,377.485","88,812,539.747","74,717,106.801","127,061,057.692","158,045,985.97","101,691,607.944","108,359,245.927","125,914,691.943","129,335,180.055","67,543,859.649","67,580,172.98","92,561,502.66","93,921,976.593","51,510,311.751","3,591,014.818","61,203,589.232","84,325,142.857","32,217,153.285","13,258,844.717","67,640,000","60,600,000","11,740,000","-16,441,800","58,539,649.846","58,439,752.832","40,597,122.302","44,000,000","43,600,000","40,664,011.799","20,906,267.03","25,830,679.157","25,735,763.098","21,659,268.93","12,886,363.636","7,250,704.225","14,056,976.744","9,282,840.237","-9,524,615.385","-5,302,777.778","20,290,410.959","22,871,657.754","2,167,500","5,758,778.626","17,368,503.937","14,594,594.595","10,254,304.636","16,100,000","26,600,000","15,100,000","200,000","9,000,000","20,400,000","600,000","-9,800,000","9,000,000","21,200,000","17,100,000","2,700,000","6,000,000","16,800,000"
InterestIncome,"13,000,000","7,000,000","2,000,000","2,000,000","2,000,000","2,000,000","4,000,000","9,000,000","17,000,000","20,000,000","23,000,000","24,000,000","23,000,000","22,000,000","20,000,000","15,000,000","12,000,000","11,000,000","9,000,000","8,000,000","7,000,000","7,000,000","6,000,000","6,000,000","5,000,000","4,000,000","2,000,000","2,000,000","1,000,000","2,000,000","2,000,000","2,000,000","2,000,000","1,000,000","1,000,000","2,000,000","2,000,000","2,000,000","2,000,000","2,000,000","2,000,000","2,000,000","1,000,000","4,000,000","3,000,000","3,000,000","2,000,000","9,000,000","3,000,000","2,000,000","3,000,000","3,000,000","10,000,000","13,000,000","13,000,000","11,000,000",,,,,,,,,,,,,,,,,,,,,,,,,,,,,,,,,,,,,,,,,,,,,,,,,,,,,,,,,,,,,,,,,,,,,,,,,,,,,,,,,,,,,,,,,,,
InterestExpense,"431,000,000","115,000,000","106,000,000","108,000,000","103,000,000","102,000,000","100,000,000","89,000,000","23,000,000","19,000,000","20,000,000","22,000,000","22,000,000","23,000,000","24,000,000","23,000,000","22,000,000","19,000,000","13,000,000","14,000,000","18,000,000","16,000,000","19,000,000","21,000,000","19,000,000","21,000,000","22,000,000","22,000,000","26,000,000","28,000,000","25,000,000","28,000,000","26,000,000","27,000,000","31,000,000","25,000,000","24,000,000","30,000,000","30,000,000","32,000,000","35,000,000","47,000,000","47,000,000","49,000,000","40,000,000","38,000,000","38,000,000","42,000,000","36,000,000","41,000,000","43,000,000","42,000,000","44,000,000","35,000,000","35,000,000","32,000,000",,,,,,,,,,,,,,,,,,,,,,,,,,,,,,,,,,,,,,,,,,,,,,,,,,,,,,,,,,,,,,,,,,,,,,,,,,,,,,,,,,,,,,,,,,,
NetInterestIncome,"-418,000,000","-108,000,000","-104,000,000","-106,000,000","-101,000,000","-100,000,000","-96,000,000","-80,000,000","-6,000,000","1,000,000","3,000,000","2,000,000","1,000,000","-1,000,000","-4,000,000","-8,000,000","-10,000,000","-8,000,000","-4,000,000","-6,000,000","-11,000,000","-9,000,000","-13,000,000","-15,000,000","-14,000,000","-17,000,000","-20,000,000","-20,000,000","-25,000,000","-26,000,000","-23,000,000","-26,000,000","-24,000,000","-26,000,000","-30,000,000","-23,000,000","-22,000,000","-28,000,000","-28,000,000","-30,000,000","-33,000,000","-45,000,000","-46,000,000","-45,000,000","-37,000,000","-35,000,000","-36,000,000","-33,000,000","-33,000,000","-39,000,000","-40,000,000","-39,000,000","-34,000,000","-22,000,000","-22,000,000","-21,000,000",,,,,,,,,,,,,,,,,,,,,,,,,,,,,,,,,,,,,,,,,,,,,,,,,,,,,,,,,,,,,,,,,,,,,,,,,,,,,,,,,,,,,,,,,,,
EBIT,"1,756,000,000","192,000,000","706,000,000","610,000,000","249,000,000","-1,229,000,000","-1,442,000,000","-1,150,000,000","-121,000,000","685,000,000","839,000,000","990,000,000","526,000,000","840,000,000","810,000,000","983,000,000","624,000,000","757,000,000","804,000,000","1,184,000,000","571,000,000","825,000,000","637,000,000","1,325,000,000","835,000,000","868,000,000","955,000,000","999,000,000","749,000,000","329,000,000","550,000,000","774,000,000","270,000,000","360,000,000","450,000,000","388,000,000","118,000,000","155,000,000","63,000,000","400,000,000","194,000,000","302,000,000","-179,000,000","324,000,000","58,000,000","251,000,000","370,000,000","226,000,000","53,000,000","225,000,000","23,000,000","92,000,000","-63,000,000","-48,000,000","-170,000,000","561,000,000","-1,827,000,000","-1,650,000,000","-1,480,000,000","-1,336,000,000","-1,478,000,000","-1,335,000,000","-1,252,000,000","-1,062,000,000","-1,303,000,000","-1,139,000,000","-937,000,000","-919,000,000","-1,011,000,000","-978,000,000","-870,000,000","-879,000,000","-994,000,000","-1,285,000,000","-803,000,000","-814,000,000","-908,000,000","-866,321,000","-860,662,000","-760,593,000","-859,365,000","-856,881,000","-835,566,000","-640,792,000","-688,812,000","-636,351,000","-566,864,000","-527,489,000","-675,160,000","-1,581,224,000","-213,000,000","-165,900,000","-235,100,000","-1,340,092,000","-184,000,000","-178,900,000","-258,800,000","-1,392,364,000","-221,900,000","-201,800,000","-269,500,000","-1,424,965,000","-248,200,000","-192,900,000","-268,800,000","-1,150,669,000","-180,700,000","-184,700,000","-247,800,000","-1,034,791,000","-150,900,000","-145,000,000","76,000,000","85,800,000","86,800,000","74,800,000","44,600,000","52,300,000","53,900,000","45,400,000","31,200,000","21,800,000","31,200,000","20,500,000","-10,500,000","-4,200,000","36,700,000","41,300,000","8,200,000","14,400,000","32,600,000","28,700,000","21,900,000","-548,700,000","239,100,000","216,900,000","178,600,000","-567,200,000","200,700,000","205,300,000","178,400,000","-498,700,000","207,600,000","193,900,000","173,300,000","-422,400,000","199,500,000"
EBITDA,"3,028,000,000"
ReconciledCostOfRevenue,"11,675,000,000","4,172,000,000","3,284,000,000","2,828,000,000","1,390,000,000","2,660,000,000","2,716,000,000","1,915,000,000","3,646,000,000","4,299,000,000","4,058,000,000","4,173,000,000","3,914,000,000","4,128,000,000","4,038,000,000","4,039,000,000","3,703,000,000","3,834,000,000","3,738,000,000","3,812,000,000","3,583,000,000","3,570,000,000","3,786,000,000","3,489,000,000","3,304,000,000","3,334,000,000","3,515,000,000","3,460,000,000","3,114,000,000","3,383,000,000","3,595,000,000","3,665,000,000","3,407,000,000","3,452,000,000","3,595,000,000","3,665,000,000","3,500,000,000","7,705,000,000","2,198,000,000","2,218,000,000","2,124,000,000","2,080,000,000","2,205,000,000","2,099,000,000","1,484,000,000","2,862,000,000","869,000,000","876,000,000","750,000,000","729,000,000","771,000,000","690,000,000","671,000,000","1,061,000,000","985,000,000","888,000,000","1,706,000,000","1,599,000,000","1,549,000,000","1,484,000,000","1,387,000,000","1,349,000,000","1,346,000,000","1,300,000,000","1,241,000,000","1,152,000,000","1,056,000,000","1,041,000,000","961,000,000","950,000,000","911,000,000","934,000,000","892,000,000","870,000,000","847,000,000","817,000,000","819,000,000","820,653,000","818,628,000","815,231,000","778,115,000","761,530,000","800,991,000","806,619,000","780,906,000","773,388,000","747,943,000","728,042,000","716,202,000","327,400,000","789,900,000","727,400,000","690,500,000","233,103,000","681,100,000","666,800,000","647,400,000","267,500,000","664,900,000","626,800,000","644,800,000","277,000,000","640,200,000","609,800,000","580,300,000","240,600,000","520,300,000","506,100,000","480,700,000","212,500,000","456,200,000","431,700,000","363,400,000","474,800,000","304,900,000","289,400,000","268,200,000","261,700,000","263,100,000","247,300,000","223,300,000","223,500,000","216,300,000","206,900,000","201,100,000","220,200,000","187,900,000","175,000,000","171,600,000","168,900,000","159,100,000","161,000,000","138,300,000",,,,,,,,,,,,,,
ReconciledDepreciation,"1,272,000,000","323,000,000","322,000,000","315,000,000","312,000,000","315,000,000","315,000,000","313,000,000","311,000,000","313,000,000","308,000,000","302,000,000","297,000,000","331,000,000","301,000,000","292,000,000","277,000,000","279,000,000","302,000,000","319,000,000","318,000,000","318,000,000","315,000,000","299,000,000","290,000,000","264,000,000","258,000,000","250,000,000","244,000,000","251,000,000","238,000,000","228,000,000","221,000,000","224,000,000","221,000,000","213,000,000","210,000,000","224,000,000","217,000,000","202,000,000","201,000,000","192,000,000","191,000,000","176,000,000","155,000,000","159,000,000","161,000,000","154,000,000","154,000,000","154,000,000","162,000,000","150,000,000","150,000,000","154,000,000","152,000,000","148,000,000","145,000,000","144,000,000","139,000,000","137,000,000","135,000,000","134,000,000","131,000,000","126,000,000","124,000,000","121,000,000","121,000,000","115,000,000","112,000,000","113,000,000","109,000,000","106,000,000","103,000,000","99,000,000","97,000,000","95,000,000","93,000,000","93,118,000","92,040,000","86,551,000","84,595,000","80,204,000","81,722,000","78,213,000","77,692,000","74,544,000","71,511,000","68,523,000","66,698,000","428,760,000","-63,800,000","-59,500,000","-56,800,000","390,812,000","-59,600,000","-54,000,000","-52,000,000","341,368,000","-49,900,000","-47,500,000","-48,400,000","319,770,000","-46,200,000","-46,100,000","-44,000,000","271,171,000","-38,800,000","-38,300,000","-37,300,000","241,645,000","-36,300,000","-33,800,000","-32,500,000","-36,100,000","-29,600,000","-27,400,000","-26,200,000","-27,100,000","-27,200,000","-24,600,000","-22,300,000","-23,400,000","-21,700,000","-20,800,000","-20,300,000","-20,300,000","-20,100,000","-19,900,000","-19,100,000","-19,000,000","-18,700,000","-17,700,000","-16,900,000",,,,,,,,,,,,,,
NetIncomeFromContinuingOperationNetMinorityInterest,"977,000,000","68,000,000","446,000,000","348,000,000","116,000,000","-908,000,000","-1,157,000,000","-915,000,000","-94,000,000","513,000,000","659,000,000","741,000,000","387,000,000","654,000,000","615,000,000","733,000,000","463,000,000","1,888,000,000","503,000,000","746,000,000","351,000,000","522,000,000","388,000,000","820,000,000","511,000,000","536,000,000","584,000,000","608,000,000","453,000,000","190,000,000","329,000,000","465,000,000","152,000,000","212,000,000","259,000,000","224,000,000","59,000,000","78,000,000","16,000,000","228,000,000","98,000,000","152,000,000","-140,000,000","161,000,000","5,000,000","131,000,000","205,000,000","112,000,000","11,000,000","115,000,000","-16,000,000","54,000,000","-91,000,000","-56,000,000","-120,000,000","321,000,000","34,000,000","112,000,000","162,000,000","278,000,000","93,000,000","57,000,000","48,000,000","333,000,000","61,000,000","86,000,000","227,000,000","159,000,000","76,000,000","55,000,000","119,000,000","113,000,000","26,000,000","66,000,000","106,000,000","246,000,000","24,000,000","42,399,000","74,887,000","102,298,000","21,385,000","63,505,000","150,964,000","175,633,000","121,045,000","154,661,000","184,298,000","190,622,000","95,643,000","93,778,000","127,000,000","157,800,000","95,800,000","100,431,000","129,600,000","133,400,000","70,000,000","80,572,000","92,500,000","93,800,000","50,900,000","28,137,000","60,900,000","85,300,000","33,000,000","43,326,000","67,700,000","59,700,000","11,800,000","20,331,000","58,600,000","58,500,000","41,800,000","45,800,000","43,900,000","41,900,000","22,700,000","27,100,000","26,900,000","23,500,000","13,500,000","8,800,000","15,700,000","10,600,000","-8,200,000","-4,600,000","23,000,000","23,500,000","5,100,000","8,200,000","24,600,000","19,200,000","19,600,000","16,100,000","26,600,000","15,100,000","200,000","9,000,000","20,400,000","600,000","-9,800,000","9,000,000","21,200,000","17,100,000","2,700,000","6,000,000","16,800,000"
TotalUnusualItemsExcludingGoodwill,"29,000,000",,"-27,000,000","18,000,000","-12,000,000",,,"-31,000,000","-26,000,000",,,,,,,"-4,000,000",,"-30,000,000","-38,000,000","-74,000,000","-99,000,000","-19,000,000","-65,000,000","43,000,000","-115,000,000","-170,000,000","-278,000,000","-94,000,000","-55,000,000","-344,000,000","-88,000,000","-43,000,000","34,000,000","-47,000,000","28,000,000","-73,000,000","33,000,000","51,000,000","-135,000,000","-73,000,000","157,000,000","116,000,000","-427,000,000","55,000,000","-59,000,000","32,000,000","13,000,000","-146,000,000","-4,000,000","56,000,000","-2,000,000","-34,000,000","-23,000,000","-130,000,000","-269,000,000","345,000,000","72,000,000","-32,000,000","-7,000,000","-104,000,000","-49,000,000","79,000,000","192,000,000","-100,000,000","18,000,000","45,000,000","-76,000,000","40,000,000","12,000,000","118,000,000","6,000,000","-1,000,000","10,000,000","-446,000,000","1,000,000","273,000,000","14,000,000","-5,366,000","50,070,000","-3,020,000","2,719,000","69,610,000","156,904,000","2,813,000","-5,525,000","4,840,000","6,819,000","10,624,000","11,139,000","31,080,000","-100,000","-400,000","-9,600,000","-12,908,000","6,000,000","6,600,000","4,000,000","20,858,000","-100,000","-200,000","-1,000,000","40,445,000","-500,000","1,600,000","1,300,000","48,606,000","100,000","-1,500,000","100,000","61,288,000","100,000","100,000","2,000,000","3,000,000","500,000","2,000,000","2,900,000","2,000,000","1,900,000","3,000,000","1,000,000","2,500,000","2,700,000","2,100,000","2,100,000","1,100,000","4,300,000","1,000,000","4,600,000","3,900,000","11,200,000","7,100,000","14,400,000",,,,,,,,,,,,,,
TotalUnusualItems,"29,000,000",,"-27,000,000","18,000,000","-12,000,000",,,"-31,000,000","-26,000,000",,,,,,,"-4,000,000",,"-30,000,000","-38,000,000","-74,000,000","-99,000,000","-19,000,000","-65,000,000","43,000,000","-115,000,000","-170,000,000","-278,000,000","-94,000,000","-55,000,000","-344,000,000","-88,000,000","-43,000,000","34,000,000","-47,000,000","28,000,000","-73,000,000","33,000,000","51,000,000","-135,000,000","-73,000,000","157,000,000","116,000,000","-427,000,000","55,000,000","-59,000,000","32,000,000","13,000,000","-146,000,000","-4,000,000","56,000,000","-2,000,000","-34,000,000","-23,000,000","-130,000,000","-269,000,000","345,000,000","72,000,000","-32,000,000","-7,000,000","-104,000,000","-49,000,000","79,000,000","192,000,000","-100,000,000","18,000,000","45,000,000","-76,000,000","40,000,000","12,000,000","118,000,000","6,000,000","-1,000,000","10,000,000","-446,000,000","1,000,000","273,000,000","14,000,000","-5,366,000","50,070,000","-3,020,000","2,719,000","69,610,000","156,904,000","2,813,000","-5,525,000","4,840,000","6,819,000","10,624,000","11,139,000","31,080,000","-100,000","-400,000","-9,600,000","-12,908,000","6,000,000","6,600,000","4,000,000","20,858,000","-100,000","-200,000","-1,000,000","40,445,000","-500,000","1,600,000","1,300,000","48,606,000","100,000","-1,500,000","100,000","61,288,000","100,000","100,000","2,000,000","3,000,000","500,000","2,000,000","2,900,000","2,000,000","1,900,000","3,000,000","1,000,000","2,500,000","2,700,000","2,100,000","2,100,000","1,100,000","4,300,000","1,000,000","4,600,000","3,900,000","11,200,000","7,100,000","14,400,000",,,,,,,,,,,,,,
NormalizedEBITDA,"2,999,000,000","515,000,000","1,055,000,000","907,000,000","573,000,000","-914,000,000","-1,127,000,000","-806,000,000","216,000,000","998,000,000","1,147,000,000","1,292,000,000","823,000,000","1,171,000,000","1,111,000,000","1,279,000,000","901,000,000","1,066,000,000","1,144,000,000","1,577,000,000","988,000,000","1,162,000,000","1,017,000,000","1,581,000,000","1,240,000,000","1,302,000,000","1,491,000,000","1,343,000,000","1,048,000,000","924,000,000","876,000,000","1,045,000,000","457,000,000","631,000,000","643,000,000","674,000,000","295,000,000","328,000,000","415,000,000","675,000,000","238,000,000","378,000,000","439,000,000","445,000,000","272,000,000","378,000,000","518,000,000","526,000,000","211,000,000","323,000,000","187,000,000","276,000,000","110,000,000","236,000,000","251,000,000","364,000,000","-1,754,000,000","-1,474,000,000","-1,333,000,000","-1,095,000,000","-1,294,000,000","-1,280,000,000","-1,313,000,000","-835,000,000","-1,197,000,000","-1,063,000,000","-740,000,000","-843,000,000","-911,000,000","-983,000,000","-767,000,000","-771,000,000","-901,000,000","-740,000,000","-707,000,000","-992,000,000","-829,000,000","-767,837,000","-818,692,000","-671,022,000","-777,489,000","-846,287,000","-910,748,000","-565,392,000","-605,595,000","-566,647,000","-502,172,000","-469,590,000","-619,601,000","-1,183,544,000","-149,100,000","-106,000,000","-168,700,000","-936,372,000","-130,400,000","-131,500,000","-210,800,000","-1,071,854,000","-171,900,000","-154,100,000","-220,100,000","-1,145,640,000","-201,500,000","-148,400,000","-226,100,000","-928,104,000","-142,000,000","-145,000,000","-210,600,000","-854,434,000","-114,700,000","-111,300,000","106,500,000","118,900,000","115,800,000","100,300,000","67,900,000","77,400,000","79,100,000","67,000,000","52,500,000","42,700,000","50,200,000","39,300,000","7,700,000","15,000,000","52,500,000","60,100,000","22,700,000","29,500,000","40,000,000","39,400,000","24,400,000","-548,700,000","239,100,000","216,900,000","178,600,000","-567,200,000","200,700,000","205,300,000","178,400,000","-498,700,000","207,600,000","193,900,000","173,300,000","-422,400,000","199,500,000"
TaxRateForCalcs,"0.263","0.117","0.257","0.307","0.206","0.318","0.25","0.262","0.343","0.23","0.195","0.235","0.231","0.2","0.217","0.236","0.231","0.4","0.364","0.362","0.364","0.355","0.372","0.371","0.373","0.367","0.374","0.378","0.373","0.369","0.373","0.377","0.375","0.363","0.382","0.383","0.374","0.376","0.35","0.38","0.384","0.4","0.381","0.35","0.35","0.385","0.383","0.391","0.353","0.375","0.2","0.35","0.15","0.325","0.35","0.393","0.081","0.391","0.35","0.378","0.376","0.4","0.385","0.353","0.365","0.368","0.383","0.379","0.333","0.375","0.343","0.369","0.366","0.347","0.38","0.38","0.385","0.337","0.398","0.396","0.392","0.351","0.386","0.389","0.384","0.38","0.388","0.387","0.387","0.387","0.389","0.385","0.386","0.386","0.386","0.384","0.386","0.377","0.385","0.39","0.39","0.393","0.393","0.391","0.398","0.381","0.4","0.4","0.4","0.4","0.396","0.398","0.399","0.4","0.4","0.382","0.381","0.365","0.387","0.386","0.386","0.38","0.391","0.373","0.369","0.361","0.37","0.372","0.363","0.374","0.354","0.351","0.351","0.4","0.4","0.4","0.4","0.4","0.4","0.4","0.4","0.4","0.4","0.4","0.4","0.4","0.4"
TaxEffectOfUnusualItems,"7,627,000","0","-6,930,000","5,526,000","-2,472,000","0","0","-8,122,000","-8,918,000","0","0","0","0","0","0","-944,000","0","-12,000,000","-13,832,000","-26,788,000","-36,036,000","-6,740,420.272","-24,180,000","15,953,000","-42,895,000","-62,420,306.966","-103,972,000","-35,532,000","-20,515,000","-126,857,142.857","-32,824,000","-16,211,000","12,750,000","-17,078,078.078","10,696,000","-27,959,000","12,342,000","19,176,000","-47,250,000","-27,771,739.13","60,232,704.403","46,400,000","-162,486,725.664","19,250,000","-20,650,000","12,319,248.826","4,972,891.566","-57,130,434.783","-1,411,764.706","21,000,000","-400,000","-11,900,000","-3,439,252.336","-42,289,156.627","-94,150,000","135,652,173.913","5,837,837.838","-12,521,739.13","-2,450,000","-39,319,910.515","-18,416,107.383","31,600,000","73,846,153.846","-35,339,805.825","6,562,500","16,544,117.647","-29,119,565.217","15,156,250","4,000,000","44,250,000","2,055,248.619","-368,715.084","3,658,536.585","-154,554,455.446","380,116.959","103,836,272.04","5,384,615.385","-1,806,882.392","19,910,158.859","-1,194,523.689","1,066,942.522","24,426,396.316","60,565,058.869","1,094,252.704","-2,121,606.523","1,839,197.284","2,644,836.053","4,109,377.485","4,308,539.747","12,019,106.801","-38,942.308","-154,014.03","-3,708,392.056","-4,979,754.073","2,314,691.943","2,535,180.055","1,543,859.649","7,866,172.98","-38,497.34","-78,023.407","-389,688.249","15,899,014.818","-196,410.768","625,142.857","517,153.285","18,538,844.717","40,000","-600,000","40,000","24,515,200","39,649.846","39,752.832","797,122.302","1,200,000","200,000","764,011.799","1,106,267.03","730,679.157","735,763.098","1,159,268.93","386,363.636","950,704.225","1,056,976.744","782,840.237","775,384.615","397,222.222","1,590,410.959","371,657.754","1,667,500","1,458,778.626","3,968,503.937","2,494,594.595","5,054,304.636","0","0","0","0","0","0","0","0","0","0","0","0","0","0"