name,ttm,12/31/2021,09/30/2021,06/30/2021,03/31/2021,12/31/2020,09/30/2020,06/30/2020,03/31/2020,12/31/2019,09/30/2019,06/30/2019,03/31/2019,12/31/2018,09/30/2018,06/30/2018,03/31/2018,12/31/2017,09/30/2017,06/30/2017,03/31/2017,12/31/2016,09/30/2016,06/30/2016,03/31/2016,12/31/2015,09/30/2015,06/30/2015,03/31/2015,12/31/2014,09/30/2014,06/30/2014,03/31/2014,12/31/2013,09/30/2013,06/30/2013,03/31/2013,12/31/2012,09/30/2012,06/30/2012,03/31/2012,12/31/2011,09/30/2011,06/30/2011,03/31/2011,12/31/2010,09/30/2010,06/30/2010,03/31/2010,12/31/2009,09/30/2009,06/30/2009,03/31/2009,12/31/2008,09/30/2008,06/30/2008,03/31/2008,12/31/2007,09/30/2007,06/30/2007,03/31/2007,12/31/2006,09/30/2006,06/30/2006,03/31/2006,12/31/2005,09/30/2005,06/30/2005,03/31/2005,12/31/2004,09/30/2004,06/30/2004,03/31/2004
TotalRevenue,"4,234,000,000","1,008,000,000","857,000,000","1,173,000,000","1,196,000,000","1,146,000,000","586,000,000","98,000,000","1,782,000,000","3,509,000,000","3,250,000,000","3,334,000,000","3,646,000,000","3,475,000,000","3,372,000,000","3,303,000,000","3,579,000,000","3,436,000,000","3,199,000,000","3,141,000,000","3,106,000,000","3,075,137,000","2,968,542,000","2,650,081,000","2,716,240,000","2,861,735,000","2,893,683,000","2,921,421,000","3,011,622,000","3,415,993,000","3,533,122,000","3,624,350,000","4,010,384,000","3,655,685,000","3,568,540,000","3,242,941,000","3,302,719,000","3,077,002,000","2,709,482,000","2,581,906,000","2,762,742,000","2,544,355,000","2,409,375,000","2,345,096,000","2,111,919,000","2,015,046,000","1,908,772,000","1,594,476,000","1,334,888,000","1,284,199,000","1,141,144,000","1,058,700,000","1,079,062,000","1,093,375,000","1,105,434,000","1,112,114,000","1,079,023,000","1,048,473,000","660,950,000","612,926,000","628,218,000","636,260,000","553,228,000","517,007,000","530,364,000","500,675,000","437,622,000","398,821,000","403,794,000","347,577,000","343,636,000","266,657,000","239,186,000"
	OperatingRevenue,"4,234,000,000","1,008,000,000","857,000,000","1,173,000,000","1,196,000,000","1,146,000,000","586,000,000","98,000,000","1,782,000,000","3,509,000,000","3,250,000,000","3,334,000,000","3,646,000,000","3,475,000,000","3,372,000,000","3,303,000,000","3,579,000,000","3,662,000,000","3,408,000,000","3,337,000,000","3,314,000,000","3,297,096,000","3,180,713,000","2,823,645,000","2,894,546,000","3,042,077,000","3,080,839,000","3,091,971,000","3,199,463,000","3,628,325,000","3,748,958,000","3,827,024,000","4,221,481,000","3,872,816,000","3,759,126,000","3,404,573,000","3,457,921,000","3,230,881,000","2,851,925,000","2,713,053,000","2,888,810,000","2,544,355,000","2,409,375,000","2,345,096,000","2,111,919,000","2,015,046,000","1,908,772,000","1,594,476,000","1,334,888,000","1,284,199,000","1,141,144,000","1,058,700,000","1,079,062,000","1,093,375,000","1,105,434,000","1,112,114,000","1,079,023,000","1,048,473,000","660,950,000","612,926,000","628,218,000","636,260,000","553,228,000","517,007,000","530,364,000","500,675,000","437,622,000","398,821,000","403,794,000","347,577,000","343,636,000","266,657,000","239,186,000"
CostOfRevenue,"2,626,000,000","603,000,000","584,000,000","711,000,000","728,000,000","722,000,000","503,000,000","372,000,000","1,011,000,000","1,717,000,000","1,602,000,000","1,689,000,000","1,824,000,000","1,792,000,000","1,722,000,000","1,706,000,000","1,754,000,000","1,720,000,000","1,612,000,000","1,561,000,000","1,592,000,000","1,574,469,000","1,447,381,000","1,355,562,000","1,459,588,000","1,472,244,000","1,499,334,000","1,562,251,000","1,583,261,000","1,779,114,000","1,883,875,000","1,942,556,000","2,139,875,000","2,043,650,000","1,912,059,000","1,772,941,000","1,787,807,000","1,710,613,000","1,498,354,000","1,426,145,000","1,434,463,000","1,372,554,000","1,217,881,000","1,203,305,000","1,128,937,000","1,069,494,000","1,040,553,000","938,144,000","826,996,000","2,876,873,000","0","0","684,549,000","711,040,000","732,239,000","679,717,000","645,756,000","635,662,000","416,973,000","350,923,000","342,285,000","327,488,000","291,297,000","277,781,000","267,549,000","258,405,000","228,263,000","198,375,000","188,409,000",,,,
GrossProfit,"1,608,000,000","405,000,000","273,000,000","462,000,000","468,000,000","424,000,000","83,000,000","-274,000,000","771,000,000","1,792,000,000","1,648,000,000","1,645,000,000","1,822,000,000","1,683,000,000","1,650,000,000","1,597,000,000","1,825,000,000","1,716,000,000","1,587,000,000","1,580,000,000","1,514,000,000","1,500,668,000","1,521,161,000","1,294,519,000","1,256,652,000","1,389,491,000","1,394,349,000","1,359,170,000","1,428,361,000","1,636,879,000","1,649,247,000","1,681,794,000","1,870,509,000","1,612,035,000","1,656,481,000","1,470,000,000","1,514,912,000","1,366,389,000","1,211,128,000","1,155,761,000","1,328,279,000","1,171,801,000","1,191,494,000","1,141,791,000","982,982,000","945,552,000","868,219,000","656,332,000","507,892,000","-1,592,674,000","1,141,144,000","1,058,700,000","394,513,000","382,335,000","373,195,000","432,397,000","433,267,000","412,811,000","243,977,000","262,003,000","285,933,000","308,772,000","261,931,000","239,226,000","262,815,000","242,270,000","209,359,000","200,446,000","215,385,000",,,,
OperatingExpense,"2,270,000,000","534,000,000","585,000,000","590,000,000","561,000,000","623,000,000","635,000,000","643,000,000","711,000,000","786,000,000","738,000,000","751,000,000","844,000,000","773,000,000","724,000,000","695,000,000","662,000,000","696,000,000","710,000,000","761,000,000","748,000,000","768,001,000","795,963,000","765,402,000","671,634,000","670,868,000","654,571,000","667,302,000","701,923,000","612,425,000","677,025,000","716,738,000","726,159,000","724,239,000","738,916,000","684,597,000","686,277,000","693,373,000","676,879,000","656,770,000","577,239,000","508,519,000","558,938,000","526,226,000","497,055,000","456,866,000","468,857,000","489,557,000","366,072,000","-1,654,911,000","1,078,762,000","1,078,870,000","358,234,000","416,714,000","345,000,000","359,115,000","336,702,000","279,246,000","264,771,000","175,770,000","154,927,000","142,448,000","128,453,000","113,811,000","113,935,000","100,782,000","100,875,000","86,303,000","90,049,000","-283,640,000","392,047,000","228,430,000","156,890,000"
	SellingGeneralAndAdministration,"1,042,000,000","206,000,000","287,000,000","275,000,000","274,000,000","272,000,000","296,000,000","315,000,000","378,000,000","444,000,000","423,000,000","427,000,000","521,000,000","462,000,000","421,000,000","401,000,000","401,000,000","403,000,000","409,000,000","397,000,000","380,000,000","401,200,000","369,222,000","423,750,000","345,828,000","362,111,000","351,605,000","360,167,000","369,701,000","288,847,000","384,205,000","372,655,000","387,176,000","398,906,000","419,333,000","354,350,000","346,686,000","225,411,000","363,321,000","361,102,000","319,131,000","246,303,000","320,669,000","294,149,000","270,688,000","249,137,000","241,455,000","261,797,000","195,892,000","230,269,000","180,254,000","237,814,000","197,590,000","235,028,000","211,655,000","233,652,000","212,276,000","194,854,000","206,554,000","138,728,000","121,171,000","130,146,000","95,359,000","81,066,000","78,681,000","74,356,000","72,631,000","65,364,000","68,921,000","231,574,000","45,040,000","39,799,000","36,393,000"
		GeneralAndAdministrativeExpense,"1,042,000,000","206,000,000","287,000,000","275,000,000","274,000,000","272,000,000","296,000,000","315,000,000","378,000,000","444,000,000","423,000,000","427,000,000","521,000,000","462,000,000","421,000,000","401,000,000","401,000,000","403,000,000","409,000,000","397,000,000","380,000,000","401,200,000","369,222,000","423,750,000","345,828,000","362,111,000","351,605,000","360,167,000","369,701,000","288,847,000","384,205,000","372,655,000","387,176,000","398,906,000","419,333,000","354,350,000","346,686,000","2,126,762,000",,,,"246,303,000","320,669,000","294,149,000","270,688,000","249,137,000","241,455,000","261,797,000","195,892,000","230,269,000","180,254,000","237,814,000","197,590,000",,,,,,,,,,,,,,,,,,,,
			RentAndLandingFees,,,,,,,,,,,,,,,,,,,,,,,,,,,,,,,,,,,,,,,,,,"10,033,000","10,143,000","10,034,000","13,156,000","10,612,000","9,186,000","12,806,000","8,698,000","7,402,000","6,691,000","7,877,000","7,929,000",,,,,,,,,,,,,,,,,,,,
			OtherGandA,"1,042,000,000","206,000,000","287,000,000","275,000,000","274,000,000","272,000,000","296,000,000","315,000,000","378,000,000","444,000,000","423,000,000","427,000,000","521,000,000","462,000,000","421,000,000","401,000,000","401,000,000","403,000,000","409,000,000","397,000,000","380,000,000","401,200,000","369,222,000","423,750,000","345,828,000","362,111,000","351,605,000","360,167,000","369,701,000","288,847,000","384,205,000","372,655,000","387,176,000","398,906,000","419,333,000","354,350,000","346,686,000","2,126,762,000",,,,"236,270,000","310,526,000","284,115,000","257,532,000","238,525,000","232,269,000","248,991,000","187,194,000","222,867,000","173,563,000","229,937,000","189,661,000",,,,,,,,,,,,,,,,,,,,
	ResearchAndDevelopment,"109,000,000","50,000,000","13,000,000","37,000,000","9,000,000","0","3,000,000","9,000,000","6,000,000","11,000,000","4,000,000","4,000,000","5,000,000","3,000,000","4,000,000","2,000,000","3,000,000","5,000,000","3,000,000","2,000,000","3,000,000","2,242,000","2,371,000","2,010,000","2,377,000","3,344,000","3,147,000","2,348,000","1,533,000","5,373,000","3,043,000","4,217,000","1,692,000","969,000","3,487,000","6,002,000","5,351,000","7,762,000","4,201,000","6,797,000","1,198,000","5,008,000","3,308,000","2,420,000","573,000","525,000","425,000","676,000","157,000","189,000","80,000","10,000","254,000","1,285,000","1,153,000","4,459,000","5,892,000","2,501,000","3,621,000","1,260,000","2,346,000",,"5,968,000","7,861,000","9,168,000",,,,,,"4,567,000","2,226,000","536,000"
	DepreciationAmortizationDepletionIncomeStatement,"1,097,000,000","280,000,000","276,000,000","272,000,000","269,000,000","307,000,000","306,000,000","298,000,000","304,000,000","305,000,000","298,000,000","303,000,000","310,000,000","298,000,000","292,000,000","283,000,000","273,000,000","267,000,000","274,000,000","336,000,000","331,000,000","327,879,000","287,479,000","264,219,000","269,423,000","258,292,000","257,435,000","258,077,000","263,760,000","265,970,000","261,088,000","274,056,000","271,073,000","264,993,000","258,947,000","261,156,000","262,724,000","290,486,000","226,538,000","220,440,000","194,747,000","197,935,000","200,071,000","206,161,000","190,237,000","184,450,000","186,738,000","170,694,000","153,089,000","154,482,000","148,677,000","143,633,000","139,249,000","142,233,000","132,239,000","119,101,000","113,413,000","81,295,000","54,309,000","35,721,000","31,232,000","34,595,000","26,743,000","24,428,000","25,005,000","26,512,000","27,722,000","21,097,000","19,965,000","17,703,000","19,346,000","16,856,000","15,527,000"
		DepreciationAndAmortizationInIncomeStatement,"1,097,000,000","280,000,000","276,000,000","272,000,000","269,000,000","307,000,000","306,000,000","298,000,000","304,000,000","305,000,000","298,000,000","303,000,000","310,000,000","298,000,000","292,000,000","283,000,000","273,000,000","267,000,000","274,000,000","336,000,000","331,000,000","327,879,000","287,479,000","264,219,000","269,423,000","258,292,000","257,435,000","258,077,000","263,760,000","265,970,000","261,088,000","274,056,000","271,073,000","264,993,000","258,947,000","261,156,000","262,724,000","290,486,000","226,538,000","220,440,000","194,747,000","197,935,000","200,071,000","206,161,000","190,237,000","184,450,000","186,738,000","170,694,000","153,089,000","154,482,000","148,677,000","143,633,000","139,249,000","142,233,000","132,239,000","119,101,000","113,413,000","81,295,000","54,309,000","35,721,000","31,232,000","34,595,000","26,743,000","24,428,000","25,005,000","26,512,000","27,722,000","21,097,000","19,965,000","17,703,000","19,346,000","16,856,000","15,527,000"
			DepreciationIncomeStatement,"1,097,000,000","280,000,000","276,000,000","272,000,000","269,000,000","307,000,000","306,000,000","298,000,000","304,000,000","305,000,000","298,000,000","303,000,000","310,000,000","298,000,000","292,000,000","283,000,000","273,000,000","267,000,000","274,000,000","336,000,000","331,000,000","327,879,000","287,479,000","264,219,000","269,423,000","258,292,000","257,435,000","258,077,000","263,760,000","265,970,000","261,088,000","274,056,000","271,073,000","264,993,000","258,947,000","261,156,000","262,724,000","260,470,000",,,,,,,,,,,,,,,,,,,,,,,,,,,,,,,,,,,
	ProvisionForDoubtfulAccounts,"3,000,000","-6,000,000","3,000,000","2,000,000","4,000,000","39,000,000","25,000,000","17,000,000","18,000,000","15,000,000","4,000,000","7,000,000","4,000,000","9,000,000","5,000,000","7,000,000","-16,000,000","19,000,000","23,000,000","22,000,000","32,000,000","34,380,000","51,030,000","42,193,000","45,397,000","29,472,000","32,757,000","36,056,000","57,350,000","44,032,000","31,103,000","49,669,000","61,918,000","55,678,000","55,371,000","62,058,000","64,679,000","55,935,000","72,805,000","58,374,000","52,218,000","57,949,000","33,953,000","23,496,000","35,058,000","24,776,000","37,833,000","18,711,000","16,442,000","32,813,000","29,272,000","20,707,000","21,010,000",,,,,,,,,,,,,,,,,,,,
	OtherOperatingExpenses,"19,000,000","4,000,000","6,000,000","4,000,000","5,000,000","5,000,000","5,000,000","4,000,000","5,000,000","11,000,000","9,000,000","10,000,000","4,000,000","1,000,000","2,000,000","2,000,000","1,000,000","2,000,000","1,000,000","4,000,000","2,000,000","2,300,000","85,861,000","33,230,000","8,609,000","17,649,000","9,627,000","10,654,000","9,579,000","8,203,000","-2,414,000","16,141,000","4,300,000","3,693,000","1,778,000","1,031,000","6,837,000","113,779,000","10,014,000","10,057,000","9,945,000","1,324,000","937,000","7,443,000","499,000","-2,022,000","2,406,000","37,679,000","492,000","-2,072,664,000","720,479,000","676,706,000","131,000","38,168,000","-47,000","1,903,000","5,121,000","596,000","287,000","61,000","178,000","704,000","383,000","456,000","1,081,000","-86,000","522,000","-158,000","1,163,000","-525,588,000","323,094,000","169,549,000","104,434,000"
OperatingIncome,"-662,000,000","-129,000,000","-312,000,000","-128,000,000","-93,000,000","-199,000,000","-552,000,000","-917,000,000","60,000,000","1,006,000,000","910,000,000","894,000,000","978,000,000","910,000,000","926,000,000","902,000,000","1,163,000,000","1,020,000,000","877,000,000","819,000,000","766,000,000","732,667,000","725,198,000","529,117,000","585,018,000","718,623,000","739,778,000","691,868,000","726,438,000","1,024,454,000","972,222,000","965,056,000","1,144,350,000","887,796,000","917,565,000","785,403,000","828,635,000","673,016,000","534,249,000","498,991,000","751,040,000","663,282,000","632,556,000","615,565,000","485,927,000","488,686,000","399,362,000","166,775,000","141,820,000","62,237,000","62,382,000","-20,170,000","36,279,000","-34,379,000","28,195,000","73,282,000","96,565,000","133,565,000","-20,794,000","86,233,000","131,006,000","166,324,000","133,478,000","125,415,000","148,880,000","141,488,000","108,484,000","114,143,000","125,336,000","89,496,000","-48,411,000","38,227,000","82,296,000"
NetNonOperatingInterestIncomeExpense,"-617,000,000","-151,000,000","-156,000,000","-157,000,000","-153,000,000","-149,000,000","-134,000,000","-114,000,000","-118,000,000","-117,000,000","-117,000,000","-126,000,000","-121,000,000","-115,000,000","-104,000,000","-84,000,000","-84,000,000","-82,000,000","-79,000,000","-75,000,000","-75,000,000","-72,454,000","-62,890,000","-62,035,000","-66,621,000","-63,715,000","-64,804,000","-61,739,000","-59,877,000","-58,152,000","-61,170,000","-63,893,000","-65,323,000","-61,597,000","-63,098,000","-65,140,000","-65,039,000","-60,531,000","-58,116,000","-57,641,000","-59,024,000","-62,061,000","-68,392,000","-66,564,000","-71,538,000","-72,358,000","-74,062,000","-74,914,000","-76,532,000","-96,085,000","-86,915,000","-62,179,000","-65,569,000",,,,,,,,,,,,,,,,,,,,
	InterestIncomeNonOperating,"4,000,000","1,000,000","1,000,000","1,000,000","1,000,000","1,000,000","3,000,000","4,000,000","13,000,000","17,000,000","20,000,000","17,000,000","20,000,000","23,000,000","22,000,000","9,000,000","5,000,000","5,000,000","4,000,000","4,000,000","3,000,000","3,672,000","2,299,000","2,002,000","2,027,000","2,487,000","2,158,000","4,062,000","6,378,000","8,534,000","5,609,000","5,697,000","5,803,000","5,489,000","3,819,000","3,236,000","3,793,000","6,536,000","4,176,000","6,892,000","5,648,000","5,950,000","2,369,000","4,028,000","2,047,000","2,580,000","2,661,000","2,073,000","1,633,000","1,282,000","1,599,000","2,692,000","5,549,000",,,,,,,,,,,,,,,,,,,,
	InterestExpenseNonOperating,"621,000,000","152,000,000","157,000,000","158,000,000","154,000,000","150,000,000","137,000,000","118,000,000","131,000,000","134,000,000","137,000,000","143,000,000","141,000,000","138,000,000","126,000,000","93,000,000","89,000,000","87,000,000","83,000,000","79,000,000","78,000,000","76,126,000","65,189,000","64,037,000","68,648,000","66,202,000","66,962,000","65,801,000","66,255,000","66,686,000","66,779,000","69,590,000","71,126,000","67,086,000","66,917,000","68,376,000","68,832,000","67,067,000","62,292,000","64,533,000","64,672,000","68,011,000","70,761,000","70,592,000","73,585,000","74,938,000","76,723,000","76,987,000","78,165,000","97,367,000","88,514,000","64,871,000","71,118,000",,,,,,,,,,,,,,,,,,,,
OtherIncomeExpense,"-195,000,000","-21,000,000","-153,000,000","-1,000,000","-20,000,000","-20,000,000","-62,000,000","-8,000,000","32,000,000","-41,000,000","-42,000,000","576,000,000","-28,000,000","-53,000,000","-40,000,000","-61,000,000","-34,000,000","-7,000,000","-40,000,000","-28,000,000","-44,000,000","-1,084,000","12,477,000","-17,934,000","-46,459,000","-17,689,000","15,566,000","-2,709,000","142,000","2,399,000","-2,684,000","-1,402,000","-23,146,000","-16,572,000","468,000","-869,000","-4,040,000","4,014,000","2,198,000","-115,884,000","-49,736,000","-17,125,000","-6,617,000","-5,535,000","-4,675,000","-2,055,000","-31,305,000","-5,240,000","-4,272,000","-44,694,000","-1,768,000","-150,402,000","-5,743,000","-35,419,000","7,256,000","-5,620,000","-1,011,000","-16,993,000","16,765,000","-13,070,000","-7,211,000","-363,000","-1,063,000","-470,000","-917,000","-102,000","-377,000","-5,299,000","-133,997,000","379,252,000",,"-1,371,000","-9,000"
	SpecialIncomeCharges,"-164,000,000","-9,000,000","-141,000,000","-11,000,000","-3,000,000","-12,000,000","-58,000,000","-5,000,000","-5,000,000","-72,000,000","-35,000,000","556,000,000","-7,000,000","-45,000,000","-56,000,000","-105,000,000","-8,000,000","7,000,000","-21,000,000","-3,000,000","-8,000,000","-65,159,000","-9,037,000","-10,416,000","612,000","-16,642,000","-709,000","-2,558,000","-15,323,000","-1,934,000","-2,779,000","-3,596,000","-18,489,000","-15,901,000","-2,739,000","-4,762,000","-1,932,000","-1,726,000","2,198,000","-115,884,000","-49,736,000","-17,125,000","-6,617,000","-5,535,000","-4,675,000","-2,055,000","-31,305,000","-5,240,000","-4,272,000","-44,694,000","-1,768,000","-150,402,000","-5,743,000","-35,419,000","7,256,000","-5,620,000","-1,011,000","-16,993,000","16,765,000","-13,070,000","-7,211,000","-363,000","-1,063,000","-470,000","-917,000","-102,000","-377,000","-5,299,000","-133,997,000","379,252,000","0","-1,371,000","-9,000"
		ImpairmentOfCapitalAssets,,,,,,,,,,,,,,,,,,,,,,,,,,,,,,,,,,,,,,,"0","100,781,000","42,893,000","0","0",,,"0","16,057,000","0",,"18,293,000","0","151,175,000",,,,,,,,,,,,,,,,,,,,,
		WriteOff,,,,,,,,,,,,,,,,,,,,,,,,,,,,,,,,,,"0","0","0","0","0",,,,,,,,,,,,,,,,,,,,,,,,,,,,,,,,,,,
		OtherSpecialCharges,"137,000,000","0","137,000,000",,,,,,,"0","24,000,000",,,"9,000,000","52,000,000",,"3,000,000","0",,,"5,000,000","1,584,000","3,416,000",,,,,,,"0","1,978,000",,"17,964,000","14,178,000",,,,"-514,000","-2,198,000","15,103,000","6,843,000","17,125,000","6,617,000",,,"2,055,000","15,248,000","5,240,000",,"26,401,000","1,768,000","-773,000",,,,,,,,,,,,,,,,,,,,,
		GainOnSaleOfBusiness,"0",,,,,"0","0","0",,"0","0","556,000,000",,,,,,,,,,,,,,,,,,,,,,,,,,,,,,,,,,,,,,,,,,,,,,,,,,,,,,,,,,,,,
		GainOnSaleOfPPE,"-27,000,000","-9,000,000","-4,000,000","-11,000,000","-3,000,000","-12,000,000","-58,000,000","-5,000,000","-5,000,000","-72,000,000","-11,000,000","0","-7,000,000","-36,000,000","-4,000,000","-105,000,000","-5,000,000","7,000,000","-21,000,000","-3,000,000","-3,000,000","-63,575,000","-5,621,000","-10,416,000","612,000","-16,642,000","-709,000","-2,558,000","-15,323,000","-1,934,000","-801,000","-3,596,000","-525,000","-1,723,000","-2,739,000","-4,762,000","-1,932,000","-1,011,000",,,,,,,,,,,,,,,,,,,,,,,,,,,,,,,,,,,
	OtherNonOperatingIncomeExpenses,"-31,000,000","-12,000,000","-12,000,000","10,000,000","-17,000,000","-8,000,000","-4,000,000","-3,000,000","37,000,000","31,000,000","-7,000,000","20,000,000","-21,000,000","-8,000,000","16,000,000","44,000,000","-26,000,000","-14,000,000","-19,000,000","-25,000,000","-36,000,000","64,075,000","21,514,000","-7,518,000","-47,071,000","-1,047,000","16,275,000","-151,000","15,465,000","4,333,000","95,000","2,194,000","-4,657,000","-671,000","3,207,000","3,893,000","-2,108,000","5,025,000",,,,,,,,,,,,,,,,,,,,,,,,,,,,,,,,,,,
PretaxIncome,"-1,474,000,000","-301,000,000","-621,000,000","-286,000,000","-266,000,000","-368,000,000","-748,000,000","-1,039,000,000","-26,000,000","848,000,000","751,000,000","1,344,000,000","829,000,000","742,000,000","782,000,000","757,000,000","1,045,000,000","931,000,000","758,000,000","716,000,000","647,000,000","659,129,000","674,785,000","449,148,000","471,938,000","637,219,000","690,540,000","627,420,000","666,703,000","968,701,000","908,368,000","899,761,000","1,055,881,000","809,627,000","854,935,000","719,394,000","759,556,000","616,499,000","478,331,000","325,466,000","642,280,000","584,096,000","557,547,000","543,466,000","409,714,000","414,273,000","293,995,000","86,621,000","61,016,000","-78,542,000","-26,301,000","-232,751,000","-35,033,000","-151,773,000","-51,916,000","-15,776,000","-8,560,000","45,546,000","-49,459,000","40,167,000","102,025,000","141,185,000","108,484,000","116,734,000","137,843,000","130,604,000","86,669,000","97,850,000","-27,187,000","55,520,000","-85,879,000","461,890,000","49,916,000"
TaxProvision,"-5,000,000","14,000,000","-27,000,000","-6,000,000","14,000,000","8,000,000","-17,000,000","-54,000,000","25,000,000","65,000,000","82,000,000","236,000,000","85,000,000","782,000,000","83,000,000","81,000,000","-571,000,000","-429,000,000","73,000,000","78,000,000","69,000,000","51,992,000","69,272,000","54,711,000","63,025,000","62,244,000","72,347,000","45,929,000","55,665,000","90,701,000","47,869,000","46,917,000","59,153,000","39,896,000","45,637,000","47,721,000","55,582,000","45,156,000","33,351,000","39,085,000","63,171,000","59,744,000","52,375,000","54,374,000","45,211,000","27,866,000","25,161,000","8,073,000","13,202,000","-4,525,000","54,316,000","-54,488,000","813,000","-40,167,000","-19,425,000","-2,782,000","2,674,000","5,663,000","-952,000","5,769,000","11,111,000","27,545,000","11,233,000","7,405,000","16,060,000","20,555,000","6,573,000","11,421,000","-34,299,000","-13,736,000","0","0","0"
NetIncomeCommonStockholders,"-961,000,000","-123,000,000","-368,000,000","-192,000,000","-278,000,000","-299,000,000","-565,000,000","-820,000,000","-1,000,000","629,000,000","533,000,000","954,000,000","582,000,000","-170,000,000","571,000,000","556,000,000","1,456,000,000","1,211,000,000","570,000,000","545,000,000","480,000,000","508,510,000","513,357,000","327,966,000","320,167,000","465,782,000","519,358,000","469,173,000","511,923,000","721,305,000","671,705,000","671,434,000","776,185,000","577,539,000","626,744,000","529,753,000","571,961,000","434,782,000","349,782,000","240,587,000","498,942,000","320,114,000","353,631,000","367,607,000","228,156,000","273,036,000","168,011,000","-4,679,000","-28,905,000","-113,914,000","-122,992,000","-222,248,000","-87,680,000","-111,320,000","-32,208,000","-8,796,000","-11,234,000","39,883,000","-48,507,000","34,398,000","90,914,000","113,640,000","97,251,000","109,329,000","121,783,000","110,049,000","80,096,000","86,429,000","7,112,000","69,256,000","-85,879,000","461,890,000","49,916,000"
	NetIncome,"-961,000,000","-123,000,000","-368,000,000","-192,000,000","-278,000,000","-299,000,000","-565,000,000","-820,000,000","-1,000,000","629,000,000","533,000,000","954,000,000","582,000,000","-170,000,000","571,000,000","556,000,000","1,456,000,000","1,211,000,000","570,000,000","545,000,000","480,000,000","508,510,000","513,357,000","327,966,000","320,167,000","465,782,000","519,358,000","469,173,000","511,923,000","721,305,000","671,705,000","671,434,000","776,185,000","577,539,000","626,744,000","529,753,000","571,961,000","434,782,000","349,782,000","240,587,000","498,942,000","435,284,000","424,879,000","410,637,000","289,323,000","325,509,000","214,497,000","41,807,000","17,581,000","-67,427,000","-76,506,000","-175,940,000","-35,846,000","-111,320,000","-32,208,000","-8,796,000","-11,234,000","39,883,000","-48,507,000","34,398,000","90,914,000","113,640,000","97,251,000","109,329,000","121,783,000","110,049,000","80,096,000","86,429,000","7,112,000","69,256,000","-85,879,000","461,890,000","49,916,000"
		NetIncomeIncludingNoncontrollingInterests,"-1,276,000,000","-197,000,000","-495,000,000","-242,000,000","-342,000,000","-376,000,000","-731,000,000","-985,000,000","-51,000,000","783,000,000","669,000,000","1,108,000,000","744,000,000","-40,000,000","699,000,000","676,000,000","1,616,000,000","1,360,000,000","685,000,000","638,000,000","578,000,000","607,137,000","605,513,000","394,437,000","408,913,000","574,975,000","618,193,000","581,491,000","611,038,000","878,000,000","860,499,000","852,844,000","996,728,000","769,731,000","809,298,000","671,673,000","703,974,000","571,343,000","444,980,000","286,381,000","579,109,000","524,352,000","505,172,000","489,092,000","364,503,000","386,407,000","268,834,000","78,548,000","47,814,000","-74,017,000","-80,617,000","-178,263,000","-37,086,000","-111,606,000","-32,491,000","-12,994,000","-11,234,000","39,883,000","-48,507,000","34,398,000","90,914,000","113,640,000","97,251,000","109,329,000","121,783,000","110,049,000","80,096,000","86,429,000","7,112,000","69,256,000","-85,879,000","461,890,000","49,916,000"
			NetIncomeContinuousOperations,"-1,469,000,000","-315,000,000","-594,000,000","-280,000,000","-280,000,000","-376,000,000","-731,000,000","-985,000,000","-51,000,000","783,000,000","669,000,000","1,108,000,000","744,000,000","-40,000,000","699,000,000","676,000,000","1,616,000,000","1,360,000,000","685,000,000","638,000,000","578,000,000","607,137,000","605,513,000","394,437,000","408,913,000","574,975,000","618,193,000","581,491,000","611,038,000","878,000,000","860,499,000","852,844,000","996,728,000","769,731,000","809,298,000","671,673,000","703,974,000","571,343,000","444,980,000","286,381,000","579,109,000","524,352,000","505,172,000","489,092,000","364,503,000","386,407,000","268,834,000","78,548,000","47,814,000","-74,017,000","-80,617,000","-178,263,000","-37,086,000","-111,320,000","-32,208,000","-8,796,000","-11,234,000","39,883,000","-48,507,000","34,398,000","90,914,000","113,640,000","97,251,000","109,329,000","121,783,000","110,049,000","80,096,000","86,429,000","7,112,000","69,256,000","-85,879,000","461,890,000","49,916,000"
			NetIncomeDiscontinuousOperations,"193,000,000","118,000,000","99,000,000","38,000,000","-62,000,000",,,,,,,,,,,,,,,,,,,,,,,,,,,,,,,,,,,,,,,,,,,,,,,,,,,,,,,,,,,,,,,,,,,,
		MinorityInterests,"315,000,000","74,000,000","127,000,000","50,000,000","64,000,000","77,000,000","166,000,000","165,000,000","50,000,000","-154,000,000","-136,000,000","-154,000,000","-162,000,000","-130,000,000","-128,000,000","-120,000,000","-160,000,000","-149,000,000","-115,000,000","-93,000,000","-98,000,000","-98,627,000","-92,156,000","-66,471,000","-88,746,000","-109,193,000","-98,835,000","-112,318,000","-99,115,000","-156,695,000","-188,794,000","-181,410,000","-220,543,000","-192,192,000","-182,554,000","-141,920,000","-132,013,000","-136,561,000","-95,198,000","-45,794,000","-80,167,000","-89,068,000","-80,293,000","-78,455,000","-75,180,000","-60,898,000","-54,337,000","-36,741,000","-30,233,000","6,590,000","4,111,000","2,323,000","1,240,000","286,000","283,000","4,198,000",,,,,,,,,,,,,,,,,
	PreferredStockDividends,,,,,,,,,,,,,,,,,,,,,,,,,,,,,,,,,,,,,,,,,,"5,967,000","19,140,000","19,219,000","19,598,000","22,757,000","23,350,000","23,350,000","23,350,000","23,350,000","23,350,000","23,172,000","29,938,000",,,,,,,,,,,,,,,,,,,,
	OtherunderPreferredStockDividend,,,,,,,,,,,,,,,,,,,,,,,,,,,,,,,,,,,,,,"0",,,,"109,203,000","52,108,000","23,811,000","41,569,000","29,716,000","23,136,000","23,136,000","23,136,000","23,137,000","23,136,000","23,136,000","21,896,000",,,,,,,,,,,,,,,,,,,,
DilutedNIAvailtoComStockholders,"-961,000,000","-123,000,000","-368,000,000","-192,000,000","-278,000,000","-299,000,000","-565,000,000","-820,000,000","-1,000,000","629,000,000","533,000,000","954,000,000","582,000,000","-170,000,000","571,000,000","556,000,000","1,456,000,000","1,211,000,000","570,000,000","545,000,000","480,000,000","508,510,000","513,357,000","327,966,000","320,167,000","465,782,000","519,358,000","469,173,000","511,923,000","721,305,000","671,705,000","671,434,000","776,185,000","577,539,000","626,744,000","529,753,000","571,961,000","434,782,000","349,782,000","240,587,000","498,942,000","320,114,000","353,631,000","367,607,000","228,156,000","273,036,000","168,011,000","-4,679,000","-28,905,000","-113,914,000","-122,992,000","-222,248,000","-87,680,000","-111,320,000","-32,208,000","-8,796,000","-11,234,000","39,883,000","-48,507,000","34,398,000","90,914,000","113,640,000","97,251,000","109,329,000","121,783,000","110,049,000","80,096,000","86,429,000","7,112,000","69,256,000","-85,879,000","461,890,000","49,916,000"
BasicEPS,,"-0.17","-0.48","-0.25","-0.36","-0.39","-0.74","-1.07","-0.001","0.82","0.69","1.24","0.75","-0.22","0.73","0.7","1.85","1.53","0.72","0.69","0.6","0.64","0.65","0.41","0.4","0.59","0.65","0.59","0.64","0.9","0.84","0.83","0.95","0.71","0.76","0.64","0.69","0.53","0.43","0.29","0.66",,"0.48","0.5","0.32",,"0.25","-0.01","-0.04",,"-0.19","-0.34","-0.14",,"-0.09","-0.02","-0.03",,"-0.14","0.1","0.26",,"0.27","0.31","0.34",,"0.23","0.24","0.02",,"-0.26","1.42","0.15"
DilutedEPS,,"-0.17","-0.48","-0.25","-0.36","-0.39","-0.74","-1.07","-0.001","0.82","0.69","1.24","0.75","-0.22","0.73","0.7","1.84","1.53","0.72","0.69","0.6","0.64","0.65","0.41","0.4","0.59","0.65","0.59","0.64","0.9","0.83","0.83","0.95","0.7","0.76","0.64","0.69","0.53","0.42","0.29","0.61",,"0.44","0.45","0.28",,"0.21","-0.01","-0.04",,"-0.19","-0.34","-0.14",,"-0.09","-0.02","-0.03",,"-0.14","0.1","0.26",,"0.27","0.31","0.34",,"0.23","0.24","0.02",,"-0.26","1.42","0.15"
BasicAverageShares,,"764,000,000","764,000,000","764,000,000","764,000,000","764,000,000","764,000,000","764,000,000","764,000,000","767,000,000","769,000,000","772,000,000","774,000,000","780,000,000","786,000,000","789,000,000","789,000,000","790,000,000","791,000,000","792,000,000","794,000,000","794,778,997","794,659,426","794,580,095","794,488,858","794,963,357","796,559,738","797,715,773","797,935,314","799,851,322","803,064,834","807,038,086","814,766,709","818,631,514","823,200,515","823,974,421","823,367,441","822,214,678","821,482,154","821,110,555","760,437,437",,"729,773,246","728,695,140","723,389,226",,"660,836,841","660,364,559","660,280,641",,"660,245,590","658,877,256","647,802,932",,"355,393,259","355,364,583","355,274,537",,"354,856,121","354,726,843","354,613,724",,"354,296,742","354,255,635","354,199,253",,"354,160,692","354,160,692","354,160,692",,"325,679,693","324,658,394","324,658,394"
DilutedAverageShares,,"764,000,000","764,000,000","764,000,000","764,000,000","764,000,000","764,000,000","764,000,000","764,000,000","768,000,000","769,000,000","772,000,000","775,000,000","780,000,000","787,000,000","790,000,000","790,000,000","791,000,000","792,000,000","792,000,000","795,000,000","795,077,689","795,136,252","795,050,014","795,032,018","795,653,442","797,302,248","798,552,917","798,877,040","801,465,931","804,810,589","809,224,051","817,537,615","822,314,351","826,965,340","827,901,261","827,452,691","826,662,036","825,606,248","826,102,326","818,797,155",,"812,543,534","811,274,706","811,239,242",,"789,156,247","660,364,559","660,280,641",,"660,245,590","658,877,256","647,802,932",,"355,393,259","355,364,583","355,274,537",,"354,856,121","355,896,858","356,114,292",,"355,220,167","355,259,487","354,592,597",,"354,445,509","354,795,833","355,029,968",,"325,679,693","325,040,683","325,190,459"
TotalOperatingIncomeAsReported,"-689,000,000","-138,000,000","-316,000,000","-139,000,000","-96,000,000","-211,000,000","-610,000,000","-922,000,000","55,000,000","934,000,000","899,000,000","894,000,000","971,000,000","874,000,000","922,000,000","797,000,000","1,158,000,000","1,027,000,000","856,000,000","816,000,000","763,000,000","669,092,000","719,577,000","518,701,000","585,630,000","701,981,000","739,069,000","689,310,000","711,115,000","1,022,520,000","971,421,000","961,460,000","1,143,825,000","886,073,000","914,826,000","780,641,000","826,703,000","672,005,000","534,095,000","397,728,000","707,554,000","663,282,000","632,556,000","608,122,000","485,927,000","488,686,000","383,305,000","166,775,000","141,820,000","43,944,000","62,382,000","-171,345,000","36,279,000","-34,379,000","28,195,000","73,282,000","96,565,000","133,565,000","-20,794,000","86,233,000","131,006,000","166,324,000","133,478,000","125,415,000","148,880,000","141,488,000","108,484,000","114,143,000","125,336,000","89,496,000","-48,411,000","495,087,000","82,296,000"
RentExpenseSupplemental,,,,,,,,,,,,,,,,,,,,,,,,,,,,,,,,,,,,,,,,,,"10,033,000","10,143,000","10,034,000","13,156,000","10,612,000","9,186,000","12,806,000","8,698,000","7,402,000","6,691,000","7,877,000","7,929,000",,,,,,,,,,,,,,,,,,,,
TotalExpenses,"4,896,000,000","1,137,000,000","1,169,000,000","1,301,000,000","1,289,000,000","1,345,000,000","1,138,000,000","1,015,000,000","1,722,000,000","2,503,000,000","2,340,000,000","2,440,000,000","2,668,000,000","2,565,000,000","2,446,000,000","2,401,000,000","2,416,000,000","2,416,000,000","2,322,000,000","2,322,000,000","2,340,000,000","2,342,470,000","2,243,344,000","2,120,964,000","2,131,222,000","2,143,112,000","2,153,905,000","2,229,553,000","2,285,184,000","2,391,539,000","2,560,900,000","2,659,294,000","2,866,034,000","2,767,889,000","2,650,975,000","2,457,538,000","2,474,084,000","2,403,986,000","2,175,233,000","2,082,915,000","2,011,702,000","1,881,073,000","1,776,819,000","1,729,531,000","1,625,992,000","1,526,360,000","1,509,410,000","1,427,701,000","1,193,068,000","1,221,962,000","1,078,762,000","1,078,870,000","1,042,783,000","1,127,754,000","1,077,239,000","1,038,832,000","982,458,000","914,908,000","681,744,000","526,693,000","497,212,000","469,936,000","419,750,000","391,592,000","381,484,000","359,187,000","329,138,000","284,678,000","278,458,000","258,081,000","392,047,000","228,430,000","156,890,000"
NetIncomeFromContinuingAndDiscontinuedOperation,"-961,000,000","-123,000,000","-368,000,000","-192,000,000","-278,000,000","-299,000,000","-565,000,000","-820,000,000","-1,000,000","629,000,000","533,000,000","954,000,000","582,000,000","-170,000,000","571,000,000","556,000,000","1,456,000,000","1,211,000,000","570,000,000","545,000,000","480,000,000","508,510,000","513,357,000","327,966,000","320,167,000","465,782,000","519,358,000","469,173,000","511,923,000","721,305,000","671,705,000","671,434,000","776,185,000","577,539,000","626,744,000","529,753,000","571,961,000","434,782,000","349,782,000","240,587,000","498,942,000","435,284,000","424,879,000","410,637,000","289,323,000","325,509,000","214,497,000","41,807,000","17,581,000","-67,427,000","-76,506,000","-175,940,000","-35,846,000","-111,320,000","-32,208,000","-8,796,000","-11,234,000","39,883,000","-48,507,000","34,398,000","90,914,000","113,640,000","97,251,000","109,329,000","121,783,000","110,049,000","80,096,000","86,429,000","7,112,000","69,256,000","-85,879,000","461,890,000","49,916,000"
NormalizedIncome,"-990,556,309.362","-234,430,000","-332,130,434.783","-219,231,000","-213,159,000","-290,240,000","-508,318,181.818","-815,259,865.255","2,650,000","695,481,132.075","564,185,000","495,856,000","588,279,000","-137,150,000","621,064,000","649,765,000","1,461,840,000","1,206,800,000","588,984,000","547,673,000","487,144,000","568,529,267.523","521,463,189","337,111,248","319,637,008","480,798,397.738","519,992,555","471,544,266","525,974,191","723,057,916.535","674,336,713","674,843,008","793,638,616","592,656,446.22","629,337,833","534,199,112.737","573,751,964","436,381,577.644","347,737,252.66","342,554,565.902","543,786,250.52","450,657,376.979","430,874,410.475","415,618,220.941","293,482,124.475","327,425,770.789","243,122,821.426","46,558,636.67","20,928,669.595","-25,307,932.52","-75,356,800","-60,747,748.512","-32,113,050","-85,274,702.655","-36,749,079.744","-4,167,052.231","-10,576,850","54,763,161.134","-64,949,302.816","45,590,816.491","97,339,688.351","113,932,179.198","98,203,931.428","109,769,185.636","122,593,160.915","110,134,946.816","80,444,408.22","91,109,503.536","87,510,200","-158,295,200","-85,879,000","463,261,000","49,925,000"
InterestIncome,"4,000,000","1,000,000","1,000,000","1,000,000","1,000,000","1,000,000","3,000,000","4,000,000","13,000,000","17,000,000","20,000,000","17,000,000","20,000,000","23,000,000","22,000,000","9,000,000","5,000,000","5,000,000","4,000,000","4,000,000","3,000,000","3,672,000","2,299,000","2,002,000","2,027,000","2,487,000","2,158,000","4,062,000","6,378,000","8,534,000","5,609,000","5,697,000","5,803,000","5,489,000","3,819,000","3,236,000","3,793,000","6,536,000","4,176,000","6,892,000","5,648,000","5,950,000","2,369,000","4,028,000","2,047,000","2,580,000","2,661,000","2,073,000","1,633,000","1,282,000","1,599,000","2,692,000","5,549,000",,,,,,,,,,,,,,,,,,,,
InterestExpense,"621,000,000","152,000,000","157,000,000","158,000,000","154,000,000","150,000,000","137,000,000","118,000,000","131,000,000","134,000,000","137,000,000","143,000,000","141,000,000","138,000,000","126,000,000","93,000,000","89,000,000","87,000,000","83,000,000","79,000,000","78,000,000","76,126,000","65,189,000","64,037,000","68,648,000","66,202,000","66,962,000","65,801,000","66,255,000","66,686,000","66,779,000","69,590,000","71,126,000","67,086,000","66,917,000","68,376,000","68,832,000","67,067,000","62,292,000","64,533,000","64,672,000","68,011,000","70,761,000","70,592,000","73,585,000","74,938,000","76,723,000","76,987,000","78,165,000","97,367,000","88,514,000","64,871,000","71,118,000",,,,,,,,,,,,,,,,,,,,
NetInterestIncome,"-617,000,000","-151,000,000","-156,000,000","-157,000,000","-153,000,000","-149,000,000","-134,000,000","-114,000,000","-118,000,000","-117,000,000","-117,000,000","-126,000,000","-121,000,000","-115,000,000","-104,000,000","-84,000,000","-84,000,000","-82,000,000","-79,000,000","-75,000,000","-75,000,000","-72,454,000","-62,890,000","-62,035,000","-66,621,000","-63,715,000","-64,804,000","-61,739,000","-59,877,000","-58,152,000","-61,170,000","-63,893,000","-65,323,000","-61,597,000","-63,098,000","-65,140,000","-65,039,000","-60,531,000","-58,116,000","-57,641,000","-59,024,000","-62,061,000","-68,392,000","-66,564,000","-71,538,000","-72,358,000","-74,062,000","-74,914,000","-76,532,000","-96,085,000","-86,915,000","-62,179,000","-65,569,000",,,,,,,,,,,,,,,,,,,,
EBIT,"-853,000,000","-149,000,000","-464,000,000","-128,000,000","-112,000,000","-218,000,000","-611,000,000","-921,000,000","105,000,000","982,000,000","888,000,000","1,487,000,000","970,000,000","880,000,000","908,000,000","850,000,000","1,134,000,000","1,018,000,000","841,000,000","795,000,000","725,000,000","735,255,000","739,974,000","513,185,000","540,586,000","703,421,000","757,502,000","693,221,000","732,958,000","1,035,387,000","975,147,000","969,351,000","1,127,007,000","876,713,000","921,852,000","787,770,000","828,388,000","683,566,000","540,623,000","389,999,000","706,952,000","652,107,000","628,308,000","614,058,000","483,299,000","489,211,000","370,718,000","163,608,000","139,181,000","18,825,000","62,213,000","-167,880,000","36,085,000","-34,379,000","28,195,000","73,282,000","96,565,000","133,565,000","-20,794,000","86,233,000","131,006,000","166,324,000","133,478,000","125,415,000","148,880,000","141,488,000","108,484,000","114,143,000","125,336,000","89,496,000","-48,411,000","38,227,000","82,296,000"
EBITDA,"244,000,000"
ReconciledCostOfRevenue,"2,626,000,000","603,000,000","584,000,000","711,000,000","728,000,000","722,000,000","503,000,000","372,000,000","1,011,000,000","1,717,000,000","1,602,000,000","1,689,000,000","1,824,000,000","1,792,000,000","1,722,000,000","1,706,000,000","1,754,000,000","1,720,000,000","1,612,000,000","1,561,000,000","1,592,000,000","1,574,469,000","1,447,381,000","1,355,562,000","1,459,588,000","1,472,244,000","1,499,334,000","1,562,251,000","1,583,261,000","1,779,114,000","1,883,875,000","1,942,556,000","2,139,875,000","2,043,650,000","1,912,059,000","1,772,941,000","1,787,807,000","1,710,613,000","1,518,356,000","1,416,088,000","1,424,518,000","1,372,554,000","1,217,881,000","1,203,305,000","1,128,937,000","1,069,494,000","1,040,553,000","946,842,000","818,298,000","2,849,862,000","0","6,490,000","678,059,000","692,457,000","722,120,000","664,706,000","630,460,000","621,640,000","404,344,000","340,135,000","334,191,000","323,254,000","288,614,000","276,394,000","266,647,000","257,487,000","227,345,000","197,261,000","186,859,000",,,,
ReconciledDepreciation,"1,097,000,000","280,000,000","276,000,000","272,000,000","269,000,000","307,000,000","306,000,000","298,000,000","304,000,000","305,000,000","298,000,000","303,000,000","310,000,000","298,000,000","292,000,000","283,000,000","273,000,000","267,000,000","274,000,000","336,000,000","331,000,000","327,879,000","287,479,000","264,219,000","269,423,000","258,292,000","257,435,000","258,077,000","263,760,000","265,970,000","261,088,000","274,056,000","271,073,000","264,993,000","258,947,000","261,156,000","262,724,000","290,486,000","206,536,000","230,497,000","204,692,000","197,935,000","200,071,000","206,161,000","190,237,000","184,450,000","186,738,000","161,996,000","161,787,000","181,493,000","148,677,000","137,143,000","145,739,000","160,816,000","142,358,000","134,112,000","128,709,000","95,317,000","66,938,000","46,509,000","39,326,000","38,829,000","29,426,000","25,815,000","25,907,000","27,430,000","28,640,000","22,211,000","21,515,000","25,979,000","17,962,000","16,856,000","15,527,000"
NetIncomeFromContinuingOperationNetMinorityInterest,"-1,154,000,000","-241,000,000","-467,000,000","-230,000,000","-216,000,000","-299,000,000","-565,000,000","-820,000,000","-1,000,000","629,000,000","533,000,000","954,000,000","582,000,000","-170,000,000","571,000,000","556,000,000","1,456,000,000","1,211,000,000","570,000,000","545,000,000","480,000,000","508,510,000","513,357,000","327,966,000","320,167,000","465,782,000","519,358,000","469,173,000","511,923,000","721,305,000","671,705,000","671,434,000","776,185,000","577,539,000","626,744,000","529,753,000","571,961,000","434,782,000","349,782,000","240,587,000","498,942,000","435,284,000","424,879,000","410,637,000","289,323,000","325,509,000","214,497,000","41,807,000","17,581,000","-67,427,000","-76,506,000","-175,940,000","-35,846,000","-111,320,000","-32,208,000","-8,796,000","-11,234,000","39,883,000","-48,507,000","34,398,000","90,914,000","113,640,000","97,251,000","109,329,000","121,783,000","110,049,000","80,096,000","86,429,000","7,112,000","69,256,000","-85,879,000","461,890,000","49,916,000"
TotalUnusualItemsExcludingGoodwill,"-164,000,000","-9,000,000","-141,000,000","-11,000,000","-3,000,000","-12,000,000","-58,000,000","-5,000,000","-5,000,000","-72,000,000","-35,000,000","556,000,000","-7,000,000","-45,000,000","-56,000,000","-105,000,000","-8,000,000","7,000,000","-21,000,000","-3,000,000","-8,000,000","-65,159,000","-9,037,000","-10,416,000","612,000","-16,642,000","-709,000","-2,558,000","-15,323,000","-1,934,000","-2,779,000","-3,596,000","-18,489,000","-15,901,000","-2,739,000","-4,762,000","-1,932,000","-1,726,000","2,198,000","-115,884,000","-49,736,000","-17,125,000","-6,617,000","-5,535,000","-4,675,000","-2,055,000","-31,305,000","-5,240,000","-4,272,000","-44,694,000","-1,768,000","-150,402,000","-5,743,000","-35,419,000","7,256,000","-5,620,000","-1,011,000","-16,993,000","16,765,000","-13,070,000","-7,211,000","-363,000","-1,063,000","-470,000","-917,000","-102,000","-377,000","-5,299,000","-133,997,000","379,252,000","0","-1,371,000","-9,000"
TotalUnusualItems,"-164,000,000","-9,000,000","-141,000,000","-11,000,000","-3,000,000","-12,000,000","-58,000,000","-5,000,000","-5,000,000","-72,000,000","-35,000,000","556,000,000","-7,000,000","-45,000,000","-56,000,000","-105,000,000","-8,000,000","7,000,000","-21,000,000","-3,000,000","-8,000,000","-65,159,000","-9,037,000","-10,416,000","612,000","-16,642,000","-709,000","-2,558,000","-15,323,000","-1,934,000","-2,779,000","-3,596,000","-18,489,000","-15,901,000","-2,739,000","-4,762,000","-1,932,000","-1,726,000","2,198,000","-115,884,000","-49,736,000","-17,125,000","-6,617,000","-5,535,000","-4,675,000","-2,055,000","-31,305,000","-5,240,000","-4,272,000","-44,694,000","-1,768,000","-150,402,000","-5,743,000","-35,419,000","7,256,000","-5,620,000","-1,011,000","-16,993,000","16,765,000","-13,070,000","-7,211,000","-363,000","-1,063,000","-470,000","-917,000","-102,000","-377,000","-5,299,000","-133,997,000","379,252,000","0","-1,371,000","-9,000"
NormalizedEBITDA,"408,000,000","140,000,000","-47,000,000","155,000,000","160,000,000","101,000,000","-247,000,000","-618,000,000","414,000,000","1,359,000,000","1,221,000,000","1,234,000,000","1,287,000,000","1,223,000,000","1,256,000,000","1,238,000,000","1,415,000,000","1,278,000,000","1,136,000,000","1,134,000,000","1,064,000,000","1,128,293,000","1,036,490,000","787,820,000","809,397,000","978,355,000","1,015,646,000","953,856,000","1,012,041,000","1,303,291,000","1,239,014,000","1,247,003,000","1,416,569,000","1,157,607,000","1,183,538,000","1,053,688,000","1,093,044,000","975,778,000","764,963,000","736,380,000","961,380,000","867,167,000","834,996,000","825,754,000","678,211,000","675,716,000","588,761,000","339,542,000","305,240,000","245,012,000","212,658,000","126,155,000","187,567,000","161,856,000","163,297,000","213,014,000","226,285,000","245,875,000","29,379,000","145,812,000","177,543,000","205,516,000","163,967,000","151,700,000","175,704,000","169,020,000","137,501,000","141,653,000","280,848,000","-263,777,000","-29,065,000","56,454,000","97,832,000"
TaxRateForCalcs,"0.003","0.27","0.043","0.021","0.053","0.27","0.023","0.052","0.27","0.077","0.109","0.176","0.103","0.27","0.106","0.107","0.27","0.4","0.096","0.109","0.107","0.079","0.103","0.122","0.134","0.098","0.105","0.073","0.083","0.094","0.053","0.052","0.056","0.049","0.053","0.066","0.073","0.073","0.07","0.12","0.098","0.102","0.094","0.1","0.11","0.067","0.086","0.093","0.216","0.058","0.35","0.234","0.35","0.265","0.374","0.176","0.35","0.124","0.019","0.144","0.109","0.195","0.104","0.063","0.117","0.157","0.076","0.117","0.4","0.4","0","0","0"
TaxEffectOfUnusualItems,"-556,309.362","-2,430,000","-6,130,434.783","-231,000","-159,000","-3,240,000","-1,318,181.818","-259,865.255","-1,350,000","-5,518,867.925","-3,815,000","97,856,000","-721,000","-12,150,000","-5,936,000","-11,235,000","-2,160,000","2,800,000","-2,016,000","-327,000","-856,000","-5,139,732.477","-930,811","-1,270,752","82,008","-1,625,602.262","-74,445","-186,734","-1,271,809","-181,083.465","-147,287","-186,992","-1,035,384","-783,553.78","-145,167","-315,887.263","-141,036","-126,422.356","153,252.66","-13,916,434.098","-4,891,749.48","-1,751,623.021","-621,589.525","-553,779.059","-515,875.525","-138,229.211","-2,679,178.574","-488,363.33","-924,330.405","-2,574,932.52","-618,800","-35,209,748.512","-2,010,050","-9,373,702.655","2,714,920.256","-991,052.231","-353,850","-2,112,838.866","322,697.184","-1,877,183.509","-785,311.649","-70,820.802","-110,068.572","-29,814.364","-106,839.085","-16,053.184","-28,591.78","-618,496.464","-53,598,800","151,700,800","0","0","0"