name,ttm,12/31/2021,09/30/2021,06/30/2021,03/31/2021,12/31/2020,09/30/2020,06/30/2020,03/31/2020,12/31/2019,09/30/2019,06/30/2019,03/31/2019,12/31/2018,09/30/2018,06/30/2018,03/31/2018,12/31/2017,09/30/2017,06/30/2017,03/31/2017,12/31/2016,09/30/2016,06/30/2016,03/31/2016,12/31/2015,09/30/2015,06/30/2015,03/31/2015,12/31/2014,09/30/2014,06/30/2014,03/31/2014,12/31/2013,09/30/2013,06/30/2013,03/31/2013,12/31/2012,09/30/2012,06/30/2012,03/31/2012,12/31/2011,09/30/2011,06/30/2011,03/31/2011,12/31/2010,09/30/2010,03/31/2010,12/31/2009,09/30/2009
TotalRevenue,"46,173,000,000","12,830,000,000","12,700,000,000","11,561,000,000","9,082,000,000","7,937,000,000","6,776,000,000","5,546,000,000","7,494,000,000","8,179,000,000","8,722,000,000","9,048,000,000","8,778,000,000","8,876,000,000","10,155,000,000","10,206,000,000","9,767,000,000","9,135,000,000","8,516,000,000","8,403,000,000","8,430,000,000","7,747,000,000","7,365,000,000","7,328,000,000","6,743,000,000","7,071,000,000","8,334,000,000","9,145,000,000","8,185,000,000","10,290,000,000","12,066,000,000","12,117,000,000","11,135,000,000","11,138,000,000","11,152,000,000","11,103,000,000","10,669,000,000","11,097,000,000","11,273,000,000","11,248,000,000","11,879,000,000","11,444,000,000","13,297,000,000","14,042,000,000","12,252,000,000","10,610,000,000","10,302,000,000","9,755,000,000","8,817,000,000","8,612,000,000"
	OperatingRevenue,"46,173,000,000","12,830,000,000","12,700,000,000","11,561,000,000","9,082,000,000","7,937,000,000","6,776,000,000","5,546,000,000","7,494,000,000","8,179,000,000","8,722,000,000","9,048,000,000","8,778,000,000","8,876,000,000","10,155,000,000","10,206,000,000","9,767,000,000","9,135,000,000","8,516,000,000","8,403,000,000","8,430,000,000","7,747,000,000","7,365,000,000","7,328,000,000","6,743,000,000","7,071,000,000","8,334,000,000","9,145,000,000","8,185,000,000","10,290,000,000","12,066,000,000","12,117,000,000","11,135,000,000","11,138,000,000","11,152,000,000","11,103,000,000","10,669,000,000","11,097,000,000","11,273,000,000","11,248,000,000","11,879,000,000","11,444,000,000","13,297,000,000","14,042,000,000","12,252,000,000","10,610,000,000","10,302,000,000","9,755,000,000","8,817,000,000","8,612,000,000"
CostOfRevenue,"37,397,000,000","10,934,000,000","10,109,000,000","8,676,000,000","7,678,000,000","6,712,000,000","5,885,000,000","4,894,000,000","6,868,000,000","7,044,000,000","7,269,000,000","7,542,000,000","7,446,000,000","7,728,000,000","8,499,000,000","8,290,000,000","8,012,000,000","7,528,000,000","6,939,000,000","6,601,000,000","6,991,000,000","6,420,000,000","5,903,000,000","5,702,000,000","5,166,000,000","5,792,000,000","6,465,000,000","7,047,000,000","6,379,000,000","8,989,000,000","10,118,000,000","10,255,000,000","9,577,000,000","9,601,000,000","9,690,000,000","9,496,000,000","9,153,000,000","9,832,000,000","9,670,000,000","9,561,000,000","10,670,000,000","10,958,000,000","11,538,000,000","12,474,000,000","10,943,000,000","9,415,000,000","9,075,000,000","9,130,000,000","8,466,000,000","7,956,000,000"
GrossProfit,"8,776,000,000","1,896,000,000","2,591,000,000","2,885,000,000","1,404,000,000","1,225,000,000","891,000,000","652,000,000","626,000,000","1,135,000,000","1,453,000,000","1,506,000,000","1,332,000,000","1,148,000,000","1,656,000,000","1,916,000,000","1,755,000,000","1,607,000,000","1,577,000,000","1,802,000,000","1,439,000,000","1,327,000,000","1,462,000,000","1,626,000,000","1,577,000,000","1,279,000,000","1,869,000,000","2,098,000,000","1,806,000,000","1,301,000,000","1,948,000,000","1,862,000,000","1,558,000,000","1,537,000,000","1,462,000,000","1,607,000,000","1,516,000,000","1,265,000,000","1,603,000,000","1,687,000,000","1,209,000,000","486,000,000","1,759,000,000","1,568,000,000","1,309,000,000","1,195,000,000","1,227,000,000","625,000,000","351,000,000","656,000,000"
OperatingExpense,"1,379,000,000","361,000,000","343,000,000","359,000,000","316,000,000","332,000,000","286,000,000","313,000,000","322,000,000","337,000,000","329,000,000","329,000,000","315,000,000","354,000,000","339,000,000","290,000,000","261,000,000","266,000,000","245,000,000","225,000,000","229,000,000","279,000,000","213,000,000","223,000,000","217,000,000","227,000,000","219,000,000","253,000,000","231,000,000","224,000,000","242,000,000","249,000,000","218,000,000","273,000,000","255,000,000","243,000,000","249,000,000","306,000,000","275,000,000","238,000,000","263,000,000","285,000,000","292,000,000","275,000,000","244,000,000","272,000,000","239,000,000","258,000,000","257,000,000","237,000,000"
	SellingGeneralAndAdministration,"1,255,000,000","328,000,000","313,000,000","327,000,000","287,000,000","298,000,000","259,000,000","288,000,000","295,000,000","307,000,000","303,000,000","302,000,000","287,000,000","326,000,000","309,000,000","261,000,000","233,000,000","237,000,000","218,000,000","200,000,000","204,000,000","253,000,000","188,000,000","199,000,000","193,000,000","201,000,000","194,000,000","228,000,000","205,000,000","194,000,000","211,000,000","215,000,000","186,000,000","229,000,000","220,000,000","208,000,000","213,000,000","249,000,000","236,000,000","201,000,000","224,000,000","231,000,000","239,000,000","247,000,000","211,000,000","231,000,000","204,000,000","217,000,000","217,000,000","199,000,000"
	ResearchAndDevelopment,"124,000,000","33,000,000","30,000,000","32,000,000","29,000,000","34,000,000","27,000,000","25,000,000","27,000,000","30,000,000","26,000,000","27,000,000","28,000,000","28,000,000","30,000,000","29,000,000","28,000,000","29,000,000","27,000,000","25,000,000","25,000,000","26,000,000","25,000,000","24,000,000","24,000,000","26,000,000","25,000,000","25,000,000","26,000,000","30,000,000","31,000,000","34,000,000","32,000,000","44,000,000","35,000,000","35,000,000","36,000,000","57,000,000","39,000,000","37,000,000","39,000,000","54,000,000","53,000,000","56,000,000","33,000,000","41,000,000","35,000,000","41,000,000","40,000,000","38,000,000"
	OtherOperatingExpenses,,,,,,,,,,,,,,,,,,,,,,,,,,,,,,,,,,,,,,,,,,,,"-28,000,000",,,,,,
OperatingIncome,"7,397,000,000","1,535,000,000","2,248,000,000","2,526,000,000","1,088,000,000","893,000,000","605,000,000","339,000,000","304,000,000","798,000,000","1,124,000,000","1,177,000,000","1,017,000,000","794,000,000","1,317,000,000","1,626,000,000","1,494,000,000","1,341,000,000","1,332,000,000","1,577,000,000","1,210,000,000","1,048,000,000","1,249,000,000","1,403,000,000","1,360,000,000","1,052,000,000","1,650,000,000","1,845,000,000","1,575,000,000","1,077,000,000","1,706,000,000","1,613,000,000","1,340,000,000","1,264,000,000","1,207,000,000","1,364,000,000","1,267,000,000","959,000,000","1,328,000,000","1,449,000,000","946,000,000","201,000,000","1,467,000,000","1,293,000,000","1,065,000,000","923,000,000","988,000,000","367,000,000","94,000,000","419,000,000"
NetNonOperatingInterestIncomeExpense,"-510,000,000","-152,000,000","-125,000,000","-125,000,000","-108,000,000","-188,000,000","-119,000,000","-121,000,000","-86,000,000","-85,000,000","-81,000,000","-76,000,000","-86,000,000","-83,000,000","-76,000,000","-76,000,000","-80,000,000","-86,000,000","-89,000,000","-91,000,000","-201,000,000","-81,000,000","-68,000,000","-79,000,000","-77,000,000","-70,000,000","-77,000,000","-72,000,000","-58,000,000","-65,000,000","-79,000,000","-89,000,000","-86,000,000","-84,000,000","-76,000,000","-65,000,000","-69,000,000","-69,000,000","-67,000,000","-409,000,000","-95,000,000","-511,000,000","-155,000,000","-164,000,000","-155,000,000","-222,000,000","-178,000,000","-409,000,000","-413,000,000","-441,000,000"
	InterestIncomeNonOperating,"9,000,000","1,000,000","1,000,000","5,000,000","2,000,000","2,000,000","3,000,000","4,000,000","3,000,000","3,000,000","5,000,000","5,000,000","6,000,000","5,000,000","14,000,000","15,000,000","11,000,000","9,000,000","5,000,000","4,000,000","6,000,000","4,000,000","4,000,000","4,000,000","5,000,000","7,000,000","8,000,000","7,000,000","11,000,000","7,000,000","13,000,000","7,000,000","6,000,000","3,000,000","5,000,000","5,000,000","2,000,000","5,000,000","4,000,000","2,000,000","4,000,000",,,"13,000,000","8,000,000","9,000,000","4,000,000","2,000,000","3,000,000","4,000,000"
	InterestExpenseNonOperating,"519,000,000","153,000,000","126,000,000","130,000,000","110,000,000","190,000,000","122,000,000","125,000,000","89,000,000","88,000,000","86,000,000","81,000,000","92,000,000","88,000,000","90,000,000","91,000,000","91,000,000","95,000,000","94,000,000","95,000,000","207,000,000","85,000,000","72,000,000","83,000,000","82,000,000","77,000,000","85,000,000","79,000,000","69,000,000","72,000,000","92,000,000","96,000,000","92,000,000","87,000,000","81,000,000","70,000,000","71,000,000","74,000,000","71,000,000","411,000,000","99,000,000","549,000,000","155,000,000","177,000,000","163,000,000","231,000,000","182,000,000","411,000,000","416,000,000","445,000,000"
	TotalOtherFinanceCost,,,,,,,,,,,,,,,,,,,,,,,,,,,,,,,,,,,,,,,,,,,,"164,000,000",,,,,,
OtherIncomeExpense,"-101,000,000","-517,000,000","92,000,000","162,000,000","162,000,000","191,000,000","-497,000,000","65,000,000",,"39,000,000","62,000,000","74,000,000","89,000,000","85,000,000","106,000,000","84,000,000","120,000,000","87,000,000","195,000,000","107,000,000","111,000,000","85,000,000","100,000,000","114,000,000","179,000,000","77,000,000","103,000,000","94,000,000","90,000,000","82,000,000","67,000,000","74,000,000","72,000,000","27,000,000","62,000,000","34,000,000","65,000,000","40,000,000","25,000,000","34,000,000","50,000,000","31,000,000","62,000,000","90,000,000","13,000,000","-539,000,000","-81,000,000","62,000,000","-1,086,000,000","-961,000,000"
	EarningsFromEquityInterest,"461,000,000","72,000,000","104,000,000","148,000,000","137,000,000","133,000,000","62,000,000","61,000,000","0","46,000,000","51,000,000","64,000,000","64,000,000","36,000,000","89,000,000","68,000,000","96,000,000","81,000,000","81,000,000","78,000,000","81,000,000","78,000,000","81,000,000","117,000,000","91,000,000","87,000,000","93,000,000","90,000,000","69,000,000","64,000,000","64,000,000","68,000,000","61,000,000","40,000,000","61,000,000","43,000,000","59,000,000","38,000,000","32,000,000","27,000,000","46,000,000","33,000,000","52,000,000","73,000,000","58,000,000","30,000,000","29,000,000","55,000,000","-15,000,000","-168,000,000"
	SpecialIncomeCharges,"-624,000,000","-624,000,000","0",,,"0","-582,000,000",,,,,,,,,,,,,,,,,,,,,,,,,,,"0",,,,"0","-7,000,000","7,000,000","4,000,000","-2,000,000","10,000,000","17,000,000","-45,000,000","-569,000,000","-110,000,000","7,000,000","-1,071,000,000","-793,000,000"
		RestructuringAndMergernAcquisition,,,,,,,,,,,,,,,,,,,,,,,,,,,,,,,,,,"0",,,,"0",,,,,,"28,000,000",,,,,,
		ImpairmentOfCapitalAssets,"624,000,000","624,000,000","0",,,"0","582,000,000",,,,,,,,,,,,,,,,,,,,,,,,,,,,,,,,,,,,,,,,,,,
		OtherSpecialCharges,,,,,,,,,,,,,,,,,,,,,,,,,,,,,,,,,,,,,,,,,,,,"-45,000,000",,,,,,
	OtherNonOperatingIncomeExpenses,"62,000,000","35,000,000","-12,000,000","14,000,000","25,000,000","58,000,000","23,000,000","4,000,000",,"-7,000,000","11,000,000","10,000,000","25,000,000","49,000,000","17,000,000","16,000,000","24,000,000","6,000,000","114,000,000","29,000,000","30,000,000","7,000,000","19,000,000","-3,000,000","88,000,000","-10,000,000","10,000,000","4,000,000","21,000,000","18,000,000","3,000,000","6,000,000","11,000,000","-12,000,000","1,000,000","-9,000,000","6,000,000","2,000,000",,,,,,,,,,,,
PretaxIncome,"6,786,000,000","866,000,000","2,215,000,000","2,563,000,000","1,142,000,000","896,000,000","-11,000,000","283,000,000","218,000,000","752,000,000","1,105,000,000","1,175,000,000","1,020,000,000","796,000,000","1,347,000,000","1,634,000,000","1,534,000,000","1,342,000,000","1,438,000,000","1,593,000,000","1,120,000,000","1,052,000,000","1,281,000,000","1,438,000,000","1,462,000,000","1,059,000,000","1,676,000,000","1,867,000,000","1,607,000,000","1,094,000,000","1,694,000,000","1,598,000,000","1,326,000,000","1,207,000,000","1,193,000,000","1,333,000,000","1,263,000,000","930,000,000","1,286,000,000","1,074,000,000","901,000,000","-310,000,000","1,384,000,000","1,191,000,000","923,000,000","162,000,000","721,000,000","20,000,000","-1,405,000,000","-983,000,000"
TaxProvision,"1,163,000,000","135,000,000","452,000,000","506,000,000","70,000,000","39,000,000","-125,000,000","-32,000,000","75,000,000","140,000,000","136,000,000","169,000,000","203,000,000","99,000,000","232,000,000","-21,000,000","303,000,000","-556,000,000","380,000,000","459,000,000","315,000,000","282,000,000","326,000,000","346,000,000","432,000,000","262,000,000","487,000,000","541,000,000","440,000,000","298,000,000","434,000,000","425,000,000","383,000,000","30,000,000","339,000,000","410,000,000","357,000,000","285,000,000","435,000,000","306,000,000","302,000,000","-92,000,000","489,000,000","388,000,000","263,000,000","-542,000,000","254,000,000","12,000,000","-560,000,000","-332,000,000"
NetIncomeCommonStockholders,"5,589,000,000","715,000,000","1,756,000,000","2,052,000,000","1,066,000,000","852,000,000","111,000,000","312,000,000","142,000,000","609,000,000","961,000,000","1,000,000,000","814,000,000","688,000,000","1,111,000,000","1,653,000,000","1,230,000,000","1,892,000,000","1,056,000,000","1,130,000,000","796,000,000","762,000,000","951,000,000","1,090,000,000","1,029,000,000","794,000,000","1,184,000,000","1,328,000,000","1,162,000,000","791,000,000","1,254,000,000","1,174,000,000","943,000,000","1,171,000,000","851,000,000","926,000,000","898,000,000","629,000,000","846,000,000","770,000,000","600,000,000","-215,000,000","895,000,000","804,000,000","663,000,000","771,000,000","474,000,000","10,000,000","-848,000,000","-650,000,000"
	NetIncome,"5,596,000,000","710,000,000","1,760,000,000","2,058,000,000","1,068,000,000","853,000,000","112,000,000","313,000,000","142,000,000","605,000,000","965,000,000","1,003,000,000","817,000,000","692,000,000","1,113,000,000","1,654,000,000","1,231,000,000","1,894,000,000","1,057,000,000","1,131,000,000","797,000,000","763,000,000","952,000,000","1,091,000,000","1,030,000,000","795,000,000","1,185,000,000","1,330,000,000","1,166,000,000","793,000,000","1,258,000,000","1,178,000,000","945,000,000","1,174,000,000","853,000,000","929,000,000","901,000,000","632,000,000","846,000,000","770,000,000","600,000,000","-215,000,000","895,000,000","804,000,000","663,000,000","771,000,000","474,000,000","10,000,000","-848,000,000","-650,000,000"
		NetIncomeIncludingNoncontrollingInterests,"5,617,000,000","726,000,000","1,762,000,000","2,059,000,000","1,070,000,000","855,000,000","114,000,000","314,000,000","144,000,000","612,000,000","965,000,000","1,003,000,000","817,000,000","692,000,000","1,113,000,000","1,654,000,000","1,231,000,000","1,894,000,000","1,056,000,000","1,130,000,000","797,000,000","763,000,000","953,000,000","1,091,000,000","1,030,000,000","795,000,000","1,186,000,000","1,329,000,000","1,164,000,000","791,000,000","1,257,000,000","1,176,000,000","944,000,000","1,175,000,000","851,000,000","927,000,000","900,000,000","623,000,000","844,000,000","768,000,000","599,000,000","-218,000,000","895,000,000","803,000,000","660,000,000","766,000,000","467,000,000","8,000,000","-844,000,000","-651,000,000"
			NetIncomeContinuousOperations,"5,623,000,000","731,000,000","1,763,000,000","2,057,000,000","1,072,000,000","857,000,000","114,000,000","315,000,000","143,000,000","612,000,000","969,000,000","1,006,000,000","817,000,000","697,000,000","1,115,000,000","1,655,000,000","1,231,000,000","1,898,000,000","1,058,000,000","1,134,000,000","805,000,000","770,000,000","955,000,000","1,092,000,000","1,030,000,000","797,000,000","1,189,000,000","1,326,000,000","1,167,000,000","796,000,000","1,260,000,000","1,173,000,000","943,000,000","1,177,000,000","854,000,000","923,000,000","906,000,000","645,000,000","851,000,000","768,000,000","599,000,000","-218,000,000","895,000,000","803,000,000","660,000,000","704,000,000","467,000,000","8,000,000","-845,000,000","-651,000,000"
			NetIncomeDiscontinuousOperations,"-6,000,000","-5,000,000","-1,000,000","2,000,000","-2,000,000","-2,000,000","0","-1,000,000","1,000,000","0","-4,000,000","-3,000,000",,"-5,000,000","-2,000,000","-1,000,000","0","-4,000,000","-2,000,000","-4,000,000","-8,000,000","-7,000,000","-2,000,000","-1,000,000","0","-2,000,000","-3,000,000","3,000,000","-3,000,000","-5,000,000","-3,000,000","3,000,000","1,000,000","-2,000,000","-3,000,000","4,000,000","-6,000,000","-22,000,000","-7,000,000","0",,,,"0",,,,,,
		MinorityInterests,"-21,000,000","-16,000,000","-2,000,000","-1,000,000","-2,000,000","-2,000,000","-2,000,000","-1,000,000","-2,000,000",,,,,"0","0",,"0","0","1,000,000","1,000,000","0","0","-1,000,000","0","0","0","-1,000,000","1,000,000","2,000,000","2,000,000","1,000,000","2,000,000","1,000,000","-1,000,000","2,000,000","2,000,000","1,000,000","9,000,000","2,000,000","2,000,000","1,000,000","3,000,000","0","1,000,000","3,000,000","5,000,000","7,000,000","2,000,000",,"1,000,000"
	OtherunderPreferredStockDividend,"7,000,000","-5,000,000","4,000,000","6,000,000","2,000,000","1,000,000","1,000,000","1,000,000",,"-4,000,000","4,000,000","3,000,000","3,000,000","4,000,000","2,000,000","1,000,000","1,000,000","2,000,000","1,000,000","1,000,000","1,000,000","1,000,000","1,000,000","1,000,000","1,000,000","1,000,000","1,000,000","2,000,000","4,000,000","2,000,000","4,000,000","4,000,000","2,000,000","3,000,000","2,000,000","3,000,000","3,000,000",,,,,,,,,,,,,
DilutedNIAvailtoComStockholders,"5,589,000,000","715,000,000","1,756,000,000","2,052,000,000","1,066,000,000","852,000,000","111,000,000","312,000,000","142,000,000","609,000,000","961,000,000","1,000,000,000","814,000,000","683,000,000","1,111,000,000","1,653,000,000","1,230,000,000","1,892,000,000","1,056,000,000","1,130,000,000","796,000,000","762,000,000","951,000,000","1,090,000,000","1,029,000,000","794,000,000","1,184,000,000","1,328,000,000","1,162,000,000","791,000,000","1,254,000,000","1,174,000,000","943,000,000","1,171,000,000","851,000,000","926,000,000","898,000,000","629,000,000","846,000,000","770,000,000","600,000,000","-215,000,000","895,000,000","804,000,000","663,000,000","771,000,000","474,000,000","10,000,000","-848,000,000","-650,000,000"
BasicEPS,,,"5.25","6.14","3.19",,"0.33","0.94","0.42",,"2.85","2.7","2.19",,"2.86","4.23","3.12","4.801","2.67","2.82","1.98","1.888","2.3","2.601","2.406","1.806","2.56","2.82","2.42","1.628","2.46","2.25","1.73","2.139","1.51","1.62","1.56","1.105","1.47","1.34","1.04",,"1.56","1.417","1.16",,"0.84","0.018",,"-1.15"
DilutedEPS,,,"5.25","6.13","3.18",,"0.33","0.94","0.42",,"2.85","2.7","2.19",,"2.85","4.22","3.11","4.79","2.67","2.81","1.98","1.87","2.3","2.56","2.37","1.78","2.54","2.82","2.41","1.54","2.45","2.23","1.72","2.11","1.5","1.61","1.55","1.09","1.46","1.33","1.04",,"1.51","1.38","1.15",,"0.84","0.018",,"-1.15"
BasicAverageShares,,,"334,000,000","334,000,000","334,000,000",,"334,000,000","334,000,000","334,000,000",,"337,000,000","370,000,000","372,000,000",,"389,000,000","391,000,000","394,000,000","394,512,054","395,000,000","401,000,000","403,000,000","404,046,331","413,000,000","419,381,566","428,158,354","440,150,069","462,000,000","472,000,000","479,000,000","486,969,402","509,000,000","523,000,000","544,000,000","548,824,138","563,000,000","574,000,000","574,000,000","572,010,676","573,000,000","574,795,762","572,000,000",,"570,000,000","567,491,020","566,000,000",,"564,000,000","564,000,000",,"564,000,000"
DilutedAverageShares,,,"334,000,000","335,000,000","334,000,000",,"334,000,000","334,000,000","334,000,000",,"337,000,000","370,000,000","372,000,000",,"390,000,000","392,000,000","395,000,000","395,000,000","395,000,000","402,000,000","403,000,000","407,000,000","414,000,000","425,000,000","434,000,000","446,000,000","463,000,000","472,000,000","481,000,000","499,000,000","512,000,000","527,000,000","548,000,000","555,000,000","567,000,000","578,000,000","578,000,000","578,000,000","577,000,000","577,000,000","575,000,000",,"575,000,000","575,000,000","569,000,000",,"565,000,000","564,000,000",,"564,000,000"
TotalOperatingIncomeAsReported,"6,773,000,000","911,000,000","2,248,000,000","2,526,000,000","1,088,000,000","893,000,000","23,000,000","339,000,000","304,000,000","798,000,000","1,124,000,000","1,177,000,000","1,017,000,000","794,000,000","1,317,000,000","1,626,000,000","1,494,000,000","1,341,000,000","1,332,000,000","1,577,000,000","1,210,000,000","1,048,000,000","1,249,000,000","1,403,000,000","1,360,000,000","1,052,000,000","1,650,000,000","1,845,000,000","1,575,000,000","1,077,000,000","1,706,000,000","1,613,000,000","1,340,000,000","1,264,000,000","1,207,000,000","1,364,000,000","1,267,000,000","959,000,000","1,328,000,000","1,449,000,000","946,000,000","201,000,000","1,467,000,000","1,265,000,000","1,065,000,000","844,000,000","988,000,000","367,000,000","-50,000,000","419,000,000"
TotalExpenses,"38,776,000,000","11,295,000,000","10,452,000,000","9,035,000,000","7,994,000,000","7,044,000,000","6,171,000,000","5,207,000,000","7,190,000,000","7,381,000,000","7,598,000,000","7,871,000,000","7,761,000,000","8,082,000,000","8,838,000,000","8,580,000,000","8,273,000,000","7,794,000,000","7,184,000,000","6,826,000,000","7,220,000,000","6,699,000,000","6,116,000,000","5,925,000,000","5,383,000,000","6,019,000,000","6,684,000,000","7,300,000,000","6,610,000,000","9,213,000,000","10,360,000,000","10,504,000,000","9,795,000,000","9,874,000,000","9,945,000,000","9,739,000,000","9,402,000,000","10,138,000,000","9,945,000,000","9,799,000,000","10,933,000,000","11,243,000,000","11,830,000,000","12,749,000,000","11,187,000,000","9,687,000,000","9,314,000,000","9,388,000,000","8,723,000,000","8,193,000,000"
NetIncomeFromContinuingAndDiscontinuedOperation,"5,596,000,000","710,000,000","1,760,000,000","2,058,000,000","1,068,000,000","853,000,000","112,000,000","313,000,000","142,000,000","605,000,000","965,000,000","1,003,000,000","817,000,000","692,000,000","1,113,000,000","1,654,000,000","1,231,000,000","1,894,000,000","1,057,000,000","1,131,000,000","797,000,000","763,000,000","952,000,000","1,091,000,000","1,030,000,000","795,000,000","1,185,000,000","1,330,000,000","1,166,000,000","793,000,000","1,258,000,000","1,178,000,000","945,000,000","1,174,000,000","853,000,000","929,000,000","901,000,000","632,000,000","846,000,000","770,000,000","600,000,000","-215,000,000","895,000,000","804,000,000","663,000,000","771,000,000","474,000,000","10,000,000","-848,000,000","-650,000,000"
NormalizedIncome,"6,119,296,000","1,241,725,173.21","1,761,000,000","2,056,000,000","1,070,000,000","855,000,000","536,860,000","314,000,000","141,000,000","605,000,000","969,000,000","1,006,000,000","817,000,000","697,000,000","1,115,000,000","1,655,000,000","1,231,000,000","1,898,000,000","1,059,000,000","1,135,000,000","805,000,000","770,000,000","954,000,000","1,092,000,000","1,030,000,000","797,000,000","1,188,000,000","1,327,000,000","1,169,000,000","798,000,000","1,261,000,000","1,175,000,000","944,000,000","1,176,000,000","856,000,000","925,000,000","907,000,000","654,000,000","857,632,192.846","764,994,413.408","597,340,732.519","-213,593,548.387","888,533,236.994","792,538,203.191","695,177,681.473","1,078,850,000","545,248,266.297","5,450,000","-204,875,444.84","-124,829,094.608"
InterestIncome,"9,000,000","1,000,000","1,000,000","5,000,000","2,000,000","2,000,000","3,000,000","4,000,000","3,000,000","3,000,000","5,000,000","5,000,000","6,000,000","5,000,000","14,000,000","15,000,000","11,000,000","9,000,000","5,000,000","4,000,000","6,000,000","4,000,000","4,000,000","4,000,000","5,000,000","7,000,000","8,000,000","7,000,000","11,000,000","7,000,000","13,000,000","7,000,000","6,000,000","3,000,000","5,000,000","5,000,000","2,000,000","5,000,000","4,000,000","2,000,000","4,000,000",,,"13,000,000","8,000,000","9,000,000","4,000,000","2,000,000","3,000,000","4,000,000"
InterestExpense,"519,000,000","153,000,000","126,000,000","130,000,000","110,000,000","190,000,000","122,000,000","125,000,000","89,000,000","88,000,000","86,000,000","81,000,000","92,000,000","88,000,000","90,000,000","91,000,000","91,000,000","95,000,000","94,000,000","95,000,000","207,000,000","85,000,000","72,000,000","83,000,000","82,000,000","77,000,000","85,000,000","79,000,000","69,000,000","72,000,000","92,000,000","96,000,000","92,000,000","87,000,000","81,000,000","70,000,000","71,000,000","74,000,000","71,000,000","411,000,000","99,000,000","549,000,000","155,000,000","177,000,000","163,000,000","231,000,000","182,000,000","411,000,000","416,000,000","445,000,000"
NetInterestIncome,"-510,000,000","-152,000,000","-125,000,000","-125,000,000","-108,000,000","-188,000,000","-119,000,000","-121,000,000","-86,000,000","-85,000,000","-81,000,000","-76,000,000","-86,000,000","-83,000,000","-76,000,000","-76,000,000","-80,000,000","-86,000,000","-89,000,000","-91,000,000","-201,000,000","-81,000,000","-68,000,000","-79,000,000","-77,000,000","-70,000,000","-77,000,000","-72,000,000","-58,000,000","-65,000,000","-79,000,000","-89,000,000","-86,000,000","-84,000,000","-76,000,000","-65,000,000","-69,000,000","-69,000,000","-67,000,000","-409,000,000","-95,000,000","-511,000,000","-155,000,000","-164,000,000","-155,000,000","-222,000,000","-178,000,000","-409,000,000","-413,000,000","-441,000,000"
EBIT,"7,305,000,000","1,019,000,000","2,341,000,000","2,693,000,000","1,252,000,000","1,086,000,000","111,000,000","408,000,000","307,000,000","840,000,000","1,191,000,000","1,256,000,000","1,112,000,000","884,000,000","1,437,000,000","1,725,000,000","1,625,000,000","1,437,000,000","1,532,000,000","1,688,000,000","1,327,000,000","1,137,000,000","1,353,000,000","1,521,000,000","1,544,000,000","1,136,000,000","1,761,000,000","1,946,000,000","1,676,000,000","1,166,000,000","1,786,000,000","1,694,000,000","1,418,000,000","1,294,000,000","1,274,000,000","1,403,000,000","1,334,000,000","1,004,000,000","1,357,000,000","1,485,000,000","1,000,000,000","239,000,000","1,539,000,000","1,368,000,000","1,086,000,000","393,000,000","903,000,000","431,000,000","-989,000,000","-538,000,000"
EBITDA,"8,698,000,000"
ReconciledCostOfRevenue,"37,397,000,000","10,934,000,000","10,109,000,000","8,676,000,000","7,678,000,000","6,712,000,000","5,885,000,000","4,894,000,000","6,868,000,000","7,044,000,000","7,269,000,000","7,542,000,000","7,446,000,000","7,728,000,000","8,499,000,000","8,290,000,000","8,012,000,000","7,528,000,000","6,939,000,000","6,601,000,000","6,991,000,000","6,420,000,000","5,903,000,000","5,702,000,000","5,166,000,000","5,792,000,000","6,465,000,000","7,047,000,000","6,379,000,000","8,989,000,000","10,118,000,000","10,255,000,000","9,577,000,000","9,601,000,000","9,690,000,000","9,496,000,000","9,153,000,000","9,832,000,000","9,670,000,000","9,561,000,000","10,670,000,000","10,958,000,000","11,538,000,000","12,474,000,000","10,943,000,000","9,415,000,000","9,075,000,000","9,130,000,000","8,466,000,000","7,956,000,000"
ReconciledDepreciation,"1,393,000,000","377,000,000","351,000,000","330,000,000","335,000,000","329,000,000","358,000,000","356,000,000","342,000,000","335,000,000","327,000,000","328,000,000","322,000,000","333,000,000","309,000,000","300,000,000","299,000,000","298,000,000","294,000,000","286,000,000","296,000,000","273,000,000","257,000,000","266,000,000","268,000,000","265,000,000","248,000,000","247,000,000","287,000,000","247,000,000","262,000,000","254,000,000","256,000,000","252,000,000","262,000,000","254,000,000","253,000,000","266,000,000","236,000,000","244,000,000","237,000,000","255,000,000","237,000,000","224,000,000","215,000,000","207,000,000",,"424,000,000","436,000,000",
NetIncomeFromContinuingOperationNetMinorityInterest,"5,602,000,000","715,000,000","1,761,000,000","2,056,000,000","1,070,000,000","855,000,000","112,000,000","314,000,000","141,000,000","605,000,000","969,000,000","1,006,000,000","817,000,000","697,000,000","1,115,000,000","1,655,000,000","1,231,000,000","1,898,000,000","1,059,000,000","1,135,000,000","805,000,000","770,000,000","954,000,000","1,092,000,000","1,030,000,000","797,000,000","1,188,000,000","1,327,000,000","1,169,000,000","798,000,000","1,261,000,000","1,175,000,000","944,000,000","1,176,000,000","856,000,000","925,000,000","907,000,000","654,000,000","853,000,000","770,000,000","600,000,000","-215,000,000","895,000,000","804,000,000","663,000,000","709,000,000","474,000,000","10,000,000","-849,000,000","-650,000,000"
TotalUnusualItemsExcludingGoodwill,"-624,000,000","-624,000,000","0",,,"0","-582,000,000",,,,,,,,,,,,,,,,,,,,,,,,,,,"0",,,,"0","-7,000,000","7,000,000","4,000,000","-2,000,000","10,000,000","17,000,000","-45,000,000","-569,000,000","-110,000,000","7,000,000","-1,071,000,000","-793,000,000"
TotalUnusualItems,"-624,000,000","-624,000,000","0",,,"0","-582,000,000",,,,,,,,,,,,,,,,,,,,,,,,,,,"0",,,,"0","-7,000,000","7,000,000","4,000,000","-2,000,000","10,000,000","17,000,000","-45,000,000","-569,000,000","-110,000,000","7,000,000","-1,071,000,000","-793,000,000"
NormalizedEBITDA,"9,322,000,000","2,020,000,000","2,692,000,000","3,023,000,000","1,587,000,000","1,415,000,000","1,051,000,000","764,000,000","649,000,000","1,175,000,000","1,518,000,000","1,584,000,000","1,434,000,000","1,217,000,000","1,746,000,000","2,025,000,000","1,924,000,000","1,735,000,000","1,826,000,000","1,974,000,000","1,623,000,000","1,410,000,000","1,610,000,000","1,787,000,000","1,812,000,000","1,401,000,000","2,009,000,000","2,193,000,000","1,963,000,000","1,413,000,000","2,048,000,000","1,948,000,000","1,674,000,000","1,546,000,000","1,536,000,000","1,657,000,000","1,587,000,000","1,270,000,000","1,600,000,000","1,722,000,000","1,233,000,000","496,000,000","1,766,000,000","1,575,000,000","1,346,000,000","1,169,000,000","1,013,000,000","848,000,000","518,000,000","255,000,000"
TaxRateForCalcs,"0.171","0.156","0.204","0.197","0.061","0.044","0.27","0.27","0.344","0.186","0.123","0.144","0.199","0.124","0.172","0.013","0.198","0.4","0.264","0.288","0.281","0.268","0.254","0.241","0.295","0.247","0.291","0.29","0.274","0.272","0.256","0.266","0.289","0.025","0.284","0.308","0.283","0.306","0.338","0.285","0.335","0.297","0.353","0.326","0.285","0.35","0.352","0.35","0.399","0.338"
TaxEffectOfUnusualItems,"-106,704,000","-97,274,826.79","0","0","0","0","-157,140,000","0","0","0","0","0","0","0","0","0","0","0","0","0","0","0","0","0","0","0","0","0","0","0","0","0","0","0","0","0","0","0","-2,367,807.154","1,994,413.408","1,340,732.519","-593,548.387","3,533,236.994","5,538,203.191","-12,822,318.527","-199,150,000","-38,751,733.703","2,450,000","-426,875,444.84","-267,829,094.608"