name,ttm,12/31/2021,09/30/2021,06/30/2021,03/31/2021,12/31/2020,09/30/2020,06/30/2020,03/31/2020,12/31/2019,09/30/2019,06/30/2019,03/31/2019,12/31/2018,09/30/2018,06/30/2018,03/31/2018,12/31/2017,09/30/2017,06/30/2017,03/31/2017,12/31/2016,09/30/2016,06/30/2016,03/31/2016,12/31/2015,09/30/2015,06/30/2015,03/31/2015,12/31/2014,09/30/2014,06/30/2014,03/31/2014,12/31/2013,09/30/2013,06/30/2013,03/31/2013,12/31/2012,09/30/2012,06/30/2012,03/31/2012,12/31/2011,09/30/2011,06/30/2011,03/31/2011,12/31/2010,09/30/2010,06/30/2010,03/31/2010,12/31/2009,09/30/2009,06/30/2009,03/31/2009,12/31/2008,09/30/2008,06/30/2008,03/31/2008,12/31/2007,09/30/2007,06/30/2007,03/31/2007,12/31/2006,09/30/2006,06/30/2006,03/31/2006,12/31/2005,09/30/2005,06/30/2005,03/31/2005,12/31/2004,09/30/2004,06/30/2004,03/31/2004,12/31/2003,09/30/2003,06/30/2003,03/31/2003,12/31/2002,09/30/2002,06/30/2002,03/31/2002,12/31/2001,09/30/2001,06/30/2001,03/31/2001,12/31/2000,09/30/2000,06/30/2000,03/31/2000,12/31/1999,09/30/1999,06/30/1999,03/31/1999,12/31/1998,09/30/1998,06/30/1998,03/31/1998,12/31/1997,09/30/1997,06/30/1997,03/31/1997,12/31/1996,09/30/1996,06/30/1996,03/31/1996,12/31/1995,09/30/1995,06/30/1995,03/31/1995,12/31/1994,09/30/1994,06/30/1994,03/31/1994
TotalRevenue,"1,778,082,000","463,575,000","452,575,000","436,927,000","425,005,000","423,661,000","423,199,000","413,026,000","418,098,000","416,817,000","415,632,000","407,390,000","401,178,000","398,148,000","397,108,000","390,073,000","386,017,000","382,738,000","384,550,000","382,791,000","378,908,000","307,198,000","276,898,000","272,236,000","269,016,000","263,338,000","261,998,000","258,891,000","257,811,000","252,474,000","248,781,000","244,554,000","243,487,000","236,482,000","136,440,000","134,112,000","133,367,000","132,422,000","127,110,000","123,922,000","119,631,000","115,826,000","115,827,000","110,489,000","107,338,000","104,480,000","101,384,000","98,901,000","97,464,000","95,987,000","94,524,000","94,433,000","93,600,000","94,838,000","93,473,000","92,834,000","92,144,000","91,023,000","90,164,000","86,779,000","84,991,000","84,888,000","82,749,000","80,364,000","78,646,000","77,997,000","75,155,000","72,862,000","71,441,000","68,690,000","67,527,000","66,876,000","66,488,000","64,477,000","60,337,000","58,159,000","57,759,000","62,126,000","58,194,000","56,863,000","55,956,000","56,144,000","57,177,000","58,107,000","56,611,000","56,694,000","56,937,000","55,601,000","55,408,000","55,822,000","57,000,000","52,000,000","61,800,000","55,843,000","56,100,000","52,600,000","51,000,000","42,116,000","34,400,000","32,700,000","29,800,000","27,282,000","28,300,000","29,300,000","27,100,000","26,900,000","26,400,000","21,100,000","20,300,000","18,600,000","14,500,000","10,600,000","7,700,000"
	OperatingRevenue,"1,778,082,000","463,575,000","452,575,000","436,927,000","425,005,000","423,661,000","423,199,000","413,026,000","418,098,000","416,817,000","415,632,000","407,390,000","401,178,000","398,148,000","397,108,000","390,073,000","386,017,000","382,738,000","384,550,000","382,791,000","378,908,000","307,198,000","276,898,000","272,236,000","269,016,000","263,338,000","261,998,000","258,891,000","257,811,000","252,474,000","248,781,000","244,554,000","243,487,000","236,482,000","136,440,000","134,112,000","133,367,000","132,422,000","127,110,000","123,922,000","119,631,000","115,826,000","115,827,000","110,489,000","107,338,000","104,480,000","101,384,000","98,901,000","97,464,000","95,987,000","94,524,000","94,433,000","93,600,000","94,838,000","93,473,000","92,834,000","92,294,000","91,293,000","90,001,000","87,337,000","34,000","85,133,000","82,873,000","80,769,000","78,763,000","77,605,000","76,111,000","103,000","71,919,000","72,485,000","67,968,000","68,766,000","68,157,000","63,899,000","62,412,000","58,870,000","57,838,000","62,086,000","58,066,000","57,364,000","56,020,000","56,144,000","57,177,000","58,102,000","56,780,000","56,694,000","58,056,000","55,601,000","55,408,000","66,000,000","57,000,000","52,000,000","61,800,000","56,200,000","56,100,000","52,600,000","51,000,000","42,100,000","34,400,000","32,700,000","29,800,000","29,500,000","28,300,000","29,300,000","27,100,000","26,900,000","26,400,000","21,100,000","20,300,000","18,600,000","14,500,000","10,600,000","7,700,000"
CostOfRevenue,"1,204,598,000","302,593,000","307,449,000","300,585,000","293,971,000","289,599,000","297,493,000","284,661,000","279,560,000","275,213,000","284,223,000","278,086,000","272,166,000","268,255,000","279,289,000","271,655,000","265,148,000","259,733,000","267,107,000","272,329,000","271,270,000","208,003,000","183,605,000","178,697,000","176,008,000","171,456,000","174,697,000","175,252,000","173,506,000","168,656,000","170,855,000","167,253,000","187,376,000","182,020,000","89,153,000","86,482,000","86,210,000","178,891,000","52,832,000","50,908,000","49,842,000","47,871,000","50,918,000","47,413,000","45,600,000","-31,212,000","71,606,000","67,595,000","66,631,000","137,038,000","41,662,000","62,611,000","61,816,000","130,024,000","40,802,000","38,680,000",,,,,,,,,,,,,,,,,,,,,,,,,,,,,,,,,,,,,,,,,,,,,,,,,,,,,,,,,
GrossProfit,"573,484,000","160,982,000","145,126,000","136,342,000","131,034,000","134,062,000","125,706,000","128,365,000","138,538,000","141,604,000","131,409,000","129,304,000","129,012,000","129,893,000","117,819,000","118,418,000","120,869,000","123,005,000","117,443,000","110,462,000","107,638,000","99,195,000","93,293,000","93,539,000","93,008,000","91,882,000","87,301,000","83,639,000","84,305,000","83,818,000","77,926,000","77,301,000","56,111,000","54,462,000","47,287,000","47,630,000","47,157,000","-46,469,000","74,278,000","73,014,000","69,789,000","67,955,000","64,909,000","63,076,000","61,738,000","135,692,000","29,778,000","31,306,000","30,833,000","-41,051,000","52,862,000","31,822,000","31,784,000","-35,186,000","52,671,000","54,154,000",,,,,,,,,,,,,,,,,,,,,,,,,,,,,,,,,,,,,,,,,,,,,,,,,,,,,,,,,
OperatingExpense,"108,616,000","29,331,000","26,501,000","26,866,000","25,918,000","24,913,000","24,051,000","22,287,000","27,907,000","24,701,000","25,384,000","24,052,000","26,995,000","21,117,000","17,683,000","20,607,000","23,012,000","21,040,000","18,642,000","20,279,000","23,821,000","17,655,000","14,569,000","15,324,000","15,586,000","14,497,000","13,507,000","13,643,000","15,059,000","12,920,000","13,940,000","14,791,000","11,353,000","12,078,000","9,169,000","8,835,000","8,570,000","-83,761,000","40,971,000","40,581,000","39,544,000","40,169,000","38,243,000","38,654,000","37,495,000","112,272,000","7,504,000","7,589,000","7,088,000","-63,833,000","31,083,000","7,189,000","6,700,000","-59,359,000","29,784,000","29,638,000","59,884,000","58,182,000","59,115,000","64,465,000","63,322,000","38,536,000","61,005,000","52,182,000","50,430,000","51,193,000","51,481,000","48,669,000","47,423,000","46,683,000","46,600,000","44,722,000","44,700,000","47,634,000","45,369,000","42,604,000","41,744,000","45,506,000","41,585,000","39,753,000","39,271,000","38,720,000","38,927,000","39,065,000","38,358,000","38,039,000","39,086,000","37,482,000","50,487,000","246,721,000","-32,300,000","-31,200,000","-31,100,000","225,146,000","-30,400,000","-27,500,000","-27,000,000","134,031,000","-16,700,000","-15,600,000","-14,100,000","135,994,000","-13,600,000","-13,000,000","-12,900,000","-12,900,000","-13,000,000","-9,800,000","-9,600,000",,,,
	SellingGeneralAndAdministration,"108,616,000","29,331,000","26,501,000","26,866,000","25,918,000","24,913,000","24,051,000","22,287,000","27,907,000","24,701,000","25,384,000","24,052,000","26,995,000","21,117,000","17,683,000","20,607,000","23,012,000","21,040,000","18,642,000","20,279,000","23,821,000","17,655,000","14,569,000","15,324,000","15,586,000","14,497,000","13,507,000","13,643,000","15,059,000","12,920,000","13,940,000","14,791,000","11,353,000","12,078,000","9,169,000","8,835,000","8,570,000","8,926,000","8,987,000","9,032,000","8,901,000","9,536,000","8,900,000","10,633,000","9,754,000","8,208,000","7,504,000","7,589,000","7,088,000","7,483,000","7,170,000","7,189,000","6,700,000","7,014,000","7,226,000","7,218,000","2,920,000","3,179,000","2,401,000","2,882,000","2,930,000","3,178,000","2,665,000","2,682,000","3,361,000","3,206,000","2,329,000","2,163,000","2,672,000","2,401,000","1,953,000","2,515,000","2,371,000","1,902,000","1,733,000","1,788,000","1,843,000","2,022,000","1,686,000","1,511,000","1,446,000","1,452,000","1,514,000","1,472,000","1,441,000","3,600,000","3,700,000","3,746,000","3,780,000","-4,621,000","6,300,000","6,300,000","6,500,000","-5,840,000","6,300,000","6,000,000","5,500,000","-8,398,000","5,400,000","5,100,000","4,500,000","-6,946,000","4,500,000","4,200,000","4,400,000","4,100,000","4,000,000","3,200,000","3,200,000",,,,
		GeneralAndAdministrativeExpense,"108,616,000","29,331,000","26,501,000","26,866,000","25,918,000","24,913,000","24,051,000","22,287,000","27,907,000","24,701,000","25,384,000","24,052,000","26,995,000","21,117,000","17,683,000","20,607,000","23,012,000","21,040,000","18,642,000","20,279,000","23,821,000","17,655,000","14,569,000","15,324,000","15,586,000","14,497,000","13,507,000","13,643,000","15,059,000","12,920,000","13,940,000","14,791,000","11,353,000","12,078,000","9,169,000","8,835,000","8,570,000",,,,,,,,,,,,,,,,,,,,"2,920,000","3,179,000","2,401,000","2,882,000","2,930,000","3,178,000","2,665,000","2,682,000","3,361,000","3,206,000","2,329,000","2,163,000","2,672,000","2,401,000","1,953,000","2,515,000","2,371,000","1,902,000","1,733,000","1,788,000","1,843,000","2,022,000","1,686,000","1,511,000","1,446,000","1,452,000","1,514,000","1,472,000","1,441,000","3,600,000","3,700,000","3,746,000","3,780,000","-4,621,000","6,300,000","6,300,000","6,500,000","-5,840,000","6,300,000","6,000,000","5,500,000","-8,398,000","5,400,000","5,100,000","4,500,000","-6,946,000","4,500,000","4,200,000","4,400,000","4,100,000","4,000,000","3,200,000","3,200,000",,,,
			SalariesAndWages,,,,,,,,,,,,,,,,,,,,,,,,,,,,,,,,,,,,,,,,,,,,,,,,,,,,,,,,,"2,920,000","-20,630,000","10,952,000","10,099,000","2,930,000","21,678,000","9,774,000","9,437,000","9,108,000","9,377,000","9,322,000","8,715,000","8,357,000","8,404,000","8,341,000","7,932,000","7,744,000","2,334,000","9,014,000","6,686,000","6,442,000","6,581,000","6,673,000","6,528,000","6,485,000","6,270,000","6,275,000","6,117,000","6,042,000","20,917,000","6,319,000","5,989,000","5,869,000","20,600,000","6,300,000","6,300,000","6,500,000","18,200,000","6,300,000","6,000,000","5,500,000","6,200,000","5,400,000","5,100,000","4,500,000","4,800,000","4,500,000","4,200,000","4,400,000","4,100,000","4,000,000","3,200,000","3,200,000",,,,
			OtherGandA,"108,616,000","29,331,000","26,501,000","26,866,000","25,918,000","24,913,000","24,051,000","22,287,000","27,907,000","24,701,000","25,384,000","24,052,000","26,995,000","21,117,000","17,683,000","20,607,000","23,012,000","21,040,000","18,642,000","20,279,000","23,821,000","17,655,000","14,569,000","15,324,000","15,586,000","14,497,000","13,507,000","13,643,000","15,059,000","12,920,000","13,940,000","14,791,000","11,353,000","12,078,000","9,169,000","8,835,000","8,570,000",,,,,,,,,,,,,,,,,,,,,,"-8,551,000","-7,217,000",,"-18,500,000","-7,109,000","-6,755,000","-5,747,000","-6,171,000","-6,993,000","-6,552,000","-5,685,000","-6,003,000","-6,388,000","-5,417,000","-5,373,000","-432,000","-7,281,000","-4,898,000","-4,599,000","-4,559,000","-4,987,000","-5,017,000","-5,039,000","-4,818,000","-4,761,000","-4,645,000","-4,601,000","-17,317,000","-2,619,000","-2,243,000","-2,089,000",,,,,,,,,,,,,,,,,,,,,,,,
	DepreciationAmortizationDepletionIncomeStatement,,,,,,,,,"126,388,000","125,426,000","124,684,000","123,944,000","122,789,000","121,541,000","124,549,000","122,925,000","120,744,000","119,423,000","117,928,000","126,360,000","129,997,000","95,129,000","76,959,000","75,742,000","75,127,000","73,914,000","73,098,000","74,396,000","73,112,000","71,945,000","70,222,000","69,631,000","90,013,000","89,096,000","33,000,000","32,730,000","33,433,000","33,449,000","31,984,000","31,549,000","30,643,000","30,633,000","29,343,000","28,021,000","27,741,000",,,,,,"23,913,000",,,,"22,558,000","22,420,000","22,896,000","22,476,000","22,573,000","21,682,000","21,849,000","22,017,000","20,132,000","20,019,000","19,415,000","20,021,000","19,638,000","18,893,000","18,509,000","18,044,000","17,617,000","17,504,000","17,696,000","16,803,000","15,291,000","14,527,000","14,539,000","14,556,000","14,942,000","14,311,000","14,166,000","13,701,000","13,446,000","13,730,000","13,526,000","13,595,000","13,357,000","13,477,000","14,173,000",,,,,,,,,,,,,,,,,,,,,,,,
		DepreciationAndAmortizationInIncomeStatement,,,,,,,,,"126,388,000","125,426,000","124,684,000","123,944,000","122,789,000","121,541,000","124,549,000","122,925,000","120,744,000","119,423,000","117,928,000","126,360,000","129,997,000","95,129,000","76,959,000","75,742,000","75,127,000","73,914,000","73,098,000","74,396,000","73,112,000","71,945,000","70,222,000","69,631,000","90,013,000","89,096,000","33,000,000","32,730,000","33,433,000","33,449,000","31,984,000","31,549,000","30,643,000","30,633,000","29,343,000","28,021,000","27,741,000",,,,,,"23,913,000",,,,"22,558,000","22,420,000","22,896,000","22,476,000","22,573,000","21,682,000","21,849,000","22,017,000","20,132,000","20,019,000","19,415,000","20,021,000","19,638,000","18,893,000","18,509,000","18,044,000","17,617,000","17,504,000","17,696,000","16,803,000","15,291,000","14,527,000","14,539,000","14,556,000","14,942,000","14,311,000","14,166,000","13,701,000","13,446,000","13,730,000","13,526,000","13,595,000","13,357,000","13,477,000","14,173,000",,,,,,,,,,,,,,,,,,,,,,,,
			DepreciationIncomeStatement,,,,,,,,,,,,,,,,,,,,,,,,,,,,,,,,,,,,,,,,,,,,"28,021,000","27,741,000",,,,,,"23,913,000",,,,"22,558,000","22,420,000","22,268,000","21,818,000","21,959,000","21,108,000","21,288,000","21,489,000","19,613,000","19,515,000","18,930,000","19,421,000","19,176,000","18,404,000","18,049,000","17,592,000","17,181,000","17,098,000","17,233,000","16,333,000","14,827,000","14,023,000","13,915,000","13,855,000","14,252,000","13,647,000","13,509,000","13,044,000","12,916,000","13,094,000","12,997,000","12,990,000","12,737,000","12,658,000","13,459,000",,,,,,,,,,,,,,,,,,,,,,,,
			Amortization,,,,,,,,,,,,,,,,,,,,,,,,,,,,,,,,,,,,,,,,,,,,,,,,,,,,,,,,,"628,000","658,000","614,000","574,000","561,000","528,000","519,000","504,000","485,000","600,000","462,000","489,000","460,000","452,000","436,000","406,000","463,000","470,000","464,000","504,000","624,000","701,000","690,000","664,000","657,000","657,000","530,000","636,000","529,000","605,000","620,000","819,000","714,000",,,,,,,,,,,,,,,,,,,,,,,,
				AmortizationOfIntangiblesIncomeStatement,,,,,,,,,,,,,,,,,,,,,,,,,,,,,,,,,,,,,,,,,,,,,,,,,,,,,,,,,"628,000","658,000","614,000","574,000","561,000","528,000","519,000","504,000","485,000","600,000","462,000","489,000","460,000","452,000","436,000","406,000","463,000","470,000","464,000","504,000","624,000","701,000","690,000","664,000","657,000","657,000","530,000","636,000","529,000","605,000","620,000","819,000","714,000",,,,,,,,,,,,,,,,,,,,,,,,
	OtherTaxes,,,,,,,,,,,,,,,,,,,,,,,,,,,,,,,,,,,,,,,,,,,,,,,,,,,,,,,,,"-67,690,000","-66,787,000","-66,558,000","-65,091,000",,"-64,141,000","-61,524,000","-58,833,000","-57,421,000","-58,339,000","-57,073,000",,"-53,347,000","-51,611,000","-51,451,000","-51,049,000","-50,087,000","-47,429,000","-45,377,000","-42,787,000","-41,744,000","-45,506,000","-41,585,000","-39,753,000","-39,271,000",,,"-39,065,000","-38,358,000",,"-39,086,000",,,"-38,400,000","-38,600,000","-37,500,000","-37,600,000","-37,500,000","-36,700,000","-33,500,000","-32,500,000","-26,200,000","-22,100,000","-20,700,000","-18,600,000","-18,300,000","-18,100,000","-17,200,000","-17,300,000","-17,000,000","-17,000,000","-13,000,000","-12,800,000",,,,
	OtherOperatingExpenses,,,,,,,,,,,,,,,,,,,"13,295,000","10,781,000","10,695,000","8,947,000","7,040,000","6,771,000","6,956,000","6,699,000","6,938,000","7,118,000","7,507,000","16,187,000","15,781,000","15,406,000","16,038,000","11,670,000","9,160,000","9,098,000","8,865,000",,,,"-634,000",,,,,,,,,,,,,,"-58,000",,"101,758,000","99,314,000","100,699,000","104,992,000","38,543,000","77,482,000","99,732,000","88,314,000","85,075,000","86,305,000","86,587,000","27,613,000","79,589,000","77,849,000","78,481,000","75,752,000","74,720,000","76,358,000","73,722,000","69,076,000","67,106,000","74,434,000","66,542,000","63,684,000","62,930,000","23,567,000","23,967,000","62,928,000","61,749,000","20,844,000","61,115,000","20,259,000","32,534,000",,,,,,,,,,,,,,,,,,,,,,,,
OperatingIncome,"464,868,000","131,651,000","118,625,000","109,476,000","105,116,000","109,149,000","101,655,000","106,078,000","110,631,000","116,903,000","106,025,000","105,252,000","102,017,000","108,776,000","100,136,000","97,811,000","97,857,000","101,965,000","98,801,000","90,183,000","83,817,000","81,540,000","78,724,000","78,215,000","77,422,000","77,385,000","73,794,000","69,996,000","69,246,000","70,898,000","63,986,000","62,510,000","44,758,000","42,384,000","38,118,000","38,795,000","38,587,000","37,292,000","33,307,000","32,433,000","30,245,000","27,786,000","26,666,000","24,422,000","24,243,000","23,420,000","22,274,000","23,717,000","23,745,000","22,782,000","21,779,000","24,633,000","25,084,000","24,173,000","22,887,000","24,516,000","32,260,000","32,841,000","31,049,000","22,314,000","21,669,000","46,352,000","21,744,000","28,182,000","28,216,000","26,804,000","23,674,000","24,193,000","24,018,000","22,007,000","20,927,000","22,154,000","21,788,000","16,843,000","14,968,000","15,555,000","16,015,000","16,620,000","16,609,000","17,110,000","16,685,000","17,424,000","18,250,000","19,042,000","18,253,000","18,655,000","17,851,000","18,119,000","4,921,000","-190,899,000","89,300,000","83,200,000","92,900,000","-169,303,000","86,500,000","80,100,000","78,000,000","-91,915,000","51,100,000","48,300,000","43,900,000","-108,712,000","41,900,000","42,300,000","40,000,000","39,800,000","39,400,000","30,900,000","29,900,000","41,900,000","14,500,000","10,600,000","7,700,000"
NetNonOperatingInterestIncomeExpense,"-156,881,000","-39,108,000","-39,234,000","-38,867,000","-39,672,000","-40,952,000","-41,010,000","-42,118,000","-43,482,000","-43,698,000","-44,513,000","-45,936,000","-45,700,000","-44,454,000","-44,650,000","-43,585,000","-40,905,000","-47,378,000","-35,637,000","-37,831,000","-33,905,000","-32,964,000","-32,104,000","-31,977,000","-32,179,000","-30,833,000","-30,229,000","-30,404,000","-30,848,000","-31,636,000","-29,166,000","-30,416,000","-31,827,000","-30,434,000","-15,745,000","-16,051,000","-16,473,000","-19,238,000","-14,609,000","-14,158,000","-14,242,000","-14,880,000","-15,379,000","-14,035,000","-13,755,000","-14,295,000","-13,381,000","-13,907,000","-13,576,000","-13,946,000","-14,210,000","-14,404,000","-14,149,000","-15,656,000","-14,889,000","-15,029,000",,,,,,,,,,,,,,,,,,,,,,,,,,,,,,,,,,,,,,,,,,,,,,,,,,,,,,,,,
	InterestIncomeNonOperating,,,,,,,,,,,,,,,,,,,"4,303,000","650,000","2,679,000","565,000","64,000","62,000","32,000","-9,000","-179,000","29,000","-157,000","-258,000","85,000","921,000","160,000","402,000","16,000","23,000","47,000","87,000","89,000","112,000","108,000","117,000","108,000","114,000","235,000","219,000","217,000","86,000","315,000","76,000","161,000","68,000","80,000","170,000","115,000","116,000",,,,,,,,,,,,,,,,,,,,,,,,,,,,,,,,,,,,,,,,,,,,,,,,,,,,,,,,,
	InterestExpenseNonOperating,"156,881,000","39,108,000","39,234,000","38,867,000","39,672,000","40,952,000","41,010,000","42,118,000","43,482,000","43,698,000","44,513,000","45,936,000","45,700,000","44,454,000","44,650,000","43,585,000","40,905,000","39,746,000","39,940,000","38,481,000","36,584,000","33,529,000","32,168,000","32,039,000","32,211,000","33,543,000","29,342,000","29,528,000","29,931,000","30,374,000","28,251,000","30,163,000","30,676,000","30,200,000","14,941,000","15,271,000","15,716,000","15,773,000","14,698,000","14,270,000","14,350,000","14,997,000","15,487,000","14,149,000","13,990,000","14,514,000","13,598,000","13,993,000","13,891,000","14,022,000","14,371,000","14,472,000","14,229,000","15,826,000","15,004,000","15,145,000",,,,,,,,,,,,,,,,,,,,,,,,,,,,,,,,,,,,,,,,,,,,,,,,,,,,,,,,,
	TotalOtherFinanceCost,,,,,,,,,,,,,,,,,,,,,,,,,,,"887,000","905,000","917,000","1,004,000","1,000,000","1,174,000","1,311,000","636,000","820,000","803,000","804,000",,,,,,,,,,,,,,,,,,,,,,,,,,,,,,,,,,,,,,,,,,,,,,,,,,,,,,,,,,,,,,,,,,,,,,,,,,,,
OtherIncomeExpense,"255,141,000","105,867,000","10,201,000","154,986,000","-15,913,000","18,549,000","1,628,000","14,650,000","-28,937,000","82,293,000","21,060,000","5,072,000","9,885,000","-596,000","-568,000","7,969,000","-5,990,000","73,780,000","56,100,000","-1,908,000","-6,202,000","-6,233,000","42,740,000","1,950,000","725,000","-934,000","53,776,000","104,702,000","26,337,000","-2,457,000","32,829,000","-5,188,000","-5,939,000","-27,703,000","-5,814,000","-5,787,000","-163,000","2,133,000","-2,360,000","-1,817,000","-152,000","-1,462,000","-1,772,000","-2,718,000","-1,333,000","2,634,000","-1,920,000","-2,920,000","-320,000","-1,281,000","-1,015,000","-992,000","-943,000","-380,000","-1,720,000","-70,000","-86,000","-5,109,000","-40,000","404,000",,"-18,000","-38,000","189,000",,"-525,000","886,000",,"321,000","3,636,000","286,000","1,754,000","1,669,000","260,000","2,075,000","528,000","79,000","-40,000","-128,000","501,000","64,000",,,"-5,000","169,000",,"1,119,000",,,"4,700,000","5,100,000","-4,400,000","4,700,000",,,,,,,,,"300,000",,"2,000,000",,,,,,,,,
	GainOnSaleOfSecurity,"221,239,000","86,522,000","-143,000","134,860,000",,"45,000","1,386,000","7,000","-405,000","82,788,000","1,000,000","297,000","8,950,000","644,000","936,000","2,763,000","150,000","68,320,000","58,838,000","322,000","-73,000","31,826,000","47,749,000","611,000","755,000","-73,000","54,621,000","105,354,000","30,228,000","210,000","36,032,000",,,,,,,,,,,,,,,,,,,,,,,,,,"-86,000","221,000","30,000","507,000",,"-18,000","-38,000","190,000",,"-525,000","886,000",,"321,000","3,636,000","286,000","1,754,000","1,669,000","260,000","2,075,000","528,000","79,000","-40,000","-128,000","501,000","64,000",,,"-5,000","169,000",,"1,119,000",,,,,"-4,400,000","4,700,000",,,,,,,,,"300,000",,"2,000,000",,,,,,,,,
	EarningsFromEquityInterest,,,,,,,,,,,,,,,,,,,,,,,,,,,,,,,,,,,,,,,"-72,000","-67,000","-31,000","-63,000","-107,000","-178,000","-245,000","-293,000","-282,000","-298,000","-276,000","-176,000","-288,000","-156,000",,,,,,,,,,,,,,,,,,,,,,,,,,,,,,,,,,,,,,,,,,,,,,,,,,,,,,,,,,,,,
	SpecialIncomeCharges,,,,,,,,,,"0","0","0","0","-609,000","-1,878,000","-2,826,000","-3,799,000","-8,893,000","-2,738,000","-2,230,000","-6,129,000","-38,059,000","-5,009,000","1,339,000","-30,000","-852,000","-666,000","-652,000","-3,734,000","-2,667,000","-3,203,000","-5,188,000","-5,939,000","-27,703,000","-5,814,000","-5,787,000","-163,000","1,963,000","-2,288,000","-1,750,000","-121,000","-1,399,000","-1,665,000","-2,540,000","-1,088,000","2,927,000","-1,638,000","-2,622,000","-44,000","-1,105,000","-727,000","-836,000","-943,000","-380,000","-1,720,000","-70,000",,"-5,330,000","-70,000","-103,000",,"0",,"-1,000",,,,,,,,,,,,,,,,,,,,,,,,,,,"5,100,000",,,,,,,,,,,,,,,,,,,,,,
		RestructuringAndMergernAcquisition,,,,,,,,,,"0","0","0","0","609,000","1,878,000","2,826,000","3,799,000","5,492,000","4,130,000","4,207,000","6,161,000","37,683,000","4,934,000","421,000","713,000","622,000","656,000","1,159,000","339,000","2,622,000","491,000","4,893,000","5,929,000","27,066,000","5,596,000","6,226,000","10,000","7,000","1,343,000","865,000","-634,000","988,000","592,000","1,520,000","219,000","1,061,000","989,000","486,000","-24,000","811,000","30,000","107,000",,,,,,,,,,,,,,,,,,,,,,,,,,,,,,,,,,,,,,,,,,,,,,,,,,,,,,,,,,,,,
		ImpairmentOfCapitalAssets,,,,,,,,,,,,,,,,,,,,,,,,,,,,,,,,,,,,,,,,,"0","0","0","0",,"0","324,000","1,590,000",,,,,,,,,,,,,,,,,,,,,,,,,,,,,,,,,,,,,,,,,,,,,,,,,,,,,,,,,,,,,,,,,
		OtherSpecialCharges,,,,,,,,,,,,,,,,,,,"-1,392,000","-1,977,000","-32,000","376,000","75,000","-1,760,000","944,000","230,000","10,000","-507,000","3,395,000","45,000","2,712,000","295,000","10,000","637,000","218,000","-439,000","153,000","-1,925,000","945,000","885,000","755,000","411,000","1,073,000","1,020,000","869,000","-3,988,000","325,000","546,000","68,000","294,000","697,000","729,000",,,,,,,"71,000","52,000",,,,,,,,,,,,,,,,,,,,,,,,,,,,,,,,,,,,,,,,,,,,,,,,,,,,,
		GainOnSaleOfBusiness,,,,,,,,,,,,,,,,,,,,,,,,,,,,,,,,,,,,,,,,,,,,,,,,,,,,,,,,,,,"1,000","-51,000",,,,,,,,,,,,,,,,,,,,,,,,,,,,,,,,,,,,,,,,,,,,,,,,,,,,,
		GainOnSaleOfPPE,,,,,,,,,,,,,,,,,,,,,,,,,"1,627,000",,,,,,,,,"0","0","0",,,,,,,,,,,,,,,,,,,,,,,,,,,,,,,,,,,,,,,,,,,,,,,,,,,,,,,,,,,,,,,,,,,,,,,,,,,,,
	OtherNonOperatingIncomeExpenses,"33,902,000","19,345,000","10,344,000","20,126,000","-15,913,000","18,504,000","242,000","14,643,000","-28,532,000","-495,000","20,060,000","4,775,000","935,000","-631,000","374,000","8,032,000","-2,341,000","3,320,000",,,,,,,,"-9,000","-179,000",,"-157,000","-258,000",,,,,,,,,,,,,,,,,,,,,,,,,,,,,,,,,,,,,,,,,,,,,,,,,,,,,,,,,,,,,,,,,,,,,,,,,,,,,,,,,,,
PretaxIncome,"563,128,000","198,410,000","89,592,000","225,595,000","49,531,000","86,746,000","62,273,000","78,610,000","38,212,000","155,498,000","82,572,000","64,388,000","66,202,000","63,726,000","54,918,000","62,195,000","50,962,000","128,367,000","119,264,000","50,444,000","43,710,000","42,343,000","89,360,000","48,188,000","45,968,000","45,618,000","97,341,000","144,294,000","64,735,000","36,805,000","67,649,000","26,906,000","6,992,000","-15,753,000","16,559,000","16,957,000","21,951,000",,,"16,458,000","15,851,000",,,"7,669,000","9,155,000",,,,,,,,,,,,,,,,,,,,,,,,,,,,,,,,,,,,,,,,,,,,,,,,,,,,,,,,,,,,,,,,,,,,
TaxProvision,"13,637,000","7,790,000","2,803,000","2,045,000","999,000","795,000","665,000","1,200,000","667,000","882,000","1,491,000","682,000","641,000","785,000","616,000","570,000","640,000","709,000","641,000","618,000","651,000","499,000","454,000","457,000","288,000","254,000","512,000","398,000","510,000","815,000","442,000","523,000","270,000","224,000",,,,,,"0","0",,,,,,,,,,,,,,,,,,,,,,,,,,,,,,,,,,,,,,,,,,,,,,,,,,,,,,,,,,,,,,,,,,,,,,,,
EarningsFromEquityInterestNetOfTax,"1,211,000","296,000","258,000","325,000","332,000","348,000","428,000","318,000","407,000","444,000","378,000","435,000","397,000","576,000","402,000","356,000","498,000","349,000","335,000","329,000","357,000","214,000","0","-101,000","128,000","3,000","-1,000","-23,000","19,000","-10,000","3,124,000","2,919,000","-24,000","177,000","60,000","47,000","54,000",,,,,,,,,,,,,,,,,,,,,,,,,,,,,,,,,,,,,,,,,,,,,,,,,,,,,,,,,,,,,,,,,,,,,,,,,,,,
NetIncomeCommonStockholders,"529,564,000","184,180,000","83,557,000","215,556,000","46,271,000","82,082,000","58,988,000","74,140,000","35,676,000","148,148,000","77,723,000","60,995,000","62,738,000","60,069,000","51,869,000","58,885,000","48,097,000","121,993,000","113,787,000","47,393,000","40,983,000","38,507,000","84,279,000","45,144,000","43,413,000","42,215,000","91,734,000","136,299,000","61,267,000","34,237,000","66,976,000","31,613,000","14,866,000","-9,380,000","44,284,000","59,089,000","21,180,000","22,282,000","30,866,000","28,160,000","23,890,000","18,758,000","13,791,000","7,428,000","8,844,000","6,940,000","3,544,000","1,383,000","6,196,000","6,090,000","3,402,000","6,931,000","7,923,000","4,517,000","2,977,000","5,427,000","4,463,000","-5,919,000","8,409,000","1,907,000","7,568,000","198,000","2,139,000","2,203,000","1,636,000","500,000","125,000","4,558,000","613,000","8,314,000","-576,000","1,286,000","1,349,000","281,000","-3,062,000","1,180,000","401,000","-2,911,000","-231,000","941,000","272,000","2,117,000","9,062,000","573,000","833,000","2,173,000","1,599,000","6,615,000","3,286,000","5,458,000","6,500,000","-1,300,000","6,900,000","3,427,000","3,800,000","3,800,000","4,300,000","-3,125,000","3,100,000","3,400,000","2,700,000","2,870,000","2,800,000","4,600,000","3,000,000","3,100,000","2,700,000","2,200,000","1,800,000","2,400,000","1,600,000","1,300,000","1,800,000"
	NetIncome,"533,791,000","185,641,000","84,479,000","216,478,000","47,193,000","83,342,000","59,910,000","75,062,000","36,648,000","149,589,000","78,645,000","61,917,000","63,660,000","61,282,000","52,791,000","59,807,000","49,019,000","123,450,000","114,709,000","48,315,000","41,905,000","39,386,000","84,279,000","45,144,000","43,413,000","42,987,000","91,734,000","136,299,000","61,267,000","34,525,000","66,976,000","31,613,000","14,866,000","-9,272,000","44,284,000","59,089,000","21,180,000","22,307,000","30,866,000","28,160,000","23,890,000","18,758,000","13,791,000","7,428,000","8,844,000","6,940,000","6,749,000","6,660,000","9,412,000","9,306,000","6,618,000","10,148,000","11,139,000","7,733,000","6,193,000","8,644,000","7,679,000","7,604,000","11,900,000","9,118,000","11,324,000","4,297,000","5,630,000","5,892,000","5,126,000","3,610,000","3,615,000","8,193,000","4,326,000","12,020,000","3,131,000","4,992,000","5,055,000","4,305,000","6,470,000","5,105,000","4,326,000","3,074,000","3,797,000","4,970,000","4,300,000","6,145,000","13,090,000","4,602,000","4,861,000","6,200,000","5,627,000","10,644,000","7,316,000","9,472,000","10,500,000","2,700,000","10,900,000","6,857,000","7,200,000","6,100,000","6,600,000","-1,473,000","4,300,000","4,600,000","3,900,000","3,860,000","2,800,000","4,600,000","3,000,000","3,100,000","2,700,000","2,200,000","1,800,000","2,400,000","1,600,000","1,300,000","1,800,000"
		NetIncomeIncludingNoncontrollingInterests,"550,702,000","190,916,000","87,047,000","223,875,000","48,864,000","86,299,000","62,036,000","77,728,000","37,952,000","155,060,000","81,459,000","64,141,000","65,958,000","63,517,000","54,704,000","61,981,000","50,820,000","128,007,000","118,958,000","50,155,000","43,416,000","42,058,000","88,906,000","47,630,000","45,808,000","45,367,000","96,828,000","143,873,000","64,677,000","36,458,000","70,719,000","33,386,000","15,714,000","-9,810,000","46,056,000","61,028,000","22,005,000","23,207,000","32,078,000","29,472,000","25,068,000","19,945,000","14,451,000","7,680,000","9,155,000","7,165,000","6,973,000","6,888,000","9,849,000","9,780,000","6,878,000","10,718,000","11,845,000","8,137,000","6,278,000","9,417,000","8,211,000","8,279,000","12,934,000","9,881,000","12,362,000","4,691,000","6,005,000","6,300,000","5,539,000","4,052,000","3,706,000","8,193,000","4,066,000","15,702,000","2,667,000","5,526,000","5,475,000","6,782,000","5,692,000","5,311,000","4,459,000","3,201,000","3,825,000","5,221,000","4,213,000","6,614,000","14,943,000","4,751,000","4,759,000","6,546,000","5,964,000","10,644,000","7,316,000","8,675,000","9,600,000","3,100,000","9,700,000","10,911,000","6,600,000","5,400,000","6,200,000","3,820,000","3,500,000","3,700,000","3,100,000","2,960,000","2,200,000","3,600,000","2,300,000","2,400,000","2,100,000","1,500,000","1,300,000","100,000","1,600,000","1,300,000","1,800,000"
			NetIncomeContinuousOperations,"550,702,000","190,916,000","87,047,000","223,875,000","48,864,000","86,299,000","62,036,000","77,728,000","37,952,000","155,060,000","81,459,000","64,141,000","65,958,000","63,517,000","54,704,000","61,981,000","50,820,000","128,007,000","118,958,000","50,155,000","43,416,000","42,058,000","88,906,000","47,630,000","45,808,000","45,367,000","96,828,000","143,873,000","64,244,000","35,980,000","70,331,000","29,302,000","6,698,000","-16,469,000","16,619,000","17,004,000","22,005,000","19,964,000","16,338,000","16,458,000","15,851,000","11,444,000","9,515,000","7,669,000","9,155,000","7,165,000","6,973,000","6,890,000","9,849,000","7,555,000","6,554,000","9,237,000","9,992,000","7,393,000","5,683,000","8,705,000","7,738,000","7,574,000","6,191,000","5,397,000","11,059,000","4,125,000","5,469,000","22,035,000","22,344,000","-36,163,000","18,596,000","19,138,000","18,554,000","-30,325,000","16,573,000","16,625,000","16,864,000","4,291,000","4,568,000","1,180,000","401,000","4,386,000","3,796,000","4,998,000","272,000","6,552,000","13,273,000","5,045,000","4,861,000","6,200,000","5,627,000","10,792,000","7,372,000","9,439,000","10,500,000","2,700,000","11,000,000","6,847,000","7,200,000","6,700,000","7,000,000","7,149,000","4,300,000","4,600,000","3,900,000","3,860,000","2,800,000","4,600,000","3,000,000","3,100,000","2,700,000","2,200,000","1,800,000","2,400,000","1,600,000","1,300,000","1,300,000"
			NetIncomeDiscontinuousOperations,,,,,,,,,,,,,,,,,,,,,,,,,,"0","0","0","433,000","478,000","388,000","448,000","5,895,000","6,659,000","29,437,000","44,024,000","0","3,243,000","15,740,000","13,014,000","9,217,000","8,501,000","4,936,000","11,000","0","0","0","-2,000","0","2,225,000","324,000","1,481,000","1,853,000","340,000","510,000","-61,000","-59,000","-9,134,000","5,709,000","3,721,000","265,000","172,000","161,000","198,000","0","0","0","-127,000","-254,000","5,611,000","-54,000","0","0","14,000","1,902,000",,,,,,,,,,,,,,,,,,,,,,,,,,,,,,,,,,,,,,
			NetIncomeExtraordinary,,,,,,,,,,,,,,,,,,,,,,,,,,,,,,,,"3,636,000","3,121,000",,,,,,,,,,,,,,,,,,,,,,,,,,,,,,,,,,,,,,,,,,,,,"-1,312,000","1,000","-28,000",,"-407,000","-183,000","-443,000",,"0","0","-148,000",,,,,,,,,,,,,,,,,,,,,,,,,
			NetIncomeFromTaxLossCarryforward,,,,,,,,,,,,,,,,,,,,,,,,,,,,,,,,,,,,,,,,,,,,,,,,,,,,,,"404,000","85,000","773,000",,,,,,,,,,,,,,,,,,,,,,"-1,312,000","1,000","-28,000",,,,"-443,000",,,,,,"0",,,"-100,000","0",,"-600,000","-400,000",,,,,,,,,,,,,"0",,,"500,000"
		MinorityInterests,"-16,911,000","-5,275,000","-2,568,000","-7,397,000","-1,671,000","-2,957,000","-2,126,000","-2,666,000","-1,304,000","-5,471,000","-2,814,000","-2,224,000","-2,298,000","-2,235,000","-1,913,000","-2,174,000","-1,801,000","-4,557,000","-4,249,000","-1,840,000","-1,511,000","-2,672,000","-4,627,000","-2,486,000","-2,395,000","-2,380,000","-5,094,000","-7,574,000","-3,410,000","-1,933,000","-3,743,000","-1,773,000","-848,000","538,000","-1,772,000","-1,939,000","-825,000","-900,000","-1,212,000","-1,312,000","-1,178,000","-1,187,000","-660,000","-252,000","-311,000","-225,000","-224,000","-228,000","-437,000","-474,000","-260,000","-570,000","-706,000","-456,000","-321,000","-513,000","-532,000","-675,000","-1,034,000","-763,000","-1,038,000","-394,000","-375,000","-408,000","-413,000","-442,000","-91,000",,"260,000","-3,682,000","464,000","-534,000","-420,000","-2,477,000","778,000","-206,000","-133,000","-127,000","-28,000","-251,000","87,000","-469,000","-1,853,000","-149,000","102,000","-346,000","-337,000",,,"797,000","900,000","-400,000","1,200,000","-4,054,000","600,000","700,000","400,000","-5,293,000","800,000","900,000","800,000","900,000","600,000","1,000,000","700,000","700,000","600,000","700,000","500,000",,,,
	PreferredStockDividends,"3,688,000","922,000","922,000","922,000","922,000","922,000","922,000","922,000","922,000","922,000","922,000","922,000","922,000","922,000","922,000","922,000","922,000","922,000","922,000","922,000","922,000","307,000",,,,,,,,,,,,,,,,,,,,,,,,"-5,149,000","3,205,000","5,277,000","3,216,000","3,216,000","3,216,000","3,217,000","3,216,000","3,216,000","3,216,000","3,217,000","3,216,000","13,523,000","3,491,000","3,490,000","3,491,000","3,490,000","3,491,000","3,491,000","3,490,000","3,491,000","3,490,000","3,635,000","3,713,000","3,706,000","3,707,000","3,706,000","3,706,000","-1,963,000","9,532,000","3,925,000","3,925,000","3,944,000","4,028,000","4,029,000","4,028,000","4,028,000","4,028,000","4,029,000","4,028,000","4,027,000","4,028,000","4,029,000","4,030,000","4,014,000","4,000,000","4,000,000","4,000,000","3,430,000","3,400,000","2,300,000","2,300,000","1,652,000","1,200,000","1,200,000","1,200,000",,,,,,,,,,,,
	OtherunderPreferredStockDividend,"539,000",,,,,,,,"50,000",,,,,,,,,,,,,,,,,,,,,,,,,,,,,,,,,,,,,,,,,,,,,,,,,,,"3,721,000","265,000",,,"198,000",,,,,,,,,,,,,,,,,,,,,,,,,,,,,,,,,,,,,,,,,,,,,,,,,
AverageDilutionEarnings,"539,000",,,,,,,,"50,000",,,,"0",,,,,,,,,,,,,,,,,,,,,,,,,,,,,,,,,,,,,,,,,,,,,,,,,,,,,,,,,,,,,,,,,,,,,,,,,,,,,,,,,,,,,,,,,,,,,,,,,,,,
DilutedNIAvailtoComStockholders,"530,103,000","184,719,000","83,557,000","215,556,000","46,271,000","82,420,000","58,988,000","74,140,000","35,726,000","148,667,000","77,723,000","60,995,000","62,738,000","60,360,000","51,869,000","58,885,000","48,097,000","122,528,000","113,787,000","47,393,000","40,983,000","39,079,000","84,279,000","45,144,000","43,413,000","42,215,000","91,734,000","136,299,000","61,267,000","34,237,000","66,976,000","31,613,000","14,866,000","-5,274,000","44,284,000","59,089,000","21,180,000","22,282,000","30,866,000","28,160,000","23,890,000","18,758,000","13,791,000","7,428,000","8,844,000","6,940,000","3,544,000","1,383,000","6,196,000","6,090,000","3,402,000","6,931,000","7,923,000","4,517,000","2,977,000","5,427,000","4,463,000","-5,919,000","8,409,000","1,907,000","7,568,000","198,000","2,139,000","2,203,000","1,636,000","500,000","125,000","4,558,000","613,000","8,314,000","-576,000","1,286,000","1,349,000","281,000","-3,062,000","1,180,000","401,000","-2,911,000","-231,000","941,000","272,000","2,117,000","9,062,000","573,000","833,000","2,173,000","1,599,000","6,615,000","3,286,000","5,458,000","6,500,000","-1,300,000","6,900,000","3,427,000","3,800,000","3,800,000","4,300,000","-3,125,000","3,100,000","3,400,000","2,700,000","2,870,000","2,800,000","4,600,000","3,000,000","3,100,000","2,700,000","2,200,000","1,800,000","2,400,000","1,600,000","1,300,000","1,800,000"
BasicEPS,,"1.6","0.73","1.88","0.4","0.72","0.52","0.65","0.31","1.3","0.68","0.53","0.55","0.53","0.46","0.52","0.42","1.08","1","0.42","0.36","0.44","1.12","0.6","0.58","0.57","1.22","1.81","0.81","0.46","0.89","0.42","0.2","-0.124","1.036","1.383","0.496",,"0.74","0.69","0.605",,"0.37","0.2","0.25",,"0.11","0.04","0.21",,"0.12","0.25","0.28",,"0.108","0.2","0.17",,"0.33","0.22","0.31",,"0.09","0.1","0.07",,"0.01","0.21","0.03",,"-0.03","0.06","0.07",,"-0.17","0.07","0.02",,"-0.01","0.05","0.02",,"0.52","0.03","0.05",,"0.09","0.37","0.19",,"0.34","-0.07","0.37",,"0.2","0.2","0.24",,"0.24","0.27","0.26",,"0.26","0.42","0.27",,"0.25","0.25","0.21",,"0.25","0.26","0.24"
DilutedEPS,,"1.6","0.73","1.88","0.4","0.72","0.52","0.65","0.31","1.3","0.68","0.53","0.55","0.53","0.46","0.52","0.42","1.08","1","0.42","0.36","0.44","1.12","0.6","0.58","0.57","1.22","1.81","0.81","0.46","0.89","0.42","0.2","-0.124","1.036","1.37","0.496",,"0.74","0.69","0.6",,"0.37","0.2","0.24",,"0.11","0.04","0.21",,"0.12","0.25","0.28",,"0.108","0.2","0.17",,"0.33","0.22","0.31",,"0.09","0.1","0.07",,"0.01","0.21","0.03",,"-0.03","0.06","0.07",,"-0.17","0.07","0.02",,"-0.01","0.05","0.02",,"0.52","0.03","0.05",,"0.09","0.37","0.19",,"0.34","-0.07","0.37",,"0.2","0.2","0.24",,"0.24","0.27","0.26",,"0.26","0.42","0.27",,"0.25","0.25","0.21",,"0.25","0.26","0.24"
BasicAverageShares,,"115,158,000","114,933,000","114,494,000","114,263,000","114,220,000","114,216,000","114,204,000","114,111,000","113,967,000","113,877,000","113,838,000","113,726,000","113,690,000","113,671,000","113,646,000","113,507,000","113,453,000","113,434,000","113,403,000","113,338,000","88,109,000","75,302,000","75,277,000","75,249,000","75,203,000","75,189,000","75,168,000","75,145,000","75,114,000","75,058,000","74,948,000","74,803,000","74,830,726","42,744,978","42,736,134","42,683,322",,"41,405,000","40,983,000","39,505,000",,"37,274,000","36,836,000","35,706,334",,"33,312,000","30,628,000","29,130,000",,"28,364,000","28,105,000","28,085,000",,"27,474,000","26,599,000","25,628,000",,"25,362,000","25,288,000","25,087,000",,"23,990,000","23,152,000","22,134,000",,"21,548,000","21,351,000","20,928,000",,"20,338,000","20,275,000","20,038,000",,"18,302,000","17,824,000","17,752,000",,"17,579,000","17,498,000","17,455,000",,"17,406,000","17,397,000","17,479,000",,"17,483,000","17,584,000","17,630,000",,"19,117,647","18,571,429","18,648,649",,"19,000,000","19,000,000","17,916,667",,"11,320,755","12,592,593","10,384,615",,"10,769,231","10,952,381","11,111,111",,"10,800,000","8,800,000","8,571,429",,"6,400,000","7,500,000","7,500,000"
DilutedAverageShares,,"115,616,000","115,229,000","114,812,000","114,575,000","114,535,000","114,468,000","114,438,000","114,494,000","114,309,000","114,137,000","114,087,000","113,933,000","113,880,000","113,910,000","113,853,000","113,507,000","113,719,000","113,653,000","113,614,000","117,864,000","88,392,000","75,302,000","75,277,000","75,489,000","75,400,000","75,189,000","75,168,000","75,145,000","75,114,000","75,058,000","74,948,000","74,803,000","74,830,726","44,445,000","42,736,134","44,149,000",,"43,221,000","41,028,000","39,607,000",,"37,355,000","38,923,000","37,904,122",,"33,413,000","30,736,000","29,204,000",,"28,441,000","28,184,000","28,165,000",,"27,562,000","26,727,000","25,756,000",,"25,514,000","25,464,000","25,289,000",,"24,215,000","23,374,000","22,366,000",,"21,844,000","21,625,000","21,212,000",,"20,338,000","20,585,000","20,365,000",,"18,302,000","18,047,000","17,921,000",,"17,579,000","17,749,000","17,596,000",,"17,569,000","17,480,000","17,510,000",,"17,568,000","17,654,000","17,655,000",,"19,117,647","18,571,429","18,648,649",,"19,000,000","19,000,000","17,916,667",,"11,320,755","12,592,593","10,384,615",,"10,769,231","10,952,381","11,111,111",,"10,800,000","8,800,000","8,571,429",,"6,400,000","7,500,000","7,500,000"
TotalOperatingIncomeAsReported,,,,,,,,,,,,,,,"98,258,000","94,985,000","94,058,000","96,473,000","94,671,000","85,976,000","77,656,000","43,857,000","73,790,000","77,794,000","76,709,000","76,763,000","73,138,000","68,837,000","68,907,000","68,276,000","63,495,000","57,617,000","38,829,000","15,318,000","32,522,000","32,569,000","38,577,000","37,285,000","31,964,000","31,568,000","30,879,000","26,798,000","26,074,000","22,902,000","24,024,000","66,076,000","7,255,000","23,231,000","23,769,000","21,971,000","21,749,000","24,526,000","25,084,000","24,173,000","22,887,000","24,516,000","25,082,000","24,894,000","24,220,000","22,262,000","21,669,000","21,389,000","21,744,000","28,181,000","28,216,000","4,579,000","23,674,000","24,193,000","24,018,000","2,410,000","20,927,000","22,154,000","21,788,000","16,843,000","14,968,000","15,555,000","16,015,000","16,620,000","16,609,000","17,110,000","16,685,000","17,424,000","18,250,000","19,042,000","18,253,000","18,655,000","17,851,000","18,119,000","4,921,000",,,,,,,,,,,,,,,,,,,,,,,,
TotalExpenses,"1,313,214,000","331,924,000","333,950,000","327,451,000","319,889,000","314,512,000","321,544,000","306,948,000","307,467,000","299,914,000","309,607,000","302,138,000","299,161,000","289,372,000","296,972,000","292,262,000","288,160,000","280,773,000","285,749,000","292,608,000","295,091,000","225,658,000","198,174,000","194,021,000","191,594,000","185,953,000","188,204,000","188,895,000","188,565,000","181,576,000","184,795,000","182,044,000","198,729,000","194,098,000","98,322,000","95,317,000","94,780,000","95,130,000","93,803,000","91,489,000","89,386,000","88,040,000","89,161,000","86,067,000","83,095,000","81,060,000","79,110,000","75,184,000","73,719,000","73,205,000","72,745,000","69,800,000","68,516,000","70,665,000","70,586,000","68,318,000","59,884,000","58,182,000","59,115,000","64,465,000","63,322,000","38,536,000","61,005,000","52,182,000","50,430,000","51,193,000","51,481,000","48,669,000","47,423,000","46,683,000","46,600,000","44,722,000","44,700,000","47,634,000","45,369,000","42,604,000","41,744,000","45,506,000","41,585,000","39,753,000","39,271,000","38,720,000","38,927,000","39,065,000","38,358,000","38,039,000","39,086,000","37,482,000","50,487,000","246,721,000","-32,300,000","-31,200,000","-31,100,000","225,146,000","-30,400,000","-27,500,000","-27,000,000","134,031,000","-16,700,000","-15,600,000","-14,100,000","135,994,000","-13,600,000","-13,000,000","-12,900,000","-12,900,000","-13,000,000","-9,800,000","-9,600,000",,,,
NetIncomeFromContinuingAndDiscontinuedOperation,"533,791,000","185,641,000","84,479,000","216,478,000","47,193,000","83,342,000","59,910,000","75,062,000","36,648,000","149,589,000","78,645,000","61,917,000","63,660,000","61,282,000","52,791,000","59,807,000","49,019,000","123,450,000","114,709,000","48,315,000","41,905,000","39,386,000","84,279,000","45,144,000","43,413,000","42,987,000","91,734,000","136,299,000","61,267,000","34,525,000","66,976,000","27,977,000","11,745,000","-9,272,000","44,284,000","59,089,000","21,180,000","22,307,000","30,866,000","28,160,000","23,890,000","18,758,000","13,791,000","7,428,000","8,844,000","6,940,000","6,749,000","6,660,000","9,412,000","9,306,000","6,618,000","10,148,000","11,139,000","7,329,000","6,108,000","7,871,000","7,679,000","7,604,000","11,900,000","9,118,000","11,324,000","4,297,000","5,630,000","5,892,000","5,126,000","3,610,000","3,615,000","8,193,000","4,326,000","12,020,000","3,131,000","4,992,000","5,055,000","4,305,000","6,470,000","5,105,000","4,326,000","5,698,000","3,795,000","5,026,000","4,300,000","6,552,000","13,273,000","5,488,000","4,861,000","6,200,000","5,627,000","10,792,000","7,316,000","9,539,000","10,500,000","2,700,000","11,000,000","7,847,000","7,200,000","6,700,000","7,000,000","7,149,000","4,300,000","4,600,000","3,900,000","3,860,000","2,800,000","4,600,000","3,000,000","3,100,000","2,700,000","2,200,000","1,800,000","2,400,000","1,600,000","1,300,000","1,300,000"
NormalizedIncome,"317,909,638.482","102,516,038.355","84,617,526.063","82,840,494.736","47,193,000","83,297,412.411","58,538,800.796","75,055,106.857","37,045,930.624","67,270,581.705","77,663,056.968","61,623,145.835","54,796,658.258","61,247,431.143","53,722,433.847","59,869,422.622","52,622,174.483","64,351,228.774","58,910,516.803","50,199,624.693","48,014,629.787","45,545,545.899","41,756,143.688","43,212,493.193","42,692,542.29","43,906,849.621","38,062,795.728","31,885,795.071","34,548,726.964","36,449,592.854","33,973,495.676","32,616,155.43","11,559,662.185","11,772,000","18,626,100","18,826,550","21,285,950","17,788,050","16,613,200","16,896,000","14,794,000","11,166,350","9,937,250","9,068,000","9,551,200","5,037,450","7,813,700","8,366,300","9,440,600","7,799,250","6,766,550","9,210,400","9,898,950","7,236,000","6,716,000","7,977,500","7,793,900","20,058,850","6,217,000","5,134,400","11,059,000","4,135,800","5,491,800","5,580,600","5,126,000","3,925,000","3,083,400","8,320,000","4,387,400","4,227,400","3,013,400","3,939,600","4,053,600","4,135,000","3,323,000","4,788,200","4,278,600","5,722,000","3,871,800","4,725,400","4,261,600","6,552,000","13,273,000","5,491,000","4,759,600","6,200,000","4,955,600","10,792,000","7,316,000","6,719,000","7,440,000","5,340,000","8,180,000","7,847,000","7,200,000","6,700,000","7,000,000","7,149,000","4,300,000","4,600,000","3,900,000","3,680,000","2,800,000","3,400,000","3,000,000","3,100,000","2,700,000","2,200,000","1,800,000","2,400,000","1,600,000","1,300,000","1,300,000"
InterestIncome,,,,,,,,,,,,,,,,,,,"4,303,000","650,000","2,679,000","565,000","64,000","62,000","32,000","-9,000","-179,000","29,000","-157,000","-258,000","85,000","921,000","160,000","402,000","16,000","23,000","47,000","87,000","89,000","112,000","108,000","117,000","108,000","114,000","235,000","219,000","217,000","86,000","315,000","76,000","161,000","68,000","80,000","170,000","115,000","116,000",,,,,,,,,,,,,,,,,,,,,,,,,,,,,,,,,,,,,,,,,,,,,,,,,,,,,,,,,
InterestExpense,"156,881,000","39,108,000","39,234,000","38,867,000","39,672,000","40,952,000","41,010,000","42,118,000","43,482,000","43,698,000","44,513,000","45,936,000","45,700,000","44,454,000","44,650,000","43,585,000","40,905,000","39,746,000","39,940,000","38,481,000","36,584,000","33,529,000","32,168,000","32,039,000","32,211,000","33,543,000","29,342,000","29,528,000","29,931,000","30,374,000","28,251,000","30,163,000","30,676,000","30,200,000","14,941,000","15,271,000","15,716,000","15,773,000","14,698,000","14,270,000","14,350,000","14,997,000","15,487,000","14,149,000","13,990,000","14,514,000","13,598,000","13,993,000","13,891,000","14,022,000","14,371,000","14,472,000","14,229,000","15,826,000","15,004,000","15,145,000",,,,,,,,,,,,,,,,,,,,,,,,,,,,,,,,,,,,,,,,,,,,,,,,,,,,,,,,,
NetInterestIncome,"-156,881,000","-39,108,000","-39,234,000","-38,867,000","-39,672,000","-40,952,000","-41,010,000","-42,118,000","-43,482,000","-43,698,000","-44,513,000","-45,936,000","-45,700,000","-44,454,000","-44,650,000","-43,585,000","-40,905,000","-47,378,000","-35,637,000","-37,831,000","-33,905,000","-32,964,000","-32,104,000","-31,977,000","-32,179,000","-30,833,000","-30,229,000","-30,404,000","-30,848,000","-31,636,000","-29,166,000","-30,416,000","-31,827,000","-30,434,000","-15,745,000","-16,051,000","-16,473,000","-19,238,000","-14,609,000","-14,158,000","-14,242,000","-14,880,000","-15,379,000","-14,035,000","-13,755,000","-14,295,000","-13,381,000","-13,907,000","-13,576,000","-13,946,000","-14,210,000","-14,404,000","-14,149,000","-15,656,000","-14,889,000","-15,029,000",,,,,,,,,,,,,,,,,,,,,,,,,,,,,,,,,,,,,,,,,,,,,,,,,,,,,,,,,
EBIT,"720,009,000","237,518,000","128,826,000","264,462,000","89,203,000","127,698,000","103,283,000","120,728,000","81,694,000","199,196,000","127,085,000","110,324,000","111,902,000","108,180,000","99,568,000","105,780,000","91,867,000","168,113,000","159,204,000","88,925,000","80,294,000","75,872,000","121,528,000","80,227,000","78,179,000","79,161,000","126,683,000","173,822,000","94,666,000","67,179,000","95,900,000","57,069,000","37,668,000","14,447,000","31,500,000","32,228,000","37,667,000","31,974,000","33,307,000","30,728,000","30,201,000","27,786,000","26,666,000","21,818,000","23,145,000","23,420,000","22,274,000","23,717,000","23,745,000","22,782,000","21,779,000","24,633,000","25,084,000","24,173,000","22,887,000","24,516,000","32,260,000","32,841,000","31,049,000","22,314,000","21,669,000","46,352,000","21,744,000","28,182,000","28,216,000","26,804,000","23,674,000","24,193,000","24,018,000","22,007,000","20,927,000","22,154,000","21,788,000","16,843,000","14,968,000","15,555,000","16,015,000","16,620,000","16,609,000","17,110,000","16,685,000","17,424,000","18,250,000","19,042,000","18,253,000","18,655,000","17,851,000","18,119,000","4,921,000","-190,899,000","89,300,000","83,200,000","92,900,000","-169,303,000","86,500,000","80,100,000","78,000,000","-91,915,000","51,100,000","48,300,000","43,900,000","-108,712,000","41,900,000","42,300,000","40,000,000","39,800,000","39,400,000","30,900,000","29,900,000","41,900,000","14,500,000","10,600,000","7,700,000"
EBITDA,"1,254,424,000"
ReconciledCostOfRevenue,"1,204,598,000","302,593,000","307,449,000","300,585,000","293,971,000","289,599,000","297,493,000","284,661,000","279,560,000","275,213,000","284,223,000","278,086,000","272,166,000","268,255,000","279,289,000","271,655,000","265,148,000","259,733,000","267,107,000","272,329,000","271,270,000","208,003,000","183,605,000","178,697,000","176,008,000","171,456,000","174,697,000","175,252,000","173,506,000","168,656,000","170,855,000","167,253,000","187,376,000","182,020,000","89,153,000","86,482,000","86,210,000","178,891,000","51,466,000","49,665,000","48,936,000","46,650,000","50,104,000","46,572,000","44,885,000","-31,212,000","71,606,000","67,595,000","66,631,000","137,038,000","41,075,000","62,611,000","61,816,000","130,024,000","41,089,000","38,194,000",,,,,,,,,,,,,,,,,,,,,,,,,,,,,,,,,,,,,,,,,,,,,,,,,,,,,,,,,
ReconciledDepreciation,"534,415,000","135,737,000","134,766,000","132,092,000","131,820,000","129,740,000","127,833,000","127,448,000","126,657,000","125,580,000","124,944,000","124,184,000","123,082,000","121,772,000","124,702,000","123,160,000","121,361,000","119,593,000","118,075,000","126,790,000","130,082,000","95,210,000","76,959,000","75,966,000","75,148,000","71,246,000","74,064,000","75,553,000","74,034,000","72,921,000","71,213,000","70,630,000","91,469,000","90,578,000","33,922,000","33,999,000","34,237,000","34,504,000","33,350,000","32,792,000","31,549,000","31,854,000","30,157,000","28,862,000","28,456,000","28,285,000","27,141,000","25,591,000","25,675,000","25,296,000","24,500,000","24,406,000","24,191,000","25,108,000","22,271,000","22,906,000","22,896,000","22,476,000","22,573,000","21,682,000","21,849,000","22,017,000","20,132,000","19,860,000","19,415,000","20,021,000","19,638,000","18,893,000","18,509,000","18,044,000","17,162,000","17,504,000","17,696,000","16,803,000","15,211,000","14,527,000","14,539,000","14,556,000","14,942,000","14,311,000","14,166,000","13,701,000","13,446,000","13,730,000","13,526,000","13,595,000","13,357,000","13,340,000","14,310,000","12,957,000","13,300,000","13,300,000","13,200,000","12,869,000","12,100,000","11,900,000","11,500,000","8,846,000","7,000,000","6,700,000","6,200,000","5,943,000","5,600,000","5,400,000","5,300,000","5,100,000","4,700,000","3,800,000","3,700,000",,,,
NetIncomeFromContinuingOperationNetMinorityInterest,"533,791,000","185,641,000","84,479,000","216,478,000","47,193,000","83,342,000","59,910,000","75,062,000","36,648,000","149,589,000","78,645,000","61,917,000","63,660,000","61,282,000","52,791,000","59,807,000","49,019,000","123,450,000","114,709,000","48,315,000","41,905,000","39,386,000","84,279,000","45,144,000","43,413,000","42,987,000","91,734,000","136,299,000","60,834,000","34,047,000","66,588,000","27,529,000","5,850,000","-15,931,000","14,847,000","15,065,000","21,180,000","19,064,000","15,126,000","15,146,000","14,673,000","10,257,000","8,855,000","7,417,000","8,844,000","6,940,000","6,749,000","6,662,000","9,412,000","7,081,000","6,294,000","8,667,000","9,286,000","6,989,000","5,598,000","7,932,000","7,738,000","16,738,000","6,191,000","5,397,000","11,059,000","4,125,000","5,469,000","5,694,000","5,126,000","3,610,000","3,615,000","8,320,000","4,580,000","6,409,000","3,185,000","4,992,000","5,055,000","4,291,000","4,568,000","5,105,000","4,326,000","5,698,000","3,795,000","5,026,000","4,300,000","6,552,000","13,273,000","5,488,000","4,861,000","6,200,000","5,627,000","10,792,000","7,316,000","9,539,000","10,500,000","2,700,000","11,000,000","7,847,000","7,200,000","6,700,000","7,000,000","7,149,000","4,300,000","4,600,000","3,900,000","3,860,000","2,800,000","4,600,000","3,000,000","3,100,000","2,700,000","2,200,000","1,800,000","2,400,000","1,600,000","1,300,000","1,300,000"
TotalUnusualItemsExcludingGoodwill,"221,239,000","86,522,000","-143,000","134,860,000",,"45,000","1,386,000","7,000","-405,000","82,788,000","1,000,000","297,000","8,950,000","35,000","-942,000","-63,000","-3,649,000","59,427,000","56,100,000","-1,908,000","-6,202,000","-6,233,000","42,740,000","1,950,000","725,000","-925,000","53,955,000","104,702,000","26,494,000","-2,457,000","32,829,000","-5,188,000","-5,939,000","-27,703,000","-5,814,000","-5,787,000","-163,000","1,963,000","-2,288,000","-1,750,000","-121,000","-1,399,000","-1,665,000","-2,540,000","-1,088,000","2,927,000","-1,638,000","-2,622,000","-44,000","-1,105,000","-727,000","-836,000","-943,000","-380,000","-1,720,000","-70,000","-86,000","-5,109,000","-40,000","404,000",,"-18,000","-38,000","189,000",,"-525,000","886,000",,"321,000","3,636,000","286,000","1,754,000","1,669,000","260,000","2,075,000","528,000","79,000","-40,000","-128,000","501,000","64,000",,,"-5,000","169,000",,"1,119,000",,,"4,700,000","5,100,000","-4,400,000","4,700,000",,,,,,,,,"300,000",,"2,000,000",,,,,,,,,
TotalUnusualItems,"221,239,000","86,522,000","-143,000","134,860,000",,"45,000","1,386,000","7,000","-405,000","82,788,000","1,000,000","297,000","8,950,000","35,000","-942,000","-63,000","-3,649,000","59,427,000","56,100,000","-1,908,000","-6,202,000","-6,233,000","42,740,000","1,950,000","725,000","-925,000","53,955,000","104,702,000","26,494,000","-2,457,000","32,829,000","-5,188,000","-5,939,000","-27,703,000","-5,814,000","-5,787,000","-163,000","1,963,000","-2,288,000","-1,750,000","-121,000","-1,399,000","-1,665,000","-2,540,000","-1,088,000","2,927,000","-1,638,000","-2,622,000","-44,000","-1,105,000","-727,000","-836,000","-943,000","-380,000","-1,720,000","-70,000","-86,000","-5,109,000","-40,000","404,000",,"-18,000","-38,000","189,000",,"-525,000","886,000",,"321,000","3,636,000","286,000","1,754,000","1,669,000","260,000","2,075,000","528,000","79,000","-40,000","-128,000","501,000","64,000",,,"-5,000","169,000",,"1,119,000",,,"4,700,000","5,100,000","-4,400,000","4,700,000",,,,,,,,,"300,000",,"2,000,000",,,,,,,,,
NormalizedEBITDA,"1,033,185,000","286,733,000","263,735,000","261,694,000","221,023,000","257,393,000","229,730,000","248,169,000","208,756,000","241,988,000","251,029,000","234,211,000","226,034,000","229,917,000","225,212,000","229,003,000","216,877,000","228,279,000","221,179,000","217,623,000","216,578,000","177,315,000","155,747,000","154,243,000","152,602,000","151,332,000","146,792,000","144,673,000","142,206,000","142,557,000","134,284,000","132,887,000","135,076,000","132,728,000","71,236,000","72,014,000","72,067,000","64,515,000","68,945,000","65,270,000","61,871,000","61,039,000","58,488,000","53,220,000","52,689,000","48,778,000","51,053,000","51,930,000","49,464,000","49,183,000","47,006,000","49,875,000","50,218,000","49,661,000","47,165,000","47,492,000","55,242,000","60,426,000","53,662,000","43,592,000","43,518,000","68,387,000","41,914,000","48,012,000","47,631,000","47,350,000","42,426,000","43,086,000","42,206,000","36,415,000","38,258,000","37,904,000","37,815,000","33,386,000","28,184,000","29,554,000","30,475,000","31,216,000","31,679,000","30,920,000","30,787,000","31,125,000","31,696,000","32,777,000","31,610,000","32,250,000","30,089,000","31,596,000","19,231,000","-182,642,000","97,500,000","100,900,000","101,400,000","-156,434,000","98,600,000","92,000,000","89,500,000","-83,069,000","58,100,000","55,000,000","50,100,000","-103,069,000","47,500,000","45,700,000","45,300,000","44,900,000","44,100,000","34,700,000","33,600,000","41,900,000","14,500,000","10,600,000","7,700,000"
TaxRateForCalcs,"0.024","0.039","0.031","0.009","0.02","0.009","0.011","0.015","0.017","0.006","0.018","0.011","0.01","0.012","0.011","0.009","0.013","0.006","0.005","0.012","0.015","0.012","0.005","0.009","0.006","0.006","0.005","0.003","0.008","0.022","0.007","0.019","0.039","0","0.35","0.35","0.35","0.35","0.35","0","0","0.35","0.35","0.35","0.35","0.35","0.35","0.35","0.35","0.35","0.35","0.35","0.35","0.35","0.35","0.35","0.35","0.35","0.35","0.35","0.35","0.4","0.4","0.4","0.4","0.4","0.4","0.4","0.4","0.4","0.4","0.4","0.4","0.4","0.4","0.4","0.4","0.4","0.4","0.4","0.4","0.4","0.4","0.4","0.4","0.4","0.4","0.4","0.4","0.4","0.4","0.4","0.4","0.4","0.4","0.4","0.4","0.4","0.4","0.4","0.4","0.4","0.4","0.4","0.4","0.4","0.4","0.4","0.4","0.4","0.4","0.4","0.4"
TaxEffectOfUnusualItems,"5,357,638.482","3,397,038.355","-4,473.937","1,222,494.736","0","412.411","14,800.796","106.857","-7,069.376","469,581.705","18,056.968","3,145.835","86,658.258","431.143","-10,566.153","-577.378","-45,825.517","328,228.774","301,516.803","-23,375.307","-92,370.213","-73,454.101","217,143.688","18,493.193","4,542.29","-5,150.379","283,795.728","288,795.071","208,726.964","-54,407.146","214,495.676","-100,844.57","-229,337.815","0","-2,034,900","-2,025,450","-57,050","687,050","-800,800","0","0","-489,650","-582,750","-889,000","-380,800","1,024,450","-573,300","-917,700","-15,400","-386,750","-254,450","-292,600","-330,050","-133,000","-602,000","-24,500","-30,100","-1,788,150","-14,000","141,400","0","-7,200","-15,200","75,600","0","-210,000","354,400","0","128,400","1,454,400","114,400","701,600","667,600","104,000","830,000","211,200","31,600","-16,000","-51,200","200,400","25,600","0","0","-2,000","67,600","0","447,600","0","0","1,880,000","2,040,000","-1,760,000","1,880,000","0","0","0","0","0","0","0","0","120,000","0","800,000","0","0","0","0","0","0","0","0","0"