name,ttm,12/31/2021,09/30/2021,06/30/2021,03/31/2021,12/31/2020,09/30/2020,06/30/2020,03/31/2020,12/31/2019,09/30/2019,06/30/2019,03/31/2019,12/31/2018,09/30/2018,06/30/2018,03/31/2018,12/31/2017,09/30/2017,06/30/2017,03/31/2017,12/31/2016,09/30/2016,06/30/2016,03/31/2016,12/31/2015,09/30/2015,06/30/2015,03/31/2015,12/31/2014,09/30/2014,06/30/2014,03/31/2014,12/31/2013,09/30/2013,06/30/2013,03/31/2013,12/31/2012,09/30/2012,06/30/2012,03/31/2012,12/31/2011,09/30/2011,06/30/2011,03/31/2011,12/31/2010,09/30/2010,06/30/2010,03/31/2010,12/31/2009,09/30/2009,06/30/2009,03/31/2009,12/31/2008,09/30/2008,06/30/2008,03/31/2008,12/31/2007,09/30/2007,06/30/2007,03/31/2007,12/31/2006,09/30/2006,06/30/2006,03/31/2006,12/31/2005,09/30/2005,06/30/2005,03/31/2005,12/31/2004,09/30/2004,06/30/2004,03/31/2004,12/31/2003,09/30/2003,06/30/2003,03/31/2003,12/31/2002,09/30/2002,06/30/2002,03/31/2002,12/31/2001,09/30/2001,06/30/2001,03/31/2001,12/31/2000,09/30/2000,06/30/2000,03/31/2000,12/31/1999,09/30/1999,06/30/1999,03/31/1999,12/31/1998,09/30/1998,06/30/1998,03/31/1998,12/31/1997,09/30/1997,06/30/1997,03/31/1997,12/31/1996,09/30/1996,06/30/1996,03/31/1996,12/31/1995,09/30/1995,06/30/1995,03/31/1995,12/31/1994,09/30/1994,06/30/1994,03/31/1994,12/31/1993,09/30/1993,06/30/1993,03/31/1993,12/31/1992,09/30/1992,06/30/1992,03/31/1992,12/31/1991,09/30/1991,06/30/1991,03/31/1991,12/31/1990,09/30/1990,06/30/1990,03/31/1990,12/31/1989,09/30/1989,06/30/1989,03/31/1989,12/31/1988,09/30/1988,06/30/1988,03/31/1988,12/31/1987,09/30/1987,06/30/1987,03/31/1987,12/31/1986,09/30/1986,06/30/1986,03/31/1986,12/31/1985,09/30/1985
TotalRevenue,"8,375,000,000","2,022,000,000","2,204,000,000","2,179,000,000","1,970,000,000","1,860,000,000","1,983,000,000","1,764,000,000","1,581,000,000","920,000,000","1,947,000,000","2,275,000,000","1,908,000,000","2,041,000,000","2,101,000,000","2,297,000,000","1,920,000,000","1,874,000,000","1,936,000,000","2,057,000,000","1,777,000,000","1,759,000,000","1,877,000,000","2,001,000,000","1,720,000,000","1,715,000,000","1,839,000,000","1,929,000,000","2,018,000,000","2,064,000,000","2,232,000,000","2,260,000,000","1,965,000,000","1,998,000,000","2,150,000,000","2,149,000,000","1,876,000,000","1,890,000,000","1,976,000,000","2,004,000,000","1,875,000,000","1,667,000,000","2,006,000,000","2,022,000,000","1,772,000,000","1,735,000,000","1,957,000,000","2,048,000,000","1,852,000,000","1,869,000,000","2,094,000,000","2,036,000,000","1,819,000,000","1,979,000,000","2,528,000,000","2,640,000,000","2,446,000,000","2,698,000,000","3,059,000,000","3,148,000,000","2,881,000,000","2,946,000,000","3,295,000,000","3,389,000,000","3,186,000,000","2,965,000,000","3,360,000,000","3,348,000,000","2,969,000,000","3,034,000,000","3,173,000,000","3,061,000,000","2,806,000,000","2,862,210,000","2,917,900,000","2,787,650,000","2,498,300,000","2,487,400,000","2,518,000,000","2,314,000,000","2,100,000,000","2,115,000,000","2,247,000,000","2,085,000,000","1,911,000,000","1,733,000,000","1,893,000,000","1,871,000,000","1,746,000,000","1,645,000,000","1,704,000,000","1,269,000,000","1,147,000,000","1,099,000,000","1,122,000,000","1,085,000,000","1,039,000,000","990,000,000","1,003,000,000","913,000,000","854,000,000","843,000,000","843,000,000","787,000,000","764,000,000","-742,000,000","1,235,000,000","1,208,000,000","1,226,000,000","1,148,000,000","1,150,000,000","1,120,000,000","1,050,000,000","1,010,000,000","982,000,000","948,000,000","946,000,000","908,000,000","899,000,000","867,000,000","851,000,000","806,000,000","804,000,000","778,000,000","753,000,000","767,000,000","807,000,000","825,000,000","810,000,000","781,500,000","793,000,000","791,000,000","659,000,000","609,600,000","614,000,000","616,000,000","556,000,000","543,300,000","541,000,000","489,000,000","450,000,000","450,000,000","367,000,000","327,000,000","308,000,000","704,900,000","155,400,000"
	OperatingRevenue,"8,375,000,000","2,022,000,000","2,204,000,000","2,179,000,000","1,970,000,000","1,860,000,000","1,983,000,000","1,764,000,000","1,581,000,000","920,000,000","1,947,000,000","2,275,000,000","1,908,000,000","2,041,000,000","2,101,000,000","2,297,000,000","1,920,000,000","1,874,000,000","1,936,000,000","2,057,000,000","1,777,000,000","1,759,000,000","1,877,000,000","2,001,000,000","1,720,000,000","1,715,000,000","1,839,000,000","1,929,000,000","2,018,000,000","2,064,000,000","2,232,000,000","2,260,000,000","1,965,000,000","1,998,000,000","2,150,000,000","2,149,000,000","1,876,000,000","1,890,000,000","1,976,000,000","2,004,000,000","1,875,000,000","1,667,000,000","2,006,000,000","2,022,000,000","1,772,000,000","1,735,000,000","1,957,000,000","2,048,000,000","1,852,000,000","1,869,000,000","2,094,000,000","2,036,000,000","1,819,000,000","1,979,000,000","2,528,000,000","2,640,000,000","2,446,000,000","2,698,000,000","3,059,000,000","3,148,000,000","2,881,000,000","2,946,000,000","3,295,000,000","3,389,000,000","3,186,000,000","2,965,000,000","3,360,000,000","3,348,000,000","2,969,000,000","3,034,000,000","3,173,000,000","3,061,000,000","2,806,000,000","2,862,210,000","2,917,900,000","2,787,650,000","2,498,300,000","2,487,400,000","2,518,000,000","2,314,000,000","2,100,000,000","2,115,000,000","2,247,000,000","2,085,000,000","1,911,000,000","1,733,000,000","1,893,000,000","1,871,000,000","1,746,000,000","1,645,000,000","1,704,000,000","1,269,000,000","1,147,000,000","1,099,000,000","1,122,000,000","1,085,000,000","1,039,000,000","990,000,000","1,003,000,000","913,000,000","854,000,000","843,000,000","843,000,000","787,000,000","764,000,000","-742,000,000","1,235,000,000","1,208,000,000","1,226,000,000","1,148,000,000","1,150,000,000","1,120,000,000","1,050,000,000","1,010,000,000","982,000,000","948,000,000","946,000,000","908,000,000","899,000,000","867,000,000","851,000,000","806,000,000","804,000,000","778,000,000","753,000,000","767,000,000","807,000,000","825,000,000","810,000,000","781,500,000","793,000,000","791,000,000","659,000,000","609,600,000","614,000,000","616,000,000","556,000,000","543,300,000","541,000,000","489,000,000","450,000,000","450,000,000","367,000,000","327,000,000","308,000,000","704,900,000","155,400,000"
CostOfRevenue,"5,512,000,000","1,403,000,000","1,451,000,000","1,388,000,000","1,270,000,000","1,200,000,000","1,231,000,000","1,136,000,000","1,034,000,000","523,000,000","1,282,000,000","1,493,000,000","1,309,000,000","1,388,000,000","1,434,000,000","1,547,000,000","1,301,000,000","1,258,000,000","1,286,000,000","1,320,000,000","1,169,000,000","1,186,000,000","1,263,000,000","1,301,000,000","1,151,000,000","1,183,000,000","1,250,000,000","1,292,000,000","1,450,000,000","1,496,000,000","1,621,000,000","1,599,000,000","1,418,000,000","1,467,000,000","1,543,000,000","1,540,000,000","1,368,000,000","1,449,000,000","1,476,000,000","1,479,000,000","1,390,000,000","1,335,000,000","1,511,000,000","1,490,000,000","1,347,000,000","1,427,000,000","1,463,000,000","1,502,000,000","1,360,000,000","1,382,000,000","1,524,000,000","1,490,000,000","1,403,000,000","1,581,000,000","1,880,000,000","1,941,000,000","1,818,000,000","2,008,000,000","2,197,000,000","2,241,000,000","2,125,000,000","2,203,000,000","2,372,000,000","2,403,000,000","2,306,000,000","2,146,000,000","2,396,000,000","2,363,000,000","2,128,000,000","2,132,000,000","2,182,000,000","2,087,000,000","1,955,000,000","1,982,340,000","2,014,980,000","1,934,360,000","1,744,540,000","1,729,850,000","1,717,040,000","1,549,650,000","1,454,050,000","1,509,900,000","1,530,300,000","1,429,100,000","1,337,500,000","1,187,530,000","1,215,900,000","1,196,700,000","1,125,900,000","916,500,000","1,082,000,000","812,600,000","730,300,000","618,500,000","717,100,000","691,400,000","659,200,000","529,200,000","634,000,000","578,200,000","539,500,000","461,600,000","522,000,000","496,600,000","480,300,000","-723,900,000","842,800,000","821,900,000","815,400,000","662,400,000","767,300,000","753,500,000","698,000,000","571,900,000","662,100,000","638,500,000","633,100,000","502,100,000","605,500,000","581,700,000","577,200,000","476,600,000","557,200,000","544,200,000","525,800,000","452,800,000","558,800,000","557,200,000","547,200,000","481,900,000","548,800,000",,,,,,,,,,,,,,,,
GrossProfit,"2,863,000,000","619,000,000","753,000,000","791,000,000","700,000,000","660,000,000","752,000,000","628,000,000","547,000,000","397,000,000","665,000,000","782,000,000","599,000,000","653,000,000","667,000,000","750,000,000","619,000,000","616,000,000","650,000,000","737,000,000","608,000,000","573,000,000","614,000,000","700,000,000","569,000,000","532,000,000","589,000,000","637,000,000","568,000,000","568,000,000","611,000,000","661,000,000","547,000,000","531,000,000","607,000,000","609,000,000","508,000,000","441,000,000","500,000,000","525,000,000","485,000,000","332,000,000","495,000,000","532,000,000","425,000,000","308,000,000","494,000,000","546,000,000","492,000,000","487,000,000","570,000,000","546,000,000","416,000,000","398,000,000","648,000,000","699,000,000","628,000,000","690,000,000","862,000,000","907,000,000","756,000,000","743,000,000","923,000,000","986,000,000","880,000,000","819,000,000","964,000,000","985,000,000","841,000,000","902,000,000","991,000,000","974,000,000","851,000,000","879,870,000","902,920,000","853,290,000","753,760,000","757,550,000","800,960,000","764,350,000","645,950,000","605,100,000","716,700,000","655,900,000","573,500,000","545,470,000","677,100,000","674,300,000","620,100,000","728,500,000","622,000,000","456,400,000","416,700,000","480,500,000","404,900,000","393,600,000","379,800,000","460,800,000","369,000,000","334,800,000","314,500,000","381,400,000","321,000,000","290,400,000","283,700,000","-18,100,000","392,200,000","386,100,000","410,600,000","485,600,000","382,700,000","366,500,000","352,000,000","438,100,000","319,900,000","309,500,000","312,900,000","405,900,000","293,500,000","285,300,000","273,800,000","329,400,000","246,800,000","233,800,000","227,200,000","314,200,000","248,200,000","267,800,000","262,800,000","299,600,000","244,200,000",,,,,,,,,,,,,,,,
OperatingExpense,"1,413,000,000","356,000,000","368,000,000","354,000,000","335,000,000","353,000,000","328,000,000","289,000,000","322,000,000","227,000,000","349,000,000","390,000,000","372,000,000","344,000,000","367,000,000","392,000,000","375,000,000","352,000,000","355,000,000","380,000,000","355,000,000","358,000,000","345,000,000","365,000,000","335,000,000","320,000,000","331,000,000","358,000,000","397,000,000","382,000,000","409,000,000","421,000,000","395,000,000","390,000,000","395,000,000","421,000,000","376,000,000","375,000,000","398,000,000","403,000,000","383,000,000","347,000,000","393,000,000","441,000,000","404,000,000","385,000,000","392,000,000","427,000,000","414,000,000","421,000,000","432,000,000","434,000,000","423,000,000","422,000,000","452,000,000","484,000,000","468,000,000","727,000,000","488,000,000","542,000,000","499,000,000","812,000,000","523,000,000","542,000,000","523,000,000","527,000,000","495,000,000","512,000,000","498,000,000","688,000,000","500,000,000","497,000,000","464,000,000","625,630,000","423,550,000","464,280,000","438,860,000","367,650,000","545,460,000","369,250,000","355,350,000","391,500,000","385,800,000","377,400,000","356,700,000","358,770,000","376,900,000","373,000,000","351,600,000","463,100,000","476,700,000","251,400,000","231,000,000","320,700,000","224,300,000","219,800,000","213,500,000","305,800,000","210,500,000","191,000,000","184,700,000","267,200,000","184,200,000","172,500,000","172,100,000","-12,900,000","258,500,000","261,800,000","261,000,000","372,000,000","241,300,000","233,800,000","230,100,000","338,700,000","215,200,000","212,500,000","210,100,000","319,100,000","195,700,000","190,800,000","194,300,000","281,500,000","170,000,000","169,000,000","163,600,000","264,200,000","152,900,000","156,500,000","156,600,000","233,100,000","139,400,000",,,,,,,,,,,,,,,,
	SellingGeneralAndAdministration,"1,413,000,000","356,000,000","368,000,000","354,000,000","335,000,000","353,000,000","328,000,000","289,000,000","322,000,000","227,000,000","349,000,000","390,000,000","372,000,000","344,000,000","367,000,000","392,000,000","375,000,000","352,000,000","355,000,000","380,000,000","355,000,000","358,000,000","345,000,000","365,000,000","335,000,000","320,000,000","331,000,000","358,000,000","397,000,000","382,000,000","409,000,000","421,000,000","395,000,000","390,000,000","395,000,000","421,000,000","376,000,000","375,000,000","398,000,000","403,000,000","383,000,000","347,000,000","393,000,000","441,000,000","404,000,000","385,000,000","392,000,000","427,000,000","414,000,000","421,000,000","432,000,000","434,000,000","423,000,000","422,000,000","452,000,000","484,000,000","468,000,000","500,000,000","488,000,000","542,000,000","499,000,000","492,000,000","523,000,000","532,000,000","523,000,000","458,000,000","496,000,000","515,000,000","500,000,000","520,000,000","502,000,000","504,000,000","485,000,000","484,510,000","481,150,000","464,280,000","452,380,000","402,480,000","379,460,000","369,250,000","355,350,000","368,300,000","361,900,000","354,300,000","333,700,000","168,240,000","359,200,000","357,100,000","337,400,000","313,000,000","463,600,000","241,300,000","222,800,000","204,600,000","216,900,000","213,000,000","207,500,000","202,600,000","205,100,000","187,200,000","181,000,000","176,100,000","180,900,000","169,800,000","172,100,000","-103,000,000","258,500,000","261,800,000","261,000,000","251,400,000","241,300,000","233,800,000","230,100,000","222,700,000","215,200,000","212,500,000","210,100,000","204,600,000","195,700,000","190,800,000","194,300,000","178,800,000","170,000,000","169,000,000","163,600,000","170,700,000","152,900,000","156,500,000","156,600,000","144,000,000","139,400,000",,,,,,,,,,,,,,,,
	DepreciationAmortizationDepletionIncomeStatement,,,,,,,,,,,,,,,,,,,,,,,,,,,,,,,,,,,,,,,,,,,,,,,,,,,,,,,,,,,,,,,,,,,,,,,,,,,,,,,,,,"23,200,000","23,900,000","23,100,000","23,000,000","190,530,000","17,700,000","15,900,000","14,200,000","150,100,000","13,100,000","10,100,000","8,200,000","116,100,000","7,400,000","6,800,000","6,000,000","103,200,000","5,400,000","3,800,000","3,700,000","91,100,000","3,300,000","2,700,000",,,,,,,,,,,,,,,,,,,,,,,,,,,,,,,,,,,,,,,,,,,
		DepreciationAndAmortizationInIncomeStatement,,,,,,,,,,,,,,,,,,,,,,,,,,,,,,,,,,,,,,,,,,,,,,,,,,,,,,,,,,,,,,,,,,,,,,,,,,,,,,,,,,"23,200,000","23,900,000","23,100,000","23,000,000","190,530,000","17,700,000","15,900,000","14,200,000","150,100,000","13,100,000","10,100,000","8,200,000","116,100,000","7,400,000","6,800,000","6,000,000","103,200,000","5,400,000","3,800,000","3,700,000","91,100,000","3,300,000","2,700,000",,,,,,,,,,,,,,,,,,,,,,,,,,,,,,,,,,,,,,,,,,,
			Amortization,,,,,,,,,,,,,,,,,,,,,,,,,,,,,,,,,,,,,,,,,,,,,,,,,,,,,,,,,,,,,,,,,,,,,,,,,,,,,,,,,,"23,200,000","23,900,000","23,100,000","23,000,000",,,,,,,,,,,,,,,,,,,,,,,,,,,,,,,,,,,,,,,,,,,,,,,,,,,,,,,,,,,,,,
				AmortizationOfIntangiblesIncomeStatement,,,,,,,,,,,,,,,,,,,,,,,,,,,,,,,,,,,,,,,,,,,,,,,,,,,,,,,,,,,,,,,,,,,,,,,,,,,,,,,,,,"23,200,000","23,900,000","23,100,000","23,000,000",,,,,,,,,,,,,,,,,,,,,,,,,,,,,,,,,,,,,,,,,,,,,,,,,,,,,,,,,,,,,,
	OtherOperatingExpenses,,,,,,,,,,,,,,,,,,,,,,,,,,,,,,,,,,,,,,,,,,,,,,,,,,,,,,,,,,,,,,"320,000,000",,"10,000,000",,"69,000,000","-1,000,000","-3,000,000","-2,000,000","168,000,000","-2,000,000","-7,000,000","-21,000,000","141,120,000","-57,600,000",,"-13,520,000","-34,830,000","166,000,000",,,,,,,,,,,,,,,,,,,,,,,,,,,,,,,,,,,,,,,,,,,,,,,,,,,,,,,,,,,,,,,,,,,,
OperatingIncome,"1,450,000,000","263,000,000","385,000,000","437,000,000","365,000,000","307,000,000","424,000,000","339,000,000","225,000,000","170,000,000","316,000,000","392,000,000","227,000,000","309,000,000","300,000,000","358,000,000","244,000,000","264,000,000","295,000,000","357,000,000","253,000,000","215,000,000","269,000,000","335,000,000","234,000,000","212,000,000","258,000,000","279,000,000","171,000,000","186,000,000","202,000,000","240,000,000","152,000,000","141,000,000","212,000,000","188,000,000","132,000,000","66,000,000","102,000,000","122,000,000","102,000,000","-15,000,000","102,000,000","91,000,000","21,000,000","-77,000,000","102,000,000","119,000,000","78,000,000","66,000,000","138,000,000","112,000,000","-7,000,000","-24,000,000","196,000,000","215,000,000","160,000,000","-37,000,000","374,000,000","365,000,000","257,000,000","-69,000,000","400,000,000","444,000,000","357,000,000","292,000,000","469,000,000","473,000,000","343,000,000","214,000,000","491,000,000","477,000,000","387,000,000","254,240,000","479,370,000","389,010,000","314,900,000","389,900,000","255,500,000","395,100,000","290,600,000","213,600,000","330,900,000","278,500,000","216,800,000","186,700,000","300,200,000","301,300,000","268,500,000","265,400,000","145,300,000","205,000,000","185,700,000","159,800,000","180,600,000","173,800,000","166,300,000","155,000,000","158,500,000","143,800,000","129,800,000","114,200,000","136,800,000","117,900,000","111,600,000","-5,200,000","133,700,000","124,300,000","149,600,000","113,600,000","141,400,000","132,700,000","121,900,000","99,400,000","104,700,000","97,000,000","102,800,000","86,800,000","97,800,000","94,500,000","79,500,000","47,900,000","76,800,000","64,800,000","63,600,000","50,000,000","95,300,000","111,300,000","106,200,000","66,500,000","104,800,000","791,000,000","659,000,000","-1,432,800,000","614,000,000","616,000,000","556,000,000","-1,123,900,000","541,000,000","489,000,000","450,000,000","-738,300,000","367,000,000","327,000,000","308,000,000","-249,400,000","155,400,000"
NetNonOperatingInterestIncomeExpense,"-278,000,000","-25,000,000","-26,000,000","-25,000,000","-202,000,000","-34,000,000","-40,000,000","-35,000,000","-35,000,000","-40,000,000","-39,000,000","-41,000,000","-39,000,000","-39,000,000","-38,000,000","-38,000,000","-41,000,000","-39,000,000","-43,000,000","-153,000,000","-43,000,000","-43,000,000","-43,000,000","-87,000,000","-56,000,000","-54,000,000","-54,000,000","-61,000,000","-56,000,000","-55,000,000","-57,000,000","-56,000,000","-56,000,000","-55,000,000","-58,000,000","-60,000,000","-60,000,000","-60,000,000","-61,000,000","-68,000,000","-64,000,000","-64,000,000","-63,000,000","-64,000,000","-63,000,000","-64,000,000","-63,000,000","-67,000,000","-58,000,000","-56,000,000","-56,000,000","-57,000,000","-56,000,000",,,,,,,,,,,,,,,,,,,,,,,,,,,,,,,,,,,,,,,,,,,,,,,,,,,,,,,,,,,,,,,,,,,,,,,,,,,,,,,,,,,,,,,,,,,,,,
	InterestIncomeNonOperating,,,,,,,,,,,,,,,,,,,,,,,,,,,,,,,,,,,,,,"0","1,000,000",,,,,,,,,,,,,,,,,,,,,,,,,,,,,,,,,,,,,,,,,,,,,,,,,,,,,,,,,,,,,,,,,,,,,,,,,,,,,,,,,,,,,,,,,,,,,,,,,,,,,,,,,,,,
	InterestExpenseNonOperating,"278,000,000","25,000,000","26,000,000","25,000,000","202,000,000","34,000,000","40,000,000","35,000,000","35,000,000","40,000,000","39,000,000","41,000,000","39,000,000","39,000,000","38,000,000","38,000,000","41,000,000","39,000,000","43,000,000","153,000,000","43,000,000","43,000,000","43,000,000","87,000,000","56,000,000","54,000,000","54,000,000","61,000,000","56,000,000","56,000,000","57,000,000","56,000,000","56,000,000","57,000,000","58,000,000","60,000,000","60,000,000","60,000,000","62,000,000","68,000,000","64,000,000","64,000,000","63,000,000","64,000,000","63,000,000","63,000,000","63,000,000","67,000,000","58,000,000","56,000,000","56,000,000","57,000,000","56,000,000",,,,,,,,,,,,,,,,,,,,,,,,,,,,,,,,,,,,,,,,,,,,,,,,,,,,,,,,,,,,,,,,,,,,,,,,,,,,,,,,,,,,,,,,,,,,,,
OtherIncomeExpense,"-484,000,000","-46,000,000","-17,000,000","-415,000,000","-6,000,000","2,000,000","-4,000,000","-2,000,000","-16,000,000","1,000,000","-8,000,000","-4,000,000","-20,000,000","-2,000,000",,"-8,000,000","-3,000,000","-64,000,000","4,000,000","51,000,000","3,000,000","1,000,000","1,000,000","5,000,000","-1,000,000","2,000,000","-6,000,000","3,000,000","1,000,000","9,000,000","7,000,000","6,000,000","-3,000,000","-16,000,000","-58,000,000","3,000,000","7,000,000","-43,000,000","4,000,000","-73,000,000","15,000,000","-491,000,000","22,000,000","31,000,000","21,000,000","-712,000,000","-1,000,000","-36,000,000","2,000,000","-255,000,000","7,000,000","8,000,000","-3,000,000","-500,000,000","2,000,000","1,000,000","-28,000,000","-226,000,000","20,000,000","5,000,000","42,000,000","-306,000,000","10,000,000","-56,000,000","34,000,000","-18,000,000","-8,000,000","19,000,000","39,000,000","-108,000,000","21,000,000","46,000,000","73,000,000","-138,250,000","64,100,000","33,840,000","26,070,000","11,060,000","-181,300,000","-16,200,000","-7,900,000","37,930,000","-551,100,000","-5,100,000","18,500,000","-107,020,000","48,000,000","40,800,000","46,300,000","37,300,000","-400,000","39,900,000","34,400,000","46,500,000","39,100,000","35,700,000","38,500,000","36,100,000","32,100,000","27,500,000","27,900,000","55,300,000","20,400,000","8,400,000","12,800,000","2,800,000","7,300,000","10,100,000","3,000,000","-113,300,000","5,700,000","11,300,000","14,000,000","20,400,000","17,500,000","12,600,000","14,100,000","8,600,000","12,300,000","13,200,000","12,800,000","-40,100,000","6,000,000","8,600,000","-3,500,000","-33,500,000","1,300,000","5,300,000","25,800,000","-16,100,000","12,900,000",,,,,,,,,,,,,,,,
	GainOnSaleOfSecurity,"3,000,000","-1,000,000","-4,000,000","5,000,000","3,000,000","0","4,000,000","7,000,000","-8,000,000",,"-3,000,000","2,000,000","1,000,000","0","2,000,000","-5,000,000","1,000,000","-1,000,000","4,000,000","1,000,000","3,000,000","2,000,000","-1,000,000","5,000,000","2,000,000","1,000,000","-6,000,000","1,000,000","1,000,000","1,000,000","6,000,000","3,000,000",,"3,000,000","1,000,000","6,000,000","4,000,000","4,000,000","2,000,000",,"16,000,000",,,,,,,,,,,,,,,,,,,,,,,,,,,,,,,,,,,,,,,,,,,,,,,,,,,,,,,,,,,,,,,,,,,,,,,,,,,,,,,,,,,,,,,,,,,,,,,,,,,,,,,,,,
	EarningsFromEquityInterest,"11,000,000","4,000,000","5,000,000","0","2,000,000","2,000,000","1,000,000",,,"0","1,000,000","0",,"1,000,000","0","2,000,000",,"0","0","1,000,000","0",,,,,,,,,,,,,,,,,,,,,,,,,,,,,,,,,,,,,,,,,,,,,,,,,,,,,,,,,,,,,,,,,,,,,,,,,,,,,,,,,,,,,,,,,,,,,,,,,,,,,,,,,,,,,,,,,,,,,,,,,,,,,,
	SpecialIncomeCharges,"-63,000,000","-45,000,000","0","-18,000,000",,"0","0","0","0","0","0","0","-16,000,000","0","0",,,"-64,000,000","0","49,000,000",,,,,,"0",,,,"8,000,000",,,,"0","0","0","0","-69,000,000","4,000,000","-73,000,000","15,000,000","-491,000,000","22,000,000","31,000,000","21,000,000","-712,000,000","-1,000,000","-36,000,000","0","-255,000,000","7,000,000","8,000,000","-3,000,000","-500,000,000","2,000,000","1,000,000","-28,000,000","-226,000,000","20,000,000","5,000,000","42,000,000","-306,000,000","10,000,000","-56,000,000","34,000,000","-18,000,000","-8,000,000","19,000,000","39,000,000","-108,000,000","21,000,000","46,000,000","73,000,000","-138,250,000","64,100,000","33,840,000","26,070,000","-3,170,000","-181,300,000","-16,200,000","-7,900,000","31,770,000","-551,100,000","-5,100,000","18,500,000","-107,020,000","48,000,000","40,800,000","46,300,000","37,300,000","-400,000","39,900,000","34,400,000","46,500,000","39,100,000","35,700,000","38,500,000","36,100,000","32,100,000","27,500,000","27,900,000","55,300,000","20,400,000","8,400,000","12,800,000","2,800,000","7,300,000","10,100,000","3,000,000","-113,300,000","5,700,000","11,300,000","14,000,000","20,400,000","17,500,000","12,600,000","14,100,000","8,600,000","12,300,000","13,200,000","12,800,000","-40,100,000","6,000,000","8,600,000","-3,500,000","-33,500,000","1,300,000","5,300,000","25,800,000","-16,100,000","12,900,000",,,,,,,,,,,,,,,,
		ImpairmentOfCapitalAssets,"45,000,000","45,000,000",,,,"0","0","0","0","0","0","0","16,000,000",,,,,,,,,,,,,"0",,,,"1,000,000",,,,"0",,,,"40,000,000","0",,,"494,000,000","0","0",,"722,000,000","0","33,000,000","0","262,000,000","0","7,000,000","3,000,000",,,,,,,,,,,,,,,,,,,,,,,,,,,,,,,,,,,,,,,,,,,,,,,,,,,,,,,,,,,,,,,,,,,,,,,,,,,,,,,,,,,,,,,,,,,,,,
		WriteOff,,,,,,,,,,,,,,"0","0",,,"0","2,000,000",,,,,,,,,,,,,,,,"0","0",,,,,,,,,,,,,,,,,,,,,,,,,,,,,,,,,,,,,,,,,,,,,,,,,,,,,,,,,,,,,,,,,,,,,,,,,,,,,,,,,,,,,,,,,,,,,,,,,,,,,,,,,,,,,,,
		OtherSpecialCharges,,,,,,,,,,,,,,,,,,,,,,,,,,,,,,"-9,000,000",,,,,,,,"27,000,000","-4,000,000","141,000,000",,"-3,000,000","-22,000,000","-31,000,000",,"-10,000,000","1,000,000","3,000,000","-2,000,000","-7,000,000","-7,000,000","-15,000,000",,,,,,,,,,,,,,,,,,,,,,,,,,,,,,,,,,,,,,,,,,,,,,,,,,,,,,,,,,,,,,,,,,,,,,,,,,,,,,,,,,,,,,,,,,,,,,,
		GainOnSaleOfBusiness,"-18,000,000","0","0","-18,000,000",,,,,,,,,,"0","0",,,"-64,000,000","2,000,000","49,000,000",,,,,,,,,,,,,,,,,,,,,,,,,,,,,,,,,,,,,,,,,,,,,,,,,,,,,,,,,,,,,,,,,,,,,,,,,,,,,,,,,,,,,,,,,,,,,,,,,,,,,,,,,,,,,,,,,,,,,,,,,,,,,,,
	OtherNonOperatingIncomeExpenses,"-435,000,000","-4,000,000","-18,000,000","-402,000,000","-11,000,000","0","-9,000,000","-9,000,000","-8,000,000","-4,000,000","-6,000,000","-6,000,000","-5,000,000","-3,000,000","-2,000,000","-5,000,000","-4,000,000","-64,000,000",,,,"-1,000,000","2,000,000",,"-3,000,000","1,000,000",,"2,000,000",,"0","1,000,000","3,000,000","-3,000,000","-19,000,000","-1,000,000","-3,000,000","3,000,000","-62,000,000",,,,,,,,,,,,,,,,,,,,,,,,,,,,,,,,,,,,,,,,,,,,,,,,,,,,,,,,,,,,,,,,,,,,,,,,,,,,,,,,,,,,,,,,,,,,,,,,,,,,,,,,,,,,,
PretaxIncome,"688,000,000","192,000,000","342,000,000","-3,000,000","157,000,000","275,000,000","380,000,000","302,000,000","174,000,000","131,000,000","269,000,000","347,000,000","168,000,000","268,000,000","262,000,000","312,000,000","200,000,000","161,000,000","256,000,000","255,000,000","213,000,000","173,000,000","227,000,000","253,000,000","177,000,000","160,000,000","198,000,000","221,000,000","116,000,000","140,000,000","152,000,000","190,000,000","93,000,000","70,000,000","154,000,000","131,000,000","79,000,000","-37,000,000","45,000,000","-19,000,000","53,000,000","-570,000,000","61,000,000","58,000,000","-21,000,000","-853,000,000","38,000,000","16,000,000","22,000,000","-245,000,000","89,000,000","63,000,000","-66,000,000","-579,000,000","139,000,000","159,000,000","76,000,000","-96,000,000","329,000,000","301,000,000","236,000,000","-122,000,000","356,000,000","345,000,000","327,000,000","250,000,000","409,000,000","432,000,000","321,000,000","206,000,000","460,000,000","466,000,000","386,000,000","196,930,000","419,090,000","355,390,000","259,850,000","299,500,000","179,200,000","324,700,000","227,600,000","191,500,000","-281,800,000","214,000,000","177,000,000","25,500,000","297,500,000","294,400,000","276,000,000","268,700,000","113,200,000","219,900,000","197,300,000","184,800,000","197,100,000","188,800,000","184,300,000","169,400,000","169,900,000","152,400,000","139,200,000","149,700,000","136,300,000","109,900,000","106,800,000","10,200,000","111,900,000","105,600,000","124,100,000","-23,200,000","120,100,000","116,300,000","109,400,000","92,000,000","98,100,000","84,600,000","87,900,000","71,300,000","84,500,000","81,000,000","68,000,000","-22,000,000","51,100,000","40,900,000","27,600,000","-18,500,000","61,000,000","89,700,000","103,700,000","20,500,000","89,100,000",,,,,,,,,,,,,,,,
TaxProvision,"210,000,000","52,000,000","103,000,000","12,000,000","43,000,000","67,000,000","87,000,000","82,000,000","33,000,000","28,000,000","73,000,000","95,000,000","41,000,000","60,000,000","71,000,000","88,000,000","39,000,000","62,000,000","96,000,000","84,000,000","63,000,000","67,000,000","81,000,000","90,000,000","58,000,000","74,000,000","77,000,000","102,000,000","43,000,000","28,000,000","-403,000,000","37,000,000","5,000,000","20,000,000","38,000,000","39,000,000","14,000,000","35,000,000","14,000,000","30,000,000","4,000,000","-112,000,000","12,000,000","38,000,000","13,000,000","172,000,000","31,000,000","4,000,000","18,000,000","-84,000,000","26,000,000","1,000,000","8,000,000","-75,000,000","92,000,000","75,000,000","40,000,000","34,000,000","109,000,000","108,000,000","85,000,000","58,000,000","124,000,000","120,000,000","113,000,000","120,000,000","141,000,000","153,000,000","104,000,000","95,000,000","167,000,000","167,000,000","140,000,000","99,320,000","155,200,000","123,700,000","90,400,000","104,700,000","56,400,000","110,400,000","77,400,000","64,000,000","-98,800,000","75,000,000","62,000,000","-19,400,000","110,100,000","109,000,000","102,000,000","90,000,000","48,300,000","81,300,000","73,000,000","62,300,000","71,200,000","71,800,000","73,700,000","63,900,000","68,100,000","60,800,000","55,700,000","66,300,000","54,500,000","41,900,000","44,800,000","15,000,000","44,800,000","42,200,000","49,700,000","-9,400,000","48,000,000","46,200,000","44,100,000","34,400,000","42,400,000","31,300,000","33,400,000","28,300,000","33,700,000","32,500,000","27,200,000","5,700,000","20,200,000","16,000,000","10,800,000","16,500,000","18,700,000","28,000,000","33,900,000","14,200,000","26,700,000",,,,,,,,,,,,,,,,
NetIncomeCommonStockholders,"406,000,000","135,000,000","219,000,000","-36,000,000","88,000,000","194,000,000","274,000,000","222,000,000","526,000,000","451,000,000","125,000,000","238,000,000","115,000,000","192,000,000","179,000,000","210,000,000","148,000,000","86,000,000","147,000,000","157,000,000","139,000,000","97,000,000","132,000,000","148,000,000","108,000,000","74,000,000","109,000,000","104,000,000","63,000,000","98,000,000","532,000,000","136,000,000","73,000,000","44,000,000","101,000,000","75,000,000","46,000,000","-89,000,000","15,000,000","-75,000,000","33,000,000","-573,000,000","36,000,000","8,000,000","-46,000,000","-1,034,000,000","-5,000,000","3,000,000","-7,000,000","-185,000,000","28,000,000","55,000,000","-81,000,000","-508,000,000","33,000,000","82,000,000","2,000,000","-151,000,000","205,000,000","189,000,000","143,000,000","-187,000,000","252,000,000","219,000,000","204,000,000","173,000,000","262,000,000","274,000,000","231,000,000","105,000,000","359,000,000","261,000,000","168,000,000","91,880,000","318,770,000","229,550,000","165,800,000","194,800,000","122,800,000","214,300,000","150,200,000","127,500,000","-183,000,000","139,000,000","115,000,000","44,900,000","187,400,000","185,400,000","174,000,000","178,700,000","64,900,000","138,600,000","124,300,000","122,500,000","125,900,000","117,000,000","110,600,000","105,500,000","101,800,000","91,600,000","83,500,000","83,400,000","81,800,000","68,000,000","62,000,000","-646,500,000","67,100,000","63,400,000","74,400,000","-13,800,000","72,100,000","70,100,000","65,300,000","57,600,000","55,700,000","53,300,000","54,500,000","43,000,000","50,800,000","48,500,000","40,800,000","-27,700,000","30,900,000","24,900,000","16,800,000","-35,000,000","42,300,000","61,700,000","69,800,000","6,300,000","62,400,000",,,,,,,,,,,,,,,,
	NetIncome,"408,000,000","130,000,000","220,000,000","-36,000,000","88,000,000","195,000,000","275,000,000","224,000,000","530,000,000","453,000,000","126,000,000","240,000,000","116,000,000","194,000,000","180,000,000","211,000,000","149,000,000","87,000,000","148,000,000","158,000,000","140,000,000","98,000,000","134,000,000","150,000,000","109,000,000","75,000,000","111,000,000","105,000,000","64,000,000","100,000,000","543,000,000","139,000,000","74,000,000","45,000,000","103,000,000","77,000,000","47,000,000","-87,000,000","15,000,000","-75,000,000","33,000,000","-573,000,000","36,000,000","8,000,000","-46,000,000","-1,034,000,000","-5,000,000","3,000,000","-7,000,000","-185,000,000","28,000,000","55,000,000","-81,000,000","-508,000,000","33,000,000","82,000,000","2,000,000","-151,000,000","205,000,000","189,000,000","143,000,000","-187,000,000","252,000,000","219,000,000","204,000,000","173,000,000","262,000,000","274,000,000","231,000,000","105,000,000","359,000,000","261,000,000","168,000,000","91,880,000","318,770,000","229,550,000","165,800,000","194,800,000","122,800,000","214,300,000","150,200,000","127,500,000","-183,000,000","139,000,000","115,000,000","44,900,000","187,400,000","185,400,000","174,000,000","178,700,000","64,900,000","138,600,000","124,300,000","122,500,000","125,900,000","117,000,000","110,600,000","105,500,000","101,800,000","91,600,000","83,500,000","83,400,000","81,800,000","68,000,000","62,000,000","-646,500,000","67,100,000","63,400,000","74,400,000","-13,800,000","72,100,000","70,100,000","65,300,000","57,600,000","55,700,000","53,300,000","54,500,000","43,000,000","50,800,000","48,500,000","40,800,000","-27,700,000","30,900,000","24,900,000","16,800,000","-35,000,000","42,300,000","61,700,000","69,800,000","6,300,000","62,400,000",,,,,,,,,,,,,,,,
		NetIncomeIncludingNoncontrollingInterests,"478,000,000","140,000,000","239,000,000","-15,000,000","114,000,000","211,000,000","293,000,000","234,000,000","538,000,000","463,000,000","138,000,000","252,000,000","127,000,000","208,000,000","191,000,000","224,000,000","161,000,000","99,000,000","160,000,000","171,000,000","150,000,000","106,000,000","146,000,000","163,000,000","119,000,000","85,000,000","121,000,000","115,000,000","73,000,000","109,000,000","556,000,000","152,000,000","86,000,000","56,000,000","114,000,000","87,000,000","56,000,000","-80,000,000","24,000,000","-67,000,000","44,000,000","-568,000,000","49,000,000","20,000,000","-34,000,000","-1,025,000,000","7,000,000","12,000,000","4,000,000","-174,000,000","40,000,000","63,000,000","-74,000,000","-495,000,000","44,000,000","94,000,000","14,000,000","-141,000,000","216,000,000","196,000,000","152,000,000","-181,000,000","259,000,000","227,000,000","210,000,000","179,000,000","268,000,000","279,000,000","236,000,000","110,000,000","363,000,000","266,000,000","173,000,000","96,710,000","321,150,000","231,690,000","169,450,000","194,800,000","122,800,000","214,300,000","150,200,000","127,500,000","-183,000,000","139,000,000","115,000,000","44,900,000","187,400,000","185,400,000","174,000,000","178,700,000","64,900,000","138,600,000","124,300,000","122,500,000","125,900,000","117,000,000","110,600,000","105,500,000","101,800,000","91,600,000","83,500,000","83,400,000","81,800,000","68,000,000","62,000,000","-646,500,000","67,100,000","63,400,000","74,400,000","-13,800,000","72,100,000","70,100,000","65,300,000","57,600,000","55,700,000","53,300,000","54,500,000","43,000,000","50,800,000","48,500,000","40,800,000","-27,700,000","30,900,000","24,900,000","16,800,000","-35,000,000","42,300,000","61,700,000","69,800,000","6,300,000","62,400,000","76,800,000","68,200,000","49,300,000","73,900,000","81,900,000","79,600,000","30,800,000","66,700,000","65,800,000","55,500,000","55,400,000","51,300,000","51,600,000","45,100,000","141,300,000","7,500,000"
			NetIncomeContinuousOperations,"478,000,000","140,000,000","239,000,000","-15,000,000","114,000,000","208,000,000","293,000,000","220,000,000","141,000,000","103,000,000","196,000,000","252,000,000","127,000,000","208,000,000","191,000,000","224,000,000","161,000,000","99,000,000","160,000,000","171,000,000","150,000,000","106,000,000","146,000,000","163,000,000","119,000,000","86,000,000","121,000,000","119,000,000","73,000,000","112,000,000","555,000,000","153,000,000","88,000,000","50,000,000","116,000,000","92,000,000","65,000,000","-72,000,000","31,000,000","-49,000,000","49,000,000","-458,000,000","49,000,000","20,000,000","-34,000,000","-1,025,000,000","7,000,000","12,000,000","-7,000,000","-161,000,000","63,000,000","62,000,000","-74,000,000","-508,000,000","36,000,000","72,000,000","24,000,000","-140,000,000","209,000,000","186,000,000","142,000,000","-186,000,000","225,000,000","217,000,000","208,000,000","124,000,000","262,000,000","274,000,000","212,000,000","106,000,000","289,000,000","294,000,000","241,000,000","92,780,000","261,510,000","229,550,000","165,800,000","194,800,000","122,800,000","214,300,000","150,200,000","127,500,000","-183,000,000","139,000,000","115,000,000","44,900,000","187,400,000","185,400,000","174,000,000","178,700,000","64,900,000","138,600,000","124,300,000","122,500,000","125,900,000","117,000,000","110,600,000","105,500,000","101,800,000","91,600,000","83,500,000","83,400,000","81,800,000","68,000,000","62,000,000","-4,800,000","67,100,000","63,400,000","74,400,000","-13,800,000","72,100,000","70,100,000","65,300,000","57,600,000","55,700,000","53,300,000","54,500,000","43,000,000","50,800,000","48,500,000","40,800,000","-27,700,000","30,900,000","24,900,000","16,800,000","-35,000,000","42,300,000","61,700,000","69,800,000","6,300,000","62,400,000","76,800,000","68,200,000","49,300,000","73,900,000","81,900,000","79,600,000","30,800,000","66,700,000","65,800,000","55,500,000","55,400,000","51,300,000","51,600,000","45,100,000","141,300,000","7,500,000"
			NetIncomeDiscontinuousOperations,"0","0","0","0","0","3,000,000","0","14,000,000","397,000,000","360,000,000","-58,000,000",,,,,,,,,,,"0",,"0","0","-1,000,000","0","-4,000,000","0","-3,000,000","1,000,000","-1,000,000","-2,000,000","6,000,000","-2,000,000","-5,000,000","-9,000,000","-8,000,000","-7,000,000","-18,000,000","-5,000,000",,,,,"0","0","0","0","-13,000,000","-23,000,000","1,000,000","0","0","-3,000,000","10,000,000","-22,000,000",,"-4,000,000","3,000,000","1,000,000","-1,000,000","27,000,000","2,000,000","-1,000,000","49,000,000",,,"19,000,000","-1,000,000","70,000,000","-33,000,000","-73,000,000","-900,000","57,260,000",,,,,,,,,,,,,,,,,,,,,,,,,,,,,,,,,,,,,,,,,,,,,,,,,,,,,,,,,,,,,,,,,,,,,,,,
			NetIncomeExtraordinary,,,,,,,,,,,,,,,,,,,,,,,,,,,,,,,,,,,,,,,,,,,,,,,,,,,,,,,,,,,,,,"0",,,"-3,000,000",,,,,,,,,,,,,"0",,,,,,,,,,,,,,,,,,,,,,,,,,,,,,,,,,,,,,,,,,,,,,,,,,,,,,,,,,,,,,,,,,,,,
			NetIncomeFromTaxLossCarryforward,,,,,,,,,,,,,,,,,,,,,,,,,,,,,,,,,,,,,,,,,,,,,,,,,"11,000,000",,,,,,,,,,,,,,,,,,,,,,,,,,,,,,,,,,,,,,,,,,,,,,,,,,,,,,,,,,,,,,,,,,,,,,,,,,,,,,,,,,,,,,,,,,,,,,,,,,
		MinorityInterests,"-70,000,000","-10,000,000","-19,000,000","-21,000,000","-26,000,000","-16,000,000","-18,000,000","-10,000,000","-8,000,000","-10,000,000","-12,000,000","-12,000,000","-11,000,000","-14,000,000","-11,000,000","-13,000,000","-12,000,000","-12,000,000","-12,000,000","-13,000,000","-10,000,000","-8,000,000","-12,000,000","-13,000,000","-10,000,000","-10,000,000","-10,000,000","-10,000,000","-9,000,000","-9,000,000","-13,000,000","-13,000,000","-12,000,000","-11,000,000","-11,000,000","-10,000,000","-9,000,000","-7,000,000","-9,000,000","-8,000,000","-11,000,000","-5,000,000","-13,000,000","-12,000,000","-12,000,000","-9,000,000","-12,000,000","-9,000,000","-11,000,000","-11,000,000","-12,000,000","-8,000,000","-7,000,000","-4,000,000","-11,000,000","-12,000,000","-12,000,000","-10,000,000","-11,000,000","-7,000,000","-9,000,000","-6,000,000","-7,000,000","-8,000,000","-6,000,000","-6,000,000","-6,000,000","-5,000,000","-5,000,000","-5,000,000","-4,000,000","-5,000,000","-5,000,000","-4,830,000","-2,380,000","-2,140,000","-3,650,000",,,,,,,,,,,,,,,,,,,,,,,,,,,,,,,,,,,,,,,,,,,,,,,,,,,,,,,,,,,,,,,,,,,,,,
	OtherunderPreferredStockDividend,"2,000,000","1,000,000","1,000,000","0","0","1,000,000","1,000,000","2,000,000","4,000,000","2,000,000","1,000,000","2,000,000","1,000,000","2,000,000","1,000,000","1,000,000","1,000,000","1,000,000","1,000,000","1,000,000","1,000,000","1,000,000","2,000,000","2,000,000","1,000,000","1,000,000","2,000,000","1,000,000","1,000,000","2,000,000","11,000,000","3,000,000","1,000,000","1,000,000","2,000,000","2,000,000","1,000,000",,,,,,,,,,,,,,,"8,000,000",,,,,,,,,,,,,,,,,,,,,,,,,,,,,,,,,,,,,,,,,,,,,,,,,,,,,,,,,,,,,,,,,,,,,,,,,,,,,,,,,,,,,,,,,,,,,,,
DilutedNIAvailtoComStockholders,"406,000,000","135,000,000","219,000,000","-36,000,000","88,000,000","194,000,000","274,000,000","222,000,000","526,000,000","451,000,000","125,000,000","238,000,000","115,000,000","192,000,000","179,000,000","210,000,000","148,000,000","86,000,000","147,000,000","157,000,000","139,000,000","97,000,000","132,000,000","148,000,000","108,000,000","74,000,000","109,000,000","104,000,000","63,000,000","98,000,000","532,000,000","136,000,000","73,000,000","44,000,000","101,000,000","75,000,000","46,000,000","-89,000,000","15,000,000","-75,000,000","33,000,000","-573,000,000","36,000,000","8,000,000","-46,000,000","-1,034,000,000","-5,000,000","3,000,000","-7,000,000","-185,000,000","28,000,000","55,000,000","-81,000,000","-508,000,000","33,000,000","82,000,000","2,000,000","-151,000,000","205,000,000","189,000,000","143,000,000","-187,000,000","252,000,000","219,000,000","204,000,000","173,000,000","262,000,000","274,000,000","231,000,000","105,000,000","359,000,000","261,000,000","168,000,000","91,880,000","318,770,000","229,550,000","165,800,000","194,800,000","122,800,000","214,300,000","150,200,000","127,500,000","-183,000,000","139,000,000","115,000,000","44,900,000","187,400,000","185,400,000","174,000,000","178,700,000","64,900,000","138,600,000","124,300,000","122,500,000","125,900,000","117,000,000","110,600,000","105,500,000","101,800,000","91,600,000","83,500,000","83,400,000","81,800,000","68,000,000","62,000,000","-646,500,000","67,100,000","63,400,000","74,400,000","-13,800,000","72,100,000","70,100,000","65,300,000","57,600,000","55,700,000","53,300,000","54,500,000","43,000,000","50,800,000","48,500,000","40,800,000","-27,700,000","30,900,000","24,900,000","16,800,000","-35,000,000","42,300,000","61,700,000","69,800,000","6,300,000","62,400,000",,,,,,,,,,,,,,,,
BasicEPS,,"0.547","0.901","-0.14","0.34","0.755","1.051","0.85","1.93","1.644","0.44","0.82","0.395","0.66","0.59","0.69","0.48","0.28","0.47","0.5","0.44","0.308","0.41","0.45","0.33","0.227","0.33","0.3","0.18","0.29","1.552","0.398","0.212","0.129","0.295","0.221","0.16","-0.249","0.04","-0.22","0.09",,"0.104","0.023","-0.132",,"-0.014","0.009","-0.02",,"0.08","0.157","-0.23",,"0.09","0.23","0.01",,"0.56","0.51","0.37",,"0.65","0.55","0.5",,"0.62","0.65","0.53",,"0.82","0.59","0.37",,"0.67","0.48","0.34",,"0.25","0.45","0.32",,"-0.39","0.31","0.25",,"0.42","0.42","0.4",,"0.15","0.42","0.37",,"0.38","0.35","0.34",,"0.32","0.29","0.27",,"0.13","0.11","0.1",,"0.21","0.2","0.24",,"0.23","0.22","0.21",,"0.18","0.18","0.18",,"0.17","0.16","0.14",,"0.11","0.09","0.06",,"0.14","0.2","0.23",,"0.2","0.25","0.25",,"0.27","0.3","0.3",,"0.25","0.25","0.21",,"0.2","0.2","0.18",,"0.1"
DilutedEPS,,"0.547","0.89","-0.14","0.34","0.74","1.05","0.85","1.92","1.59","0.44","0.82","0.39","0.64","0.58","0.68","0.47","0.27","0.46","0.49","0.43","0.3","0.4","0.45","0.32","0.22","0.32","0.3","0.18","0.28","1.51","0.39","0.21","0.12","0.29","0.21","0.13","-0.25","0.04","-0.22","0.09",,"0.1","0.02","-0.132",,"-0.02","0.009","-0.02",,"0.08","0.15","-0.23",,"0.09","0.23","0.01",,"0.56","0.51","0.37",,"0.64","0.54","0.5",,"0.61","0.64","0.52",,"0.8","0.58","0.36",,"0.65","0.46","0.32",,"0.24","0.43","0.31",,"-0.39","0.3","0.25",,"0.41","0.41","0.39",,"0.15","0.41","0.36",,"0.37","0.34","0.33",,"0.31","0.28","0.26",,"0.13","0.105","0.095",,"0.21","0.2","0.24",,"0.23","0.22","0.21",,"0.18","0.18","0.18",,"0.17","0.16","0.14",,"0.11","0.09","0.06",,"0.14","0.2","0.23",,"0.2","0.25","0.25",,"0.27","0.3","0.3",,"0.25","0.25","0.21",,"0.2","0.2","0.18",,"0.1"
BasicAverageShares,,"241,200,000","244,087,493","252,000,000","256,000,000","258,200,000","261,675,891","262,000,000","273,000,000","275,600,000","286,000,000","289,000,000","293,548,874","293,900,000","304,000,000","306,000,000","310,490,824","310,400,000","313,000,000","315,000,000","317,000,000","318,000,000","326,000,000","328,000,000","330,000,000","330,500,000","335,000,000","340,000,000","344,000,000","345,000,000","349,900,000","349,400,000","349,400,000","349,500,000","349,400,000","349,200,000","349,100,000","349,000,000","350,000,000","349,000,000","350,000,000",,"347,800,000","347,500,000","347,500,000",,"348,400,000","350,000,000","348,100,000",,"351,000,000","351,000,000","351,000,000",,"352,000,000","356,521,739","354,500,000",,"366,071,429","370,588,235","386,486,486",,"387,692,308","398,181,818","408,000,000",,"422,580,645","421,538,462","435,849,057",,"437,804,878","442,372,881","454,054,054",,"475,776,119","478,229,167","487,647,059",,"491,200,000","476,222,222","469,375,000",,"469,230,769","448,387,097","460,000,000",,"446,190,476","441,428,571","435,000,000",,"432,666,667","330,000,000","335,945,946",,"331,315,789","334,285,714","325,294,118",,"318,125,000","315,862,069","309,259,259",,"320,764,000","320,764,000","320,800,000",,"319,523,810","317,000,000","310,000,000",,"313,478,261","318,636,364","310,952,381",,"309,444,444","296,111,111","302,777,778",,"298,823,529","303,125,000","291,428,571",,"280,909,091","276,666,667","280,000,000",,"302,142,857","308,500,000","303,478,261",,"312,000,000","311,788,000","274,620,000",,"275,536,000","265,508,000","265,180,000",,"264,680,000","264,400,000","258,440,000",,"257,860,000","257,860,000","257,240,000",,"232,240,000"
DilutedAverageShares,,"245,000,000","247,000,000","252,000,000","257,000,000","261,000,000","261,675,891","263,000,000","274,000,000","282,000,000","287,000,000","290,000,000","294,000,000","299,000,000","306,000,000","309,000,000","313,000,000","314,000,000","316,000,000","319,000,000","321,000,000","323,000,000","329,000,000","331,000,000","333,000,000","335,000,000","338,000,000","344,000,000","347,000,000","351,000,000","353,000,000","352,000,000","354,000,000","352,000,000","352,000,000","352,000,000","352,000,000","349,000,000","350,000,000","349,000,000","350,000,000",,"348,000,000","349,000,000","349,000,000",,"349,000,000","350,000,000","350,000,000",,"351,000,000","351,000,000","351,000,000",,"352,000,000","356,521,739","354,500,000",,"366,071,429","370,588,235","386,486,486",,"393,750,000","405,555,556","408,000,000",,"429,508,197","428,125,000","444,230,769",,"448,750,000","450,000,000","466,666,667",,"490,415,385","499,021,739","518,125,000",,"511,666,667","498,372,093","484,516,129",,"469,230,769","463,333,333","460,000,000",,"457,073,171","452,195,122","446,153,846",,"432,666,667","338,048,780","345,277,778",,"340,270,270","344,117,647","335,151,515",,"328,387,097","327,142,857","321,153,846",,"320,764,000","320,764,000","320,800,000",,"319,523,810","317,000,000","310,000,000",,"313,478,261","318,636,364","310,952,381",,"309,444,444","296,111,111","302,777,778",,"298,823,529","303,125,000","291,428,571",,"280,909,091","276,666,667","280,000,000",,"302,142,857","308,500,000","303,478,261",,"312,000,000","311,788,000","274,620,000",,"275,536,000","265,508,000","265,180,000",,"264,680,000","264,400,000","258,440,000",,"257,860,000","257,860,000","257,240,000",,"232,240,000"
TotalOperatingIncomeAsReported,"1,405,000,000","218,000,000","385,000,000","437,000,000","365,000,000","307,000,000","424,000,000","339,000,000","225,000,000","170,000,000","316,000,000","392,000,000","211,000,000","309,000,000","300,000,000","358,000,000","244,000,000","264,000,000","295,000,000","357,000,000","253,000,000","215,000,000","269,000,000","335,000,000","234,000,000","212,000,000","258,000,000","279,000,000","171,000,000","194,000,000","202,000,000","240,000,000","152,000,000","141,000,000","212,000,000","188,000,000","132,000,000","21,000,000","101,000,000","47,000,000","102,000,000","-509,000,000","102,000,000","91,000,000","21,000,000","-798,000,000","102,000,000","119,000,000","78,000,000","-196,000,000","138,000,000","112,000,000","-7,000,000","-491,000,000","196,000,000","215,000,000","160,000,000","-37,000,000","374,000,000","365,000,000","257,000,000","-69,000,000","400,000,000","444,000,000","357,000,000","292,000,000","469,000,000","473,000,000","343,000,000","214,000,000","491,000,000","477,000,000","387,000,000","254,240,000","479,370,000","389,010,000","314,900,000","389,900,000","255,500,000","395,100,000","290,600,000","213,600,000","330,900,000","278,500,000","216,800,000","186,700,000","300,200,000","301,300,000","268,500,000","265,400,000","145,300,000","205,000,000","185,700,000","159,800,000","180,600,000","173,800,000","166,300,000","155,000,000","158,500,000","143,800,000","129,800,000","114,200,000","136,800,000","117,900,000","111,600,000","-5,200,000","133,700,000","124,300,000","149,600,000","113,600,000","141,400,000","132,700,000","121,900,000","99,400,000","104,700,000","97,000,000","102,800,000","86,800,000","97,800,000","94,500,000","79,500,000","47,900,000","76,800,000","64,800,000","63,600,000","50,000,000","95,300,000","111,300,000","106,200,000","66,500,000","104,800,000",,,,,,,,,,,,,,,,
TotalExpenses,"6,925,000,000","1,759,000,000","1,819,000,000","1,742,000,000","1,605,000,000","1,553,000,000","1,559,000,000","1,425,000,000","1,356,000,000","750,000,000","1,631,000,000","1,883,000,000","1,681,000,000","1,732,000,000","1,801,000,000","1,939,000,000","1,676,000,000","1,610,000,000","1,641,000,000","1,700,000,000","1,524,000,000","1,544,000,000","1,608,000,000","1,666,000,000","1,486,000,000","1,503,000,000","1,581,000,000","1,650,000,000","1,847,000,000","1,878,000,000","2,030,000,000","2,020,000,000","1,813,000,000","1,857,000,000","1,938,000,000","1,961,000,000","1,744,000,000","1,824,000,000","1,874,000,000","1,882,000,000","1,773,000,000","1,682,000,000","1,904,000,000","1,931,000,000","1,751,000,000","1,812,000,000","1,855,000,000","1,929,000,000","1,774,000,000","1,803,000,000","1,956,000,000","1,924,000,000","1,826,000,000","2,003,000,000","2,332,000,000","2,425,000,000","2,286,000,000","2,735,000,000","2,685,000,000","2,783,000,000","2,624,000,000","3,015,000,000","2,895,000,000","2,945,000,000","2,829,000,000","2,673,000,000","2,891,000,000","2,875,000,000","2,626,000,000","2,820,000,000","2,682,000,000","2,584,000,000","2,419,000,000","2,607,970,000","2,438,530,000","2,398,640,000","2,183,400,000","2,097,500,000","2,262,500,000","1,918,900,000","1,809,400,000","1,901,400,000","1,916,100,000","1,806,500,000","1,694,200,000","1,546,300,000","1,592,800,000","1,569,700,000","1,477,500,000","1,379,600,000","1,558,700,000","1,064,000,000","961,300,000","939,200,000","941,400,000","911,200,000","872,700,000","835,000,000","844,500,000","769,200,000","724,200,000","728,800,000","706,200,000","669,100,000","652,400,000","-736,800,000","1,101,300,000","1,083,700,000","1,076,400,000","1,034,400,000","1,008,600,000","987,300,000","928,100,000","910,600,000","877,300,000","851,000,000","843,200,000","821,200,000","801,200,000","772,500,000","771,500,000","758,100,000","727,200,000","713,200,000","689,400,000","717,000,000","711,700,000","713,700,000","703,800,000","715,000,000","688,200,000",,,,,,,,,,,,,,,,
NetIncomeFromContinuingAndDiscontinuedOperation,"408,000,000","130,000,000","220,000,000","-36,000,000","88,000,000","195,000,000","275,000,000","224,000,000","530,000,000","453,000,000","126,000,000","240,000,000","116,000,000","194,000,000","180,000,000","211,000,000","149,000,000","87,000,000","148,000,000","158,000,000","140,000,000","98,000,000","134,000,000","150,000,000","109,000,000","75,000,000","111,000,000","105,000,000","64,000,000","100,000,000","543,000,000","139,000,000","74,000,000","45,000,000","103,000,000","77,000,000","47,000,000","-87,000,000","15,000,000","-75,000,000","33,000,000","-573,000,000","36,000,000","8,000,000","-46,000,000","-1,034,000,000","-5,000,000","3,000,000","-18,000,000","-185,000,000","28,000,000","55,000,000","-81,000,000","-556,000,000","33,000,000","82,000,000","2,000,000","-151,000,000","205,000,000","189,000,000","143,000,000","-187,000,000","252,000,000","219,000,000","207,000,000","173,000,000","262,000,000","274,000,000","231,000,000","105,000,000","359,000,000","261,000,000","168,000,000","91,880,000","318,770,000","229,550,000","165,800,000","194,800,000","122,800,000","214,300,000","150,200,000","127,500,000","-183,000,000","139,000,000","115,000,000","44,900,000","187,400,000","185,400,000","174,000,000","178,700,000","64,900,000","138,600,000","124,300,000","122,500,000","125,900,000","117,000,000","110,600,000","105,500,000","101,800,000","91,600,000","83,500,000","83,400,000","81,800,000","68,000,000","62,000,000","-646,500,000","67,100,000","63,400,000","74,400,000","-13,800,000","72,100,000","70,100,000","65,300,000","57,600,000","55,700,000","53,300,000","54,500,000","43,000,000","50,800,000","48,500,000","40,800,000","-27,700,000","30,900,000","24,900,000","16,800,000","-35,000,000","42,300,000","61,700,000","69,800,000","6,300,000","62,400,000",,,,,,,,,,,,,,,,
NormalizedIncome,"449,400,000","163,541,666.667","222,800,000","-26,510,000","85,810,000","192,000,000","271,920,000","204,890,000","139,480,000","89,068,702.29","186,190,000","238,540,000","127,400,000","194,000,000","178,540,000","214,600,000","148,200,000","126,968,944.099","145,520,000","124,500,000","137,900,000","96,774,566.474","134,640,000","146,800,000","107,660,000","75,400,000","114,660,000","108,400,000","63,370,000","95,800,000","538,160,000","137,570,000","76,000,000","36,857,142.857","104,250,000","77,800,000","52,720,000","-53,650,000","19,244,444.444","-9,550,000","24,132,075.472","-68,477,192.982","18,327,868.852","-12,150,000","-59,650,000","-571,200,000","-4,350,000","30,000,000","-18,000,000","-4,428,571.429","46,044,943.82","46,126,984.127","-79,050,000","-120,766,839.378","34,700,000","71,350,000","42,200,000","6,900,000","195,626,139.818","182,794,019.934","115,127,118.644","-2,400,000","218,483,146.067","253,521,739.13","185,749,235.474","134,800,000","267,242,053.79","261,729,166.667","185,635,514.019","170,800,000","275,623,913.043","264,484,978.541","194,476,683.938","175,730,000","221,147,908.325","207,488,631.925","148,799,570.906","196,861,823.038","247,039,062.5","224,991,900.216","155,413,444.64","106,347,650.131","174,882,540.809","142,312,616.822","102,980,225.989","109,112,000","157,164,033.613","159,705,978.261","144,810,869.565","153,893,487.16","65,140,000","113,451,568.895","102,627,825.646","91,676,136.364","100,924,403.856","94,876,588.983","87,495,822.029","83,017,414.404","82,540,000","75,071,128.609","66,760,000","50,220,000","69,557,006.603","62,802,547.771","54,320,000","-6,480,000","62,720,000","57,336,174.242","72,600,000","54,180,000","68,678,101.582","63,288,907.997","56,900,000","44,827,826.087","45,200,000","45,361,702.128","45,757,679.181","37,813,464.236","43,405,443.787","40,580,000","33,120,000","-3,640,000","27,271,819.961","19,664,303.178","18,930,434.783","-14,900,000","41,398,524.59","58,054,403.567","52,434,136.933","15,960,000","53,365,656.566",,,,,,,,,,,,,,,,
InterestIncome,,,,,,,,,,,,,,,,,,,,,,,,,,,,,,,,,,,,,,"0","1,000,000",,,,,,,,,,,,,,,,,,,,,,,,,,,,,,,,,,,,,,,,,,,,,,,,,,,,,,,,,,,,,,,,,,,,,,,,,,,,,,,,,,,,,,,,,,,,,,,,,,,,,,,,,,,,
InterestExpense,"278,000,000","25,000,000","26,000,000","25,000,000","202,000,000","34,000,000","40,000,000","35,000,000","35,000,000","40,000,000","39,000,000","41,000,000","39,000,000","39,000,000","38,000,000","38,000,000","41,000,000","39,000,000","43,000,000","153,000,000","43,000,000","43,000,000","43,000,000","87,000,000","56,000,000","54,000,000","54,000,000","61,000,000","56,000,000","56,000,000","57,000,000","56,000,000","56,000,000","57,000,000","58,000,000","60,000,000","60,000,000","60,000,000","62,000,000","68,000,000","64,000,000","64,000,000","63,000,000","64,000,000","63,000,000","63,000,000","63,000,000","67,000,000","58,000,000","56,000,000","56,000,000","57,000,000","56,000,000",,,,,,,,,,,,,,,,,,,,,,,,,,,,,,,,,,,,,,,,,,,,,,,,,,,,,,,,,,,,,,,,,,,,,,,,,,,,,,,,,,,,,,,,,,,,,,
NetInterestIncome,"-278,000,000","-25,000,000","-26,000,000","-25,000,000","-202,000,000","-34,000,000","-40,000,000","-35,000,000","-35,000,000","-40,000,000","-39,000,000","-41,000,000","-39,000,000","-39,000,000","-38,000,000","-38,000,000","-41,000,000","-39,000,000","-43,000,000","-153,000,000","-43,000,000","-43,000,000","-43,000,000","-87,000,000","-56,000,000","-54,000,000","-54,000,000","-61,000,000","-56,000,000","-55,000,000","-57,000,000","-56,000,000","-56,000,000","-55,000,000","-58,000,000","-60,000,000","-60,000,000","-60,000,000","-61,000,000","-68,000,000","-64,000,000","-64,000,000","-63,000,000","-64,000,000","-63,000,000","-64,000,000","-63,000,000","-67,000,000","-58,000,000","-56,000,000","-56,000,000","-57,000,000","-56,000,000",,,,,,,,,,,,,,,,,,,,,,,,,,,,,,,,,,,,,,,,,,,,,,,,,,,,,,,,,,,,,,,,,,,,,,,,,,,,,,,,,,,,,,,,,,,,,,
EBIT,"966,000,000","217,000,000","368,000,000","22,000,000","359,000,000","309,000,000","420,000,000","337,000,000","209,000,000","171,000,000","308,000,000","388,000,000","207,000,000","307,000,000","300,000,000","350,000,000","241,000,000","200,000,000","299,000,000","408,000,000","256,000,000","216,000,000","270,000,000","340,000,000","233,000,000","214,000,000","252,000,000","282,000,000","172,000,000","196,000,000","209,000,000","246,000,000","149,000,000","127,000,000","212,000,000","191,000,000","139,000,000","23,000,000","107,000,000","49,000,000","117,000,000","-506,000,000","124,000,000","122,000,000","42,000,000","-790,000,000","101,000,000","83,000,000","80,000,000","-189,000,000","145,000,000","120,000,000","-10,000,000","-548,000,000","196,000,000","215,000,000","160,000,000","-37,000,000","374,000,000","365,000,000","257,000,000","-69,000,000","400,000,000","444,000,000","357,000,000","292,000,000","469,000,000","473,000,000","343,000,000","214,000,000","491,000,000","477,000,000","387,000,000","254,240,000","479,370,000","389,010,000","314,900,000","389,900,000","255,500,000","395,100,000","290,600,000","213,600,000","330,900,000","278,500,000","216,800,000","186,700,000","300,200,000","301,300,000","268,500,000","265,400,000","145,300,000","205,000,000","185,700,000","159,800,000","180,600,000","173,800,000","166,300,000","155,000,000","158,500,000","143,800,000","129,800,000","114,200,000","136,800,000","117,900,000","111,600,000","-5,200,000","133,700,000","124,300,000","149,600,000","113,600,000","141,400,000","132,700,000","121,900,000","99,400,000","104,700,000","97,000,000","102,800,000","86,800,000","97,800,000","94,500,000","79,500,000","47,900,000","76,800,000","64,800,000","63,600,000","50,000,000","95,300,000","111,300,000","106,200,000","66,500,000","104,800,000","791,000,000","659,000,000","-1,432,800,000","614,000,000","616,000,000","556,000,000","-1,123,900,000","541,000,000","489,000,000","450,000,000","-738,300,000","367,000,000","327,000,000","308,000,000","-249,400,000","155,400,000"
EBITDA,"1,117,000,000"
ReconciledCostOfRevenue,"5,512,000,000","1,403,000,000","1,451,000,000","1,388,000,000","1,270,000,000","1,200,000,000","1,231,000,000","1,136,000,000","1,034,000,000","523,000,000","1,282,000,000","1,493,000,000","1,309,000,000","1,388,000,000","1,434,000,000","1,547,000,000","1,301,000,000","1,258,000,000","1,286,000,000","1,320,000,000","1,169,000,000","1,186,000,000","1,263,000,000","1,301,000,000","1,151,000,000","1,183,000,000","1,250,000,000","1,292,000,000","1,450,000,000","1,496,000,000","1,621,000,000","1,599,000,000","1,418,000,000","1,467,000,000","1,543,000,000","1,540,000,000","1,368,000,000","1,449,000,000","1,476,000,000","1,479,000,000","1,390,000,000","1,335,000,000","1,511,000,000","1,490,000,000","1,347,000,000","1,427,000,000","1,463,000,000","1,502,000,000","1,360,000,000","1,382,000,000","1,524,000,000","1,490,000,000","1,403,000,000","1,581,000,000","1,880,000,000","1,941,000,000","1,818,000,000","2,008,000,000","2,197,000,000","2,241,000,000","2,125,000,000","2,203,000,000","2,372,000,000","2,403,000,000","2,306,000,000","2,146,000,000","2,396,000,000","2,363,000,000","2,128,000,000","2,132,000,000","2,182,000,000","2,087,000,000","1,955,000,000","1,982,340,000","2,014,980,000","1,934,360,000","1,744,540,000","1,729,850,000","1,717,040,000","1,549,650,000","1,454,050,000","1,333,610,000","1,530,300,000","1,429,100,000","1,337,500,000","1,187,530,000","1,215,900,000","1,196,700,000","1,125,900,000","916,500,000","1,081,700,000","812,600,000","730,300,000","618,500,000","717,100,000","691,400,000","659,200,000","529,200,000","634,000,000","578,200,000","539,500,000","461,600,000","522,000,000","496,600,000","480,300,000","-723,900,000","842,800,000","821,900,000","815,400,000","662,400,000","767,300,000","753,500,000","698,000,000","571,900,000","662,100,000","638,500,000","633,100,000","502,100,000","605,500,000","581,700,000","577,200,000","476,600,000","557,200,000","544,200,000","525,800,000","452,800,000","558,800,000","557,200,000","547,200,000","481,900,000","548,800,000",,,,,,,,,,,,,,,,
ReconciledDepreciation,"151,000,000",,,,,,,,,,,,,,,,,,,,,,,,,,,,,,,,,,,,,,,,,,,,,,,,,,,,,,,,,,,,,,,,,,,,,,,,,,,,,,,,,"199,490,000","23,900,000","23,100,000","23,000,000","190,530,000","17,700,000","15,900,000","14,200,000","150,100,000","13,400,000","10,100,000","8,200,000","116,100,000","7,400,000","6,800,000","6,000,000","103,200,000","5,400,000","3,800,000","3,700,000","91,100,000","3,300,000","2,700,000",,,,,,,,,,,,,,,,,,,,,,,,,,,,,,,,,,,,,,,,,,,
NetIncomeFromContinuingOperationNetMinorityInterest,"408,000,000","130,000,000","220,000,000","-36,000,000","88,000,000","192,000,000","275,000,000","210,000,000","133,000,000","93,000,000","184,000,000","240,000,000","116,000,000","194,000,000","180,000,000","211,000,000","149,000,000","87,000,000","148,000,000","158,000,000","140,000,000","98,000,000","134,000,000","150,000,000","109,000,000","76,000,000","111,000,000","109,000,000","64,000,000","103,000,000","542,000,000","140,000,000","76,000,000","39,000,000","105,000,000","82,000,000","56,000,000","-79,000,000","22,000,000","-57,000,000","38,000,000","-463,000,000","36,000,000","8,000,000","-46,000,000","-1,034,000,000","-5,000,000","3,000,000","-18,000,000","-172,000,000","51,000,000","54,000,000","-81,000,000","-556,000,000","36,000,000","72,000,000","24,000,000","-140,000,000","209,000,000","186,000,000","142,000,000","-186,000,000","225,000,000","217,000,000","208,000,000","124,000,000","262,000,000","274,000,000","212,000,000","106,000,000","289,000,000","294,000,000","241,000,000","92,780,000","261,510,000","229,550,000","165,800,000","194,800,000","122,800,000","214,300,000","150,200,000","127,500,000","-183,000,000","139,000,000","115,000,000","44,900,000","187,400,000","185,400,000","174,000,000","178,700,000","64,900,000","138,600,000","124,300,000","122,500,000","125,900,000","117,000,000","110,600,000","105,500,000","101,800,000","91,600,000","83,500,000","83,400,000","81,800,000","68,000,000","62,000,000","-4,800,000","67,100,000","63,400,000","74,400,000","-13,800,000","72,100,000","70,100,000","65,300,000","57,600,000","55,700,000","53,300,000","54,500,000","43,000,000","50,800,000","48,500,000","40,800,000","-27,700,000","30,900,000","24,900,000","16,800,000","-35,000,000","42,300,000","61,700,000","69,800,000","6,300,000","62,400,000",,,,,,,,,,,,,,,,
TotalUnusualItemsExcludingGoodwill,"-60,000,000","-46,000,000","-4,000,000","-13,000,000","3,000,000","0","4,000,000","7,000,000","-8,000,000","5,000,000","-3,000,000","2,000,000","-15,000,000","0","2,000,000","-5,000,000","1,000,000","-65,000,000","4,000,000","50,000,000","3,000,000","2,000,000","-1,000,000","5,000,000","2,000,000","1,000,000","-6,000,000","1,000,000","1,000,000","9,000,000","6,000,000","3,000,000",,"3,000,000","1,000,000","6,000,000","4,000,000","-39,000,000","4,000,000","-73,000,000","15,000,000","-491,000,000","22,000,000","31,000,000","21,000,000","-712,000,000","-1,000,000","-36,000,000","0","-255,000,000","7,000,000","8,000,000","-3,000,000","-500,000,000","2,000,000","1,000,000","-28,000,000","-226,000,000","20,000,000","5,000,000","42,000,000","-306,000,000","10,000,000","-56,000,000","34,000,000","-18,000,000","-8,000,000","19,000,000","39,000,000","-108,000,000","21,000,000","46,000,000","73,000,000","-138,250,000","64,100,000","33,840,000","26,070,000","-3,170,000","-181,300,000","-16,200,000","-7,900,000","31,770,000","-551,100,000","-5,100,000","18,500,000","-107,020,000","48,000,000","40,800,000","46,300,000","37,300,000","-400,000","39,900,000","34,400,000","46,500,000","39,100,000","35,700,000","38,500,000","36,100,000","32,100,000","27,500,000","27,900,000","55,300,000","20,400,000","8,400,000","12,800,000","2,800,000","7,300,000","10,100,000","3,000,000","-113,300,000","5,700,000","11,300,000","14,000,000","20,400,000","17,500,000","12,600,000","14,100,000","8,600,000","12,300,000","13,200,000","12,800,000","-40,100,000","6,000,000","8,600,000","-3,500,000","-33,500,000","1,300,000","5,300,000","25,800,000","-16,100,000","12,900,000",,,,,,,,,,,,,,,,
TotalUnusualItems,"-60,000,000","-46,000,000","-4,000,000","-13,000,000","3,000,000","0","4,000,000","7,000,000","-8,000,000","5,000,000","-3,000,000","2,000,000","-15,000,000","0","2,000,000","-5,000,000","1,000,000","-65,000,000","4,000,000","50,000,000","3,000,000","2,000,000","-1,000,000","5,000,000","2,000,000","1,000,000","-6,000,000","1,000,000","1,000,000","9,000,000","6,000,000","3,000,000",,"3,000,000","1,000,000","6,000,000","4,000,000","-39,000,000","4,000,000","-73,000,000","15,000,000","-491,000,000","22,000,000","31,000,000","21,000,000","-712,000,000","-1,000,000","-36,000,000","0","-255,000,000","7,000,000","8,000,000","-3,000,000","-500,000,000","2,000,000","1,000,000","-28,000,000","-226,000,000","20,000,000","5,000,000","42,000,000","-306,000,000","10,000,000","-56,000,000","34,000,000","-18,000,000","-8,000,000","19,000,000","39,000,000","-108,000,000","21,000,000","46,000,000","73,000,000","-138,250,000","64,100,000","33,840,000","26,070,000","-3,170,000","-181,300,000","-16,200,000","-7,900,000","31,770,000","-551,100,000","-5,100,000","18,500,000","-107,020,000","48,000,000","40,800,000","46,300,000","37,300,000","-400,000","39,900,000","34,400,000","46,500,000","39,100,000","35,700,000","38,500,000","36,100,000","32,100,000","27,500,000","27,900,000","55,300,000","20,400,000","8,400,000","12,800,000","2,800,000","7,300,000","10,100,000","3,000,000","-113,300,000","5,700,000","11,300,000","14,000,000","20,400,000","17,500,000","12,600,000","14,100,000","8,600,000","12,300,000","13,200,000","12,800,000","-40,100,000","6,000,000","8,600,000","-3,500,000","-33,500,000","1,300,000","5,300,000","25,800,000","-16,100,000","12,900,000",,,,,,,,,,,,,,,,
NormalizedEBITDA,"1,177,000,000","263,000,000","372,000,000","35,000,000","356,000,000","309,000,000","416,000,000","330,000,000","217,000,000","166,000,000","311,000,000","386,000,000","222,000,000","307,000,000","298,000,000","355,000,000","240,000,000","265,000,000","295,000,000","358,000,000","253,000,000","214,000,000","271,000,000","335,000,000","231,000,000","213,000,000","258,000,000","281,000,000","171,000,000","187,000,000","203,000,000","243,000,000","149,000,000","124,000,000","211,000,000","185,000,000","135,000,000","62,000,000","103,000,000","122,000,000","102,000,000","-15,000,000","102,000,000","91,000,000","21,000,000","-78,000,000","102,000,000","119,000,000","80,000,000","66,000,000","138,000,000","112,000,000","-7,000,000","-48,000,000","194,000,000","214,000,000","188,000,000","189,000,000","354,000,000","360,000,000","215,000,000","237,000,000","390,000,000","500,000,000","323,000,000","310,000,000","477,000,000","454,000,000","304,000,000","322,000,000","470,000,000","431,000,000","314,000,000","392,490,000","415,270,000","355,170,000","288,830,000","393,070,000","436,800,000","411,300,000","298,500,000","381,320,000","905,900,000","306,700,000","221,300,000","484,250,000","269,900,000","276,400,000","236,400,000","378,200,000","159,100,000","175,200,000","159,500,000","229,400,000","148,900,000","144,900,000","133,800,000","222,100,000","131,800,000","120,100,000","105,600,000","150,000,000","119,700,000","112,200,000","98,800,000","-8,000,000","126,400,000","114,200,000","146,600,000","226,900,000","135,700,000","121,400,000","107,900,000","79,000,000","87,200,000","84,400,000","88,700,000","78,200,000","85,500,000","81,300,000","66,700,000","88,000,000","70,800,000","56,200,000","67,100,000","83,500,000","94,000,000","106,000,000","80,400,000","82,600,000","91,900,000","791,000,000","659,000,000","-1,432,800,000","614,000,000","616,000,000","556,000,000","-1,123,900,000","541,000,000","489,000,000","450,000,000","-738,300,000","367,000,000","327,000,000","308,000,000","-249,400,000","155,400,000"
TaxRateForCalcs,"0.31","0.271","0.3","0.27","0.27","0.244","0.23","0.27","0.19","0.214","0.27","0.27","0.24","0.224","0.27","0.28","0.2","0.385","0.38","0.33","0.3","0.387","0.36","0.36","0.33","0.4","0.39","0.4","0.37","0.2","0.36","0.19","0.05","0.286","0.25","0.3","0.18","0.35","0.311","0.35","0.075","0.196","0.197","0.35","0.35","0.35","0.35","0.25","0.35","0.343","0.292","0.016","0.35","0.13","0.35","0.35","0.35","0.35","0.331","0.359","0.36","0.4","0.348","0.348","0.346","0.4","0.345","0.354","0.324","0.4","0.363","0.358","0.363","0.4","0.37","0.348","0.348","0.35","0.315","0.34","0.34","0.334","0.351","0.35","0.35","0.4","0.37","0.37","0.37","0.335","0.4","0.37","0.37","0.337","0.361","0.38","0.4","0.377","0.4","0.399","0.4","0.4","0.4","0.381","0.4","0.4","0.4","0.4","0.4","0.4","0.4","0.397","0.4","0.374","0.4","0.37","0.38","0.397","0.399","0.4","0.4","0.4","0.395","0.391","0.391","0.4","0.307","0.312","0.327","0.4","0.3",,,,,,,,,,,,,,,,
TaxEffectOfUnusualItems,"-18,600,000","-12,458,333.333","-1,200,000","-3,510,000","810,000","0","920,000","1,890,000","-1,520,000","1,068,702.29","-810,000","540,000","-3,600,000","0","540,000","-1,400,000","200,000","-25,031,055.901","1,520,000","16,500,000","900,000","774,566.474","-360,000","1,800,000","660,000","400,000","-2,340,000","400,000","370,000","1,800,000","2,160,000","570,000","0","857,142.857","250,000","1,800,000","720,000","-13,650,000","1,244,444.444","-25,550,000","1,132,075.472","-96,477,192.982","4,327,868.852","10,850,000","7,350,000","-249,200,000","-350,000","-9,000,000","0","-87,428,571.429","2,044,943.82","126,984.127","-1,050,000","-64,766,839.378","700,000","350,000","-9,800,000","-79,100,000","6,626,139.818","1,794,019.934","15,127,118.644","-122,400,000","3,483,146.067","-19,478,260.87","11,749,235.474","-7,200,000","-2,757,946.21","6,729,166.667","12,635,514.019","-43,200,000","7,623,913.043","16,484,978.541","26,476,683.938","-55,300,000","23,737,908.325","11,778,631.925","9,069,570.906","-1,108,176.962","-57,060,937.5","-5,508,099.784","-2,686,555.36","10,617,650.131","-193,217,459.191","-1,787,383.178","6,480,225.989","-42,808,000","17,764,033.613","15,105,978.261","17,110,869.565","12,493,487.16","-160,000","14,751,568.895","12,727,825.646","15,676,136.364","14,124,403.856","13,576,588.983","15,395,822.029","13,617,414.404","12,840,000","10,971,128.609","11,160,000","22,120,000","8,157,006.603","3,202,547.771","5,120,000","1,120,000","2,920,000","4,036,174.242","1,200,000","-45,320,000","2,278,101.582","4,488,907.997","5,600,000","7,627,826.087","7,000,000","4,661,702.128","5,357,679.181","3,413,464.236","4,905,443.787","5,280,000","5,120,000","-16,040,000","2,371,819.961","3,364,303.178","-1,369,565.217","-13,400,000","398,524.59","1,654,403.567","8,434,136.933","-6,440,000","3,865,656.566",,,,,,,,,,,,,,,,