name,ttm,12/31/2021,09/30/2021,06/30/2021,03/31/2021,12/31/2020,09/30/2020,06/30/2020,03/31/2020,12/31/2019,09/30/2019,06/30/2019,03/31/2019,12/31/2018,09/30/2018,06/30/2018,03/31/2018,12/31/2017,09/30/2017,06/30/2017,03/31/2017,12/31/2016,09/30/2016,06/30/2016,03/31/2016,12/31/2015,09/30/2015,06/30/2015,03/31/2015,12/31/2014,09/30/2014,06/30/2014,03/31/2014,12/31/2013,09/30/2013,06/30/2013,03/31/2013,12/31/2012,09/30/2012,06/30/2012,03/31/2012,12/31/2011,09/30/2011,06/30/2011,03/31/2011,12/31/2010,09/30/2010,06/30/2010,03/31/2010,12/31/2009,09/30/2009,06/30/2009,03/31/2009,12/31/2008,09/30/2008,06/30/2008,03/31/2008,12/31/2007,09/30/2007,06/30/2007,03/31/2007,12/31/2006,09/30/2006,06/30/2006,03/31/2006,12/31/2005,09/30/2005,06/30/2005,03/31/2005,12/31/2004,09/30/2004,06/30/2004,03/31/2004,12/31/2003,09/30/2003,06/30/2003,03/31/2003,12/31/2002,09/30/2002,06/30/2002,03/31/2002,12/31/2001,09/30/2001,06/30/2001,03/31/2001,12/31/2000,09/30/2000,06/30/2000,03/31/2000,12/31/1999,09/30/1999,06/30/1999,03/31/1999,12/31/1998,09/30/1998,06/30/1998,03/31/1998,12/31/1997,09/30/1997,06/30/1997,03/31/1997,12/31/1996,09/30/1996,06/30/1996,03/31/1996,12/31/1995,09/30/1995,06/30/1995,03/31/1995,12/31/1994,09/30/1994,06/30/1994,03/31/1994,12/31/1993,09/30/1993,06/30/1993,03/31/1993,12/31/1992,09/30/1992,06/30/1992,03/31/1992,12/31/1991,09/30/1991,06/30/1991,03/31/1991,12/31/1990,09/30/1990,06/30/1990,03/31/1990,12/31/1989,09/30/1989,06/30/1989,03/31/1989,12/31/1988,09/30/1988,06/30/1988,03/31/1988,12/31/1987,09/30/1987,06/30/1987,03/31/1987,12/31/1986,09/30/1986,06/30/1986,03/31/1986,12/31/1985,09/30/1985
TotalRevenue,"23,222,900,000","6,009,100,000","6,201,300,000","5,887,900,000","5,124,600,000","5,313,800,000","5,418,100,000","3,761,500,000","4,714,400,000","5,349,000,000","5,430,600,000","5,341,300,000","4,955,600,000","5,163,000,000","5,369,400,000","5,353,900,000","5,138,900,000","5,340,200,000","5,754,600,000","6,049,700,000","5,675,900,000","6,028,900,000","6,424,100,000","6,265,000,000","5,903,900,000","6,341,300,000","6,615,100,000","6,497,700,000","5,958,900,000","6,572,200,000","6,987,100,000","7,181,700,000","6,700,300,000","7,093,200,000","7,323,400,000","7,083,800,000","6,605,300,000","6,952,100,000","7,152,400,000","6,915,900,000","6,546,600,000","6,822,700,000","7,166,300,000","6,905,400,000","6,111,600,000","6,214,100,000","6,304,900,000","5,945,500,000","5,610,100,000","5,973,400,000","6,046,700,000","5,647,200,000","5,077,400,000","5,565,000,000","6,267,300,000","6,075,300,000","5,614,800,000","5,753,600,000","5,900,900,000","6,010,500,000","5,464,100,000","5,030,700,000","5,882,500,000","5,572,300,000","5,100,900,000","5,234,600,000","5,327,100,000","5,095,700,000","4,802,800,000","5,010,300,000","4,925,700,000","4,729,000,000","4,399,700,000","4,555,400,000","4,504,600,000","4,280,800,000","3,799,700,000","3,899,200,000","4,047,000,000","3,862,100,000","3,597,400,000","3,771,500,000","3,879,300,000","3,707,500,000","3,511,700,000","3,589,600,000","3,749,000,000","3,560,600,000","3,343,800,000","3,372,900,000","3,444,200,000","3,407,100,000","3,035,100,000","3,220,700,000","3,215,000,000","3,180,800,000","2,804,900,000","2,952,600,000","3,006,000,000","2,832,600,000","2,617,600,000","2,821,600,000","2,773,800,000","2,665,100,000","2,426,000,000","2,585,500,000","2,580,100,000","2,467,600,000","2,161,300,000","2,270,100,000","2,225,400,000","2,029,300,000","1,796,000,000","1,931,900,000","1,944,300,000","1,877,800,000","1,654,100,000","1,828,400,000","1,912,500,000","1,774,100,000","1,618,300,000","1,729,800,000","1,736,600,000","1,670,800,000","1,557,800,000","1,589,000,000","1,816,200,000","1,701,300,000","1,533,100,000","1,580,300,000","1,631,800,000","1,548,100,000","1,381,800,000","1,451,300,000","1,460,700,000","1,426,000,000","1,228,400,000","1,265,800,000","1,313,800,000","1,245,600,000","1,068,400,000","991,600,000","1,133,800,000","1,076,800,000","941,400,000","915,900,000","1,014,600,000"
	OperatingRevenue,"22,872,800,000","5,930,400,000","6,108,600,000","5,794,900,000","5,038,900,000","5,218,600,000","5,331,200,000","3,681,700,000","4,633,800,000","5,349,000,000","5,430,600,000","5,341,300,000","4,955,600,000","5,163,000,000","5,369,400,000","5,353,900,000","5,138,900,000","5,340,200,000","5,754,600,000","6,049,700,000","5,675,900,000","6,028,900,000","6,424,100,000","6,265,000,000","5,903,900,000","6,341,300,000","6,615,100,000","6,497,700,000","5,958,900,000","6,572,200,000","6,987,100,000","7,181,700,000","6,700,300,000","7,093,200,000","7,323,400,000","7,083,800,000","6,605,300,000","6,952,100,000","7,152,400,000","6,915,900,000","6,546,600,000","6,822,700,000","7,166,300,000","6,905,400,000","6,111,600,000","6,214,100,000","6,304,900,000","5,945,500,000","5,610,100,000","5,973,400,000","6,046,700,000","5,647,200,000","5,077,400,000","5,565,000,000","6,267,300,000","6,075,300,000","5,614,800,000","5,753,600,000","5,900,900,000","6,010,500,000","5,464,100,000","5,030,700,000","5,882,500,000","5,572,300,000","5,100,900,000","5,234,600,000","5,327,100,000","5,095,700,000","4,802,800,000","5,010,300,000","4,925,700,000","4,729,000,000","4,399,700,000","4,555,400,000","4,504,600,000","4,280,800,000","3,799,700,000","3,899,200,000","4,047,000,000","3,862,100,000","3,597,400,000","3,771,500,000","3,879,300,000","3,707,500,000","3,511,700,000","3,589,600,000","3,749,000,000","3,560,600,000","3,343,800,000","3,372,900,000","3,444,200,000","3,407,100,000","3,035,100,000","3,220,700,000","3,215,000,000","3,180,800,000","2,804,900,000","2,952,600,000","3,006,000,000","2,832,600,000","2,617,600,000","2,821,600,000","2,773,800,000","2,665,100,000","2,426,000,000","2,585,500,000","2,580,100,000","2,467,600,000","2,161,300,000","2,270,100,000","2,225,400,000","2,029,300,000","1,796,000,000","1,931,900,000","1,944,300,000","1,877,800,000","1,654,100,000","1,828,400,000","1,912,500,000","1,774,100,000","1,618,300,000","1,729,800,000","1,736,600,000","1,670,800,000","1,557,800,000","1,589,000,000","1,816,200,000","1,701,300,000","1,533,100,000","1,580,300,000","1,631,800,000","1,548,100,000","1,381,800,000","1,451,300,000","1,460,700,000","1,426,000,000","1,228,400,000","1,265,800,000","1,313,800,000","1,245,600,000","1,068,400,000","991,600,000","1,133,800,000","1,076,800,000","941,400,000","915,900,000","1,014,600,000"
CostOfRevenue,"10,642,700,000","2,748,100,000","2,769,900,000","2,668,400,000","2,456,300,000","2,533,600,000","2,513,400,000","2,036,200,000","2,372,500,000","2,502,900,000","2,527,200,000","2,511,800,000","2,419,300,000","2,466,300,000","2,547,300,000","2,614,400,000","2,611,200,000","2,674,700,000","2,937,100,000","3,341,300,000","3,246,500,000","3,470,700,000","3,677,100,000","3,679,000,000","3,590,400,000","3,834,800,000","4,023,800,000","4,007,300,000","3,757,900,000","4,098,100,000","4,305,900,000","4,397,400,000","4,184,200,000","4,350,400,000","4,412,800,000","4,318,600,000","4,121,200,000","4,223,800,000","4,297,800,000","4,200,000,000","4,029,100,000","4,109,100,000","4,259,500,000","4,179,800,000","3,771,000,000","3,739,600,000","3,698,400,000","3,549,100,000","3,450,200,000","3,620,000,000","3,638,400,000","3,477,300,000","3,217,200,000","3,489,200,000","3,904,100,000","3,850,500,000","3,639,400,000","3,693,000,000","3,779,700,000","4,002,300,000","3,732,400,000","3,284,500,000","3,965,700,000","3,797,000,000","3,554,900,000","3,607,000,000","3,646,500,000","3,516,400,000","3,366,100,000","-267,500,000","3,339,200,000","3,231,200,000","3,073,800,000","-252,000,000","3,076,600,000","2,975,000,000","2,732,700,000","-302,700,000","2,799,000,000","2,659,900,000","2,512,300,000","-271,300,000","2,644,200,000","2,539,500,000","2,440,300,000","553,600,000","2,239,400,000","2,068,100,000","1,971,100,000","-451,700,000","1,953,800,000","1,927,900,000","1,762,700,000","-385,400,000","1,812,400,000","1,793,600,000","1,615,300,000","-375,000,000","1,739,600,000","1,596,500,000","1,483,500,000","102,800,000","1,407,000,000","1,338,100,000","1,232,600,000","-304,100,000","1,403,800,000","1,340,400,000","1,182,600,000","-248,000,000","1,185,300,000","1,085,600,000","969,900,000","-258,900,000","1,028,500,000","1,008,700,000","907,100,000","-1,793,300,000","1,039,200,000","980,100,000","907,900,000","-1,724,200,000","963,900,000","953,900,000","919,700,000","-1,723,700,000","1,039,100,000","966,300,000","908,400,000","942,100,000","934,200,000","886,500,000",,,,,,,,,,,,,,,
GrossProfit,"12,580,200,000","3,261,000,000","3,431,400,000","3,219,500,000","2,668,300,000","2,780,200,000","2,904,700,000","1,725,300,000","2,341,900,000","2,846,100,000","2,903,400,000","2,829,500,000","2,536,300,000","2,696,700,000","2,822,100,000","2,739,500,000","2,527,700,000","2,665,500,000","2,817,500,000","2,708,400,000","2,429,400,000","2,558,200,000","2,747,000,000","2,586,000,000","2,313,500,000","2,506,500,000","2,591,300,000","2,490,400,000","2,201,000,000","2,474,100,000","2,681,200,000","2,784,300,000","2,516,100,000","2,742,800,000","2,910,600,000","2,765,200,000","2,484,100,000","2,728,300,000","2,854,600,000","2,715,900,000","2,517,500,000","2,713,600,000","2,906,800,000","2,725,600,000","2,340,600,000","2,474,500,000","2,606,500,000","2,396,400,000","2,159,900,000","2,353,400,000","2,408,300,000","2,169,900,000","1,860,200,000","2,075,800,000","2,363,200,000","2,224,800,000","1,975,400,000","2,060,600,000","2,121,200,000","2,008,200,000","1,731,700,000","1,746,200,000","1,916,800,000","1,775,300,000","1,546,000,000","1,627,600,000","1,680,600,000","1,579,300,000","1,436,700,000","5,277,800,000","1,586,500,000","1,497,800,000","1,325,900,000","4,807,400,000","1,428,000,000","1,305,800,000","1,067,000,000","4,201,900,000","1,248,000,000","1,202,200,000","1,085,100,000","4,042,800,000","1,235,100,000","1,168,000,000","1,071,400,000","3,036,000,000","1,509,600,000","1,492,500,000","1,372,700,000","3,824,600,000","1,490,400,000","1,479,200,000","1,272,400,000","3,606,100,000","1,402,600,000","1,387,200,000","1,189,600,000","3,327,600,000","1,266,400,000","1,236,100,000","1,134,100,000","2,718,800,000","1,366,800,000","1,327,000,000","1,193,400,000","2,889,600,000","1,176,300,000","1,127,200,000","978,700,000","2,518,100,000","1,040,100,000","943,700,000","826,100,000","2,190,800,000","915,800,000","869,100,000","747,000,000","3,621,700,000","873,300,000","794,000,000","710,400,000","3,454,000,000","772,700,000","716,900,000","638,100,000","3,312,700,000","777,100,000","735,000,000","624,700,000","638,200,000","697,600,000","661,600,000",,,,,,,,,,,,,,,
OperatingExpense,"2,707,500,000","841,900,000","643,700,000","655,500,000","566,400,000","778,300,000","530,500,000","647,000,000","589,800,000","653,600,000","543,600,000","533,100,000","499,100,000","609,800,000","515,200,000","542,100,000","533,100,000","617,600,000","567,000,000","525,400,000","521,300,000","627,500,000","582,900,000","596,100,000","578,000,000","675,100,000","584,000,000","592,400,000","582,800,000","662,500,000","575,800,000","629,200,000","620,400,000","627,800,000","554,300,000","607,000,000","596,500,000","624,500,000","620,900,000","617,300,000","592,500,000","428,300,000","580,900,000","534,100,000","514,700,000","629,400,000","506,400,000","544,300,000","455,000,000","589,100,000","477,000,000","487,200,000","458,600,000","547,900,000","539,800,000","600,800,000","525,700,000","740,700,000","615,300,000","2,223,200,000","564,800,000","682,300,000","622,200,000","635,900,000","536,100,000","692,100,000","520,800,000","562,600,000","527,100,000","4,660,500,000","487,600,000","531,900,000","467,500,000","4,439,900,000","464,100,000","479,600,000","392,400,000","4,405,300,000","418,200,000","357,000,000","443,800,000","3,560,100,000","488,500,000","395,500,000","376,200,000","2,317,800,000","659,400,000","666,900,000","633,400,000","3,058,400,000","616,600,000","603,200,000","574,000,000","2,845,200,000","586,300,000","581,500,000","546,900,000","2,655,700,000","545,900,000","541,900,000","525,900,000","2,066,900,000","665,200,000","652,000,000","635,000,000","2,259,500,000","490,000,000","482,500,000","444,200,000","1,942,900,000","434,800,000","405,600,000","387,400,000","1,700,700,000","378,700,000","366,900,000","354,400,000","3,167,400,000","360,300,000","346,000,000","328,100,000","3,048,500,000","332,400,000","325,600,000","310,500,000","3,051,700,000","304,000,000","307,700,000","285,400,000","287,900,000","275,400,000","275,000,000",,,,,,,,,,,,,,,
	SellingGeneralAndAdministration,"2,377,800,000","755,400,000","559,600,000","572,400,000","490,400,000","698,000,000","454,700,000","576,000,000","516,300,000","653,600,000","543,600,000","533,100,000","499,100,000","609,800,000","515,200,000","542,100,000","533,100,000","617,600,000","567,000,000","525,400,000","521,300,000","627,500,000","582,900,000","596,100,000","578,000,000","675,100,000","584,000,000","592,400,000","582,800,000","662,500,000","575,800,000","629,200,000","620,400,000","627,800,000","554,300,000","607,000,000","596,500,000","624,500,000","620,900,000","617,300,000","592,500,000","661,200,000","580,900,000","588,000,000","563,600,000","665,800,000","556,300,000","564,900,000","546,300,000","655,800,000","549,600,000","531,500,000","497,300,000","622,300,000","582,100,000","598,700,000","552,400,000","660,500,000","569,400,000","605,200,000","558,200,000","611,300,000","580,800,000","595,500,000","550,300,000","615,600,000","547,300,000","562,600,000","520,100,000","4,277,700,000","474,600,000","496,500,000","457,500,000","3,925,300,000","456,300,000","466,400,000","396,400,000","3,565,000,000","438,200,000","402,900,000","384,900,000","3,334,600,000","415,900,000","414,600,000","397,800,000","3,097,300,000","409,200,000","393,400,000","377,600,000","2,822,500,000","368,000,000","365,500,000","339,900,000","2,612,400,000","358,500,000","364,900,000","343,000,000","2,418,900,000","375,500,000","347,200,000","334,000,000","1,870,700,000","490,100,000","467,000,000","448,400,000","2,072,300,000","314,100,000","305,400,000","275,400,000","1,768,500,000","277,100,000","257,000,000","239,500,000","1,547,400,000","234,600,000","232,500,000","217,800,000","3,025,900,000","217,100,000","209,400,000","194,500,000","2,916,900,000","203,200,000","198,400,000","184,300,000","2,917,600,000","180,100,000","186,300,000","171,500,000","177,200,000","164,600,000","166,000,000",,,,,,,,,,,,,,,
	DepreciationAmortizationDepletionIncomeStatement,"329,700,000","86,500,000","84,100,000","83,100,000","76,000,000","80,300,000","75,800,000","71,000,000","73,500,000",,,,,,,,,,,,,,,,,,,,,,,,,,,,,,,,,,,,,,,,,,,,,,,,,,,,,,,,,,,,,,,,,,,,,,,,,,,,,,"250,200,000","273,500,000","255,800,000","235,900,000","248,600,000","237,700,000","234,100,000","232,800,000","227,800,000","216,600,000","203,900,000","236,800,000","170,400,000","194,700,000","191,900,000","196,200,000","175,100,000","185,000,000","186,600,000","187,200,000","175,900,000","177,100,000","168,800,000","174,400,000","157,700,000","148,600,000","147,900,000","153,300,000","144,100,000","134,400,000","136,600,000","141,500,000","143,200,000","136,600,000","133,600,000","131,600,000","129,200,000","127,200,000","126,200,000","134,100,000","123,900,000","121,400,000","113,900,000","110,700,000","110,800,000","109,000,000",,,,,,,,,,,,,,,
		DepreciationAndAmortizationInIncomeStatement,"329,700,000","86,500,000","84,100,000","83,100,000","76,000,000","80,300,000","75,800,000","71,000,000","73,500,000",,,,,,,,,,,,,,,,,,,,,,,,,,,,,,,,,,,,,,,,,,,,,,,,,,,,,,,,,,,,,,,,,,,,,,,,,,,,,,"250,200,000","273,500,000","255,800,000","235,900,000","248,600,000","237,700,000","234,100,000","232,800,000","227,800,000","216,600,000","203,900,000","236,800,000","170,400,000","194,700,000","191,900,000","196,200,000","175,100,000","185,000,000","186,600,000","187,200,000","175,900,000","177,100,000","168,800,000","174,400,000","157,700,000","148,600,000","147,900,000","153,300,000","144,100,000","134,400,000","136,600,000","141,500,000","143,200,000","136,600,000","133,600,000","131,600,000","129,200,000","127,200,000","126,200,000","134,100,000","123,900,000","121,400,000","113,900,000","110,700,000","110,800,000","109,000,000",,,,,,,,,,,,,,,
	OtherOperatingExpenses,,,"-198,800,000","-127,100,000","-179,400,000",,"-152,200,000","117,200,000","58,500,000","-100,100,000","-49,500,000",,,,,,,,,,,,,,,,,,,,,,,,,,,,"-53,500,000","-56,400,000","-39,600,000",,"-68,800,000","-53,900,000","-48,900,000","-36,400,000","-49,900,000","-20,600,000","-91,300,000","-66,700,000","-72,600,000","-44,300,000","-38,700,000","-74,400,000","-42,300,000","2,100,000","-26,700,000","80,200,000","45,900,000","1,618,000,000","6,600,000","71,000,000","41,400,000","40,400,000","-14,200,000","76,500,000","-26,500,000",,"7,000,000","382,800,000","13,000,000","35,400,000","10,000,000","514,600,000","7,800,000","13,200,000","-4,000,000","840,300,000","-20,000,000","-45,900,000","58,900,000","225,500,000","72,600,000","-19,100,000","-21,600,000",,,,,,,,,,,,,,,,,,,,,,,,,,,,,,,,,,,,,,,,,,,,,,,,,,,,,,,,,,,,,,
OperatingIncome,"9,872,700,000","2,419,100,000","2,787,700,000","2,564,000,000","2,101,900,000","2,001,900,000","2,374,200,000","1,078,300,000","1,752,100,000","2,192,500,000","2,359,800,000","2,296,400,000","2,037,200,000","2,086,900,000","2,306,900,000","2,197,400,000","1,994,600,000","2,047,900,000","2,250,500,000","2,183,000,000","1,908,100,000","1,930,700,000","2,164,100,000","1,989,900,000","1,735,500,000","1,831,400,000","2,007,300,000","1,898,000,000","1,618,200,000","1,811,600,000","2,105,400,000","2,155,100,000","1,895,700,000","2,115,000,000","2,356,300,000","2,158,200,000","1,887,600,000","2,103,800,000","2,233,700,000","2,098,600,000","1,925,000,000","2,285,300,000","2,325,900,000","2,191,500,000","1,825,900,000","1,845,100,000","2,100,100,000","1,852,100,000","1,704,900,000","1,764,300,000","1,931,300,000","1,682,700,000","1,401,600,000","1,527,900,000","1,823,400,000","1,624,000,000","1,449,700,000","1,319,900,000","1,505,900,000","-215,000,000","1,166,900,000","1,063,900,000","1,294,600,000","1,139,400,000","1,009,900,000","935,500,000","1,159,800,000","1,016,700,000","909,600,000","617,300,000","1,098,900,000","965,900,000","858,400,000","367,500,000","963,900,000","826,200,000","674,600,000","-203,400,000","829,800,000","845,200,000","641,300,000","482,700,000","746,600,000","772,500,000","695,200,000","718,200,000","850,200,000","825,600,000","739,300,000","766,200,000","873,800,000","876,000,000","698,400,000","760,900,000","816,300,000","805,700,000","642,700,000","671,900,000","720,500,000","694,200,000","608,200,000","651,900,000","701,600,000","675,000,000","558,400,000","630,100,000","686,300,000","644,700,000","534,500,000","575,200,000","605,300,000","538,100,000","438,700,000","490,100,000","537,100,000","502,200,000","392,600,000","454,300,000","513,000,000","448,000,000","382,300,000","405,500,000","440,300,000","391,300,000","327,600,000","261,000,000","473,100,000","427,300,000","339,300,000","350,300,000","422,200,000","386,600,000","1,381,800,000","-2,831,300,000","1,460,700,000","1,426,000,000","1,228,400,000","-2,465,900,000","1,313,800,000","1,245,600,000","1,068,400,000","-2,227,600,000","1,133,800,000","1,076,800,000","941,400,000","-1,921,900,000","1,014,600,000"
NetNonOperatingInterestIncomeExpense,"-1,176,800,000","-293,100,000","-291,400,000","-294,100,000","-298,200,000","-304,700,000","-306,700,000","-314,100,000","-274,600,000","-275,600,000","-271,700,000","-273,500,000","-264,100,000","-254,500,000","-251,300,000","-240,100,000","-231,300,000","-234,500,000","-230,200,000","-229,200,000","-220,400,000","-223,200,000","-222,200,000","-220,900,000","-214,500,000","-179,100,000","-157,700,000","-147,500,000","-145,000,000","-144,100,000","-143,800,000","-130,500,000","-132,100,000","-129,000,000","-127,100,000","-126,700,000","-124,100,000","-124,600,000","-123,100,000","-123,500,000","-128,900,000","-87,900,000","-124,000,000","-121,800,000","-120,100,000","-130,800,000","-109,200,000","-104,500,000","-106,400,000","-130,000,000","-113,400,000","-114,700,000","-115,200,000",,,,,,,,,,,,,,,,,,,,,,,,,,,,,,,,,,,,,,,,,,,,,,,,,,,,,,,,,,,,,,,,,,,,,,,,,,,,,,,,,,,,,,,,,,,,,,
	InterestIncomeNonOperating,"9,000,000","2,500,000","2,300,000","2,400,000","1,800,000","3,900,000",,,"5,400,000","7,400,000","8,900,000","10,700,000","10,000,000","-400,000","-1,200,000","100,000","5,500,000","600,000","6,500,000","1,700,000","-1,800,000","-2,000,000","-800,000","3,000,000","3,800,000","1,800,000","3,200,000","1,700,000","2,300,000","3,700,000","5,500,000","7,400,000","3,400,000","4,500,000","3,400,000","3,100,000","4,000,000","5,000,000","5,000,000","6,500,000",,,,,,,"5,600,000","3,600,000","4,600,000",,"4,400,000","4,600,000","5,700,000",,,,,,,,,,,,,,,,,,,,,,,,,,,,,,,,,,,,,,,,,,,,,,,,,,,,,,,,,,,,,,,,,,,,,,,,,,,,,,,,,,,,,,,,,,,,,,
	InterestExpenseNonOperating,"1,185,800,000","295,600,000","293,700,000","296,500,000","300,000,000","322,700,000","306,700,000","314,100,000","280,000,000","283,000,000","280,600,000","284,200,000","274,100,000","254,100,000","251,300,000","240,200,000","236,800,000","235,100,000","236,700,000","230,900,000","220,400,000","221,200,000","222,200,000","223,900,000","218,300,000","180,900,000","160,900,000","149,200,000","147,300,000","147,800,000","149,300,000","137,900,000","135,500,000","133,500,000","130,500,000","129,800,000","128,100,000","129,600,000","128,100,000","130,000,000","128,900,000","126,900,000","124,000,000","121,800,000","120,100,000","117,000,000","114,800,000","108,100,000","111,000,000","115,200,000","117,800,000","119,300,000","120,900,000",,,,,,,,,,,,,,,,,,,,,,,,,,,,,,,,,,,,,,,,,,,,,,,,,,,,,,,,,,,,,,,,,,,,,,,,,,,,,,,,,,,,,,,,,,,,,,
OtherIncomeExpense,"432,000,000","-18,200,000","195,100,000","106,100,000","149,000,000","133,000,000","149,600,000","-115,500,000","-32,600,000","109,700,000","64,100,000","-15,100,000","58,200,000","-81,700,000","103,100,000","60,800,000","124,600,000","71,600,000","799,200,000","107,600,000","119,800,000","27,100,000","-37,400,000","-118,800,000","55,400,000","58,000,000","28,800,000","-38,100,000","-219,100,000","-71,700,000","-40,500,000","46,900,000","19,700,000","69,100,000","43,400,000","28,400,000","53,300,000","88,800,000","43,000,000","34,800,000","51,400,000","-214,000,000","61,300,000","-3,300,000","-6,900,000","19,300,000","-16,400,000","-12,300,000","-41,600,000","66,700,000","3,700,000","24,000,000","86,000,000","-36,700,000","33,400,000","197,700,000","37,300,000","80,300,000","-32,300,000","-1,599,800,000","-6,900,000","-152,100,000","-46,300,000","180,000,000","-25,900,000","-70,300,000","39,100,000","6,900,000","3,400,000","-336,400,000","-18,300,000","-47,300,000","-18,900,000","-523,900,000","-54,800,000","-29,500,000","-21,200,000","-863,900,000","-700,000","25,300,000","-70,700,000","-234,900,000","41,900,000","17,400,000","3,300,000","51,200,000","50,300,000","53,600,000","23,800,000","42,300,000","21,900,000","-5,700,000","7,500,000","-143,000,000","3,800,000","-165,500,000","300,000","11,600,000","32,700,000","35,100,000","-2,500,000","-38,200,000","33,000,000","33,300,000","-21,400,000","-2,800,000","9,300,000","25,600,000","-18,400,000","-23,500,000","16,000,000","32,000,000","10,500,000","-8,400,000","38,300,000","19,900,000","20,000,000","-23,600,000","20,900,000","28,800,000","-2,000,000","-3,900,000","43,700,000","56,300,000","30,000,000",,,,,,,,,,,,,,,,,,,,,,
	GainOnSaleOfSecurity,"-37,000,000","5,300,000","-2,900,000","-19,100,000","-20,300,000","-14,800,000","-600,000","600,000","17,800,000","9,500,000","18,800,000","10,400,000","9,300,000","11,300,000","2,900,000","-2,700,000","-16,500,000","-14,900,000","-15,400,000","2,400,000","1,900,000","800,000","-4,500,000","15,600,000","12,100,000","10,400,000","10,700,000","19,000,000","15,900,000","-8,600,000","-4,900,000","5,500,000","-12,000,000","1,800,000","-3,700,000","-5,600,000","-500,000","-600,000","-800,000","-7,100,000",,,,,,,,,,,,,,,,,,,,,,,,,,,,,,,,,,,,,,,,,,,,,,,,,,,,,,,,,,,,,,,,,,,,,,,,,,,,,,,,,,,,,,,,,,,,,,,,,,,,,,,,,,,
	EarningsFromEquityInterest,"177,000,000","50,100,000","49,000,000","42,800,000","35,100,000","49,500,000","48,700,000","4,500,000","14,700,000","41,800,000","42,800,000","34,100,000","35,100,000","35,300,000","38,600,000","35,000,000","42,600,000","82,600,000","30,900,000","29,300,000","40,900,000","29,600,000","26,700,000","2,200,000","-3,700,000","-50,900,000","-8,200,000","-24,300,000","-63,400,000","-14,600,000","-25,200,000","14,400,000","16,500,000","11,000,000","23,600,000","24,900,000","18,700,000","32,100,000",,,"40,400,000",,,,,,"0","0","0","0","600,000","17,800,000","76,500,000","68,300,000","42,300,000","26,100,000","23,400,000","25,400,000","43,200,000","23,000,000","24,000,000","17,600,000","30,900,000","14,900,000","13,400,000","10,300,000","17,400,000","8,700,000","16,400,000","19,200,000","18,700,000","11,200,000","10,900,000","12,700,000","20,700,000","2,700,000","800,000","-5,400,000","14,100,000","7,100,000","8,300,000","12,000,000","12,400,000","25,200,000","11,900,000",,,,,,,,,,,,,,,,,,,,,,,,,,,,,,,,,,,,,,,,,,,,,,,,,,,,,,,,,,,,,,
	SpecialIncomeCharges,"306,000,000","-72,400,000","149,800,000","84,300,000","144,300,000","91,500,000","103,500,000","-121,700,000","-73,200,000","58,300,000","6,700,000","-56,600,000","21,700,000","-122,700,000","72,200,000","29,900,000","105,900,000","13,700,000","798,000,000","82,800,000","85,000,000","8,700,000","-53,500,000","-134,200,000","48,500,000","99,900,000","31,200,000","-24,400,000","-169,300,000","-45,300,000","-7,700,000","19,500,000","23,800,000","74,400,000","36,800,000","14,600,000","43,200,000","-26,100,000","43,800,000","41,900,000","11,000,000","-205,000,000","61,300,000","-3,300,000","-6,900,000","19,300,000","-16,400,000","-12,300,000","-41,600,000","66,700,000","3,100,000","6,200,000","9,500,000","-105,000,000","-8,900,000","171,600,000","13,900,000","54,900,000","-75,500,000","-1,622,800,000","-30,900,000","-169,700,000","-77,200,000","165,100,000","-39,300,000","-80,600,000","21,700,000","-1,800,000","-13,000,000","-355,600,000","-37,000,000","-58,500,000","-29,800,000","-536,600,000","-75,500,000","-32,200,000","-22,000,000","-858,500,000","-14,800,000","18,200,000","-79,000,000","-246,900,000","29,500,000","-7,800,000","-8,600,000","51,200,000","50,300,000","53,600,000","23,800,000","42,300,000","21,900,000","-5,700,000","7,500,000","-143,000,000","3,800,000","-165,500,000","300,000","11,600,000","32,700,000","35,100,000","-2,500,000","-38,200,000","33,000,000","33,300,000","-21,400,000","-2,800,000","9,300,000","25,600,000","-18,400,000","-23,500,000","16,000,000","32,000,000","10,500,000","-8,400,000","38,300,000","19,900,000","20,000,000","-23,600,000","20,900,000","28,800,000","-2,000,000","-3,900,000","43,700,000","56,300,000","30,000,000",,,,,,,,,,,,,,,,,,,,,,
		RestructuringAndMergernAcquisition,,,,,,,,,,,,,,,,,,,,,,,,,,,,,,,,,,,,,,,,,,,,,,,,,,,,,,,"-300,000","-30,200,000","-13,100,000","-34,700,000","-18,900,000","-27,600,000","-7,700,000","-14,500,000","-8,900,000",,"86,100,000",,,,,,,,,,,,,,,,,,,,,,,,,,,,,,,,,,,,,,,,,,,,,,,,,,,,,,,,,,,,,,,,,,,,,,,,,,,,,,,,,,
		ImpairmentOfCapitalAssets,,,,,"-135,200,000","-142,100,000","-138,700,000","12,000,000","1,300,000","-5,900,000","1,600,000","78,300,000","300,000","137,900,000","500,000","91,700,000","1,600,000","-15,000,000","-705,900,000","18,600,000","-500,000","-15,600,000","127,600,000","228,400,000","1,200,000","73,900,000",,,,,,,,,,,,,,"0","0",,,"2,400,000",,"-12,100,000","3,600,000","6,800,000","30,800,000","-62,000,000","-1,500,000","1,200,000","1,200,000",,,,,,,,,,,,,,,,,,,,,,,,,,,,,,,,,,,,,,,,,,,,,,,,,,,,,,,,,,,,,,,,,,,,,,,,,,,,,,,,,,,,,,,,,,,,,,
		WriteOff,"-285,000,000","54,400,000","-106,400,000","-97,800,000","-135,200,000","-142,100,000","-138,700,000","12,000,000","1,300,000","-5,900,000","1,600,000","78,300,000","300,000","137,900,000","500,000","91,700,000","1,600,000","-15,000,000","-705,900,000","18,600,000","-500,000","-15,600,000","127,600,000","228,400,000","1,200,000","73,900,000",,,,,,,,,,,,"1,800,000",,,,,,,,,,,,,,,,,,,,,,,,,,,,,,,,,,,,,,,,,,,,,,,,,,,,,,,,,,,,,,,,,,,,,,,,,,,,,,,,,,,,,,,,,,,,,,,,,,,,,,,,,,,,,
		OtherSpecialCharges,,,,,,,,,,,,,,,,,,,,,,,,,,,,,,,,,,,,,,,,"-41,900,000","4,700,000",,,"900,000",,"-7,200,000","12,800,000","5,500,000","10,800,000","-4,700,000","-1,600,000","-7,400,000","-10,700,000","79,300,000","9,200,000","-141,400,000","-800,000","-20,200,000","94,400,000","1,650,400,000","38,600,000","184,200,000","86,100,000",,"-46,800,000",,,,,,,,,,,,,,,,,,,,,,,,,,,,,,,,,,,,,,,,,,,,,,,,,,,,,,,,,,,,,,,,,,,,,,,,,,,,,,,,,,
		GainOnSaleOfBusiness,"96,000,000","13,500,000","37,800,000","27,100,000","17,600,000","19,800,000","700,000","300,000","2,500,000","37,100,000","17,400,000","43,900,000","29,100,000","47,400,000","68,000,000","92,200,000","96,500,000","64,500,000","63,100,000","107,800,000","60,000,000","63,800,000","70,100,000","89,900,000","59,600,000","61,800,000","20,200,000","39,300,000","24,600,000","60,400,000","26,100,000","21,900,000","29,000,000","69,900,000","45,400,000","31,400,000","52,700,000","71,900,000",,,"15,700,000",,,,,,,,,,,,,,,,,,,,,,,,,,,,,,,,,,,,,,,,,,,,,,,,,,,,,,,,,,,,,,,,,,,,,,,,,,,,,,,,,,,,,,,,,,,,,,,,,,,,,,,,,,
		GainOnSaleOfPPE,"-75,000,000","-31,500,000","5,600,000","-40,600,000","-8,500,000","-70,400,000","-35,900,000","-110,000,000","-74,400,000","15,300,000","-9,100,000","-22,200,000","-7,100,000","-32,200,000","4,700,000","29,400,000","11,000,000","-65,800,000","29,000,000","-6,400,000","24,500,000","-70,700,000","4,000,000","4,300,000","-9,900,000","273,200,000","11,000,000","-63,700,000","-193,900,000","-105,700,000","-33,800,000","-2,400,000","-5,200,000","4,500,000","-8,600,000","-16,800,000","-9,500,000","-8,200,000",,,,,,,,,,,,,,,,,,,,,,,,,,,,,,,,,,,,,,,,,,,,,,,,,,,,,,,,,,,,,,,,,,,,,,,,,,,,,,,,,,,,,,,,,,,,,,,,,,,,,,,,,,,,,
	OtherNonOperatingIncomeExpenses,"-14,000,000","-1,200,000","-800,000","-1,900,000","-10,100,000","6,800,000","-2,000,000","1,100,000","8,100,000","100,000","-4,200,000","-3,000,000","-7,900,000","-5,600,000","-10,600,000","-1,400,000","-7,400,000","-9,800,000","-14,300,000","-6,900,000","-8,000,000","-12,000,000","-6,100,000","-2,400,000","-1,500,000","-1,400,000","-4,900,000","-8,400,000","-2,300,000","-3,200,000","-2,700,000","7,500,000","-8,600,000","-18,100,000","-13,300,000","-5,500,000","-8,100,000","-4,800,000",,,,,,,,,,,,,,,,,,,,,,,,,,,,,,,,,,,,,,,,,,,,,,,,,,,,,,,,,,,,,,,,,,,,,,,,,,,,,,,,,,,,,,,,,,,,,,,,,,,,,,,,,,,,,
PretaxIncome,"9,127,900,000","2,107,800,000","2,691,400,000","2,376,000,000","1,952,700,000","1,830,000,000","2,217,100,000","648,700,000","1,444,900,000","2,026,800,000","2,152,200,000","2,007,800,000","1,831,300,000","1,751,400,000","2,158,700,000","2,018,100,000","1,887,900,000","1,885,100,000","2,819,500,000","2,061,400,000","1,807,500,000","1,734,900,000","1,904,500,000","1,650,200,000","1,576,400,000","1,710,800,000","1,878,400,000","1,712,400,000","1,254,100,000","1,596,100,000","1,921,100,000","2,071,500,000","1,783,300,000","2,055,200,000","2,272,600,000","2,059,900,000","1,816,800,000","2,068,000,000","2,153,600,000","2,009,900,000","1,847,500,000","1,983,700,000","2,263,200,000","2,066,400,000","1,698,900,000","1,733,600,000","1,974,500,000","1,735,300,000","1,556,900,000","1,701,000,000","1,821,600,000","1,592,000,000","1,372,400,000","1,397,100,000","1,698,900,000","1,698,800,000","1,363,200,000","1,284,300,000","1,453,600,000","-272,100,000","1,093,900,000","770,100,000","1,228,500,000","1,262,000,000","905,800,000","850,300,000","1,085,800,000","935,300,000","830,200,000","573,200,000","1,005,500,000","865,900,000","757,800,000","267,500,000","823,100,000","708,200,000","547,600,000","-321,600,000","715,300,000","731,200,000","537,200,000","369,500,000","750,500,000","653,700,000","556,000,000","657,500,000","789,100,000","773,000,000","662,700,000","710,300,000","800,300,000","772,800,000","600,700,000","516,100,000","717,300,000","533,800,000","540,200,000","589,400,000","659,100,000","643,100,000","515,700,000","523,500,000","649,900,000","625,500,000","452,100,000","539,600,000","609,500,000","584,900,000","435,100,000","471,600,000","541,100,000","496,500,000","377,400,000","403,000,000","499,700,000","439,700,000","333,300,000","344,300,000","436,900,000","383,800,000","283,100,000","302,900,000","389,600,000","351,500,000","255,400,000","286,500,000","375,400,000","334,600,000","249,800,000","271,100,000","345,400,000","313,400,000",,,,,,,,,,,,,,,
TaxProvision,"1,582,700,000","469,000,000","541,500,000","156,700,000","415,500,000","452,800,000","454,500,000","164,900,000","338,000,000","454,600,000","544,300,000","490,900,000","502,900,000","336,100,000","521,400,000","521,800,000","512,500,000","1,186,400,000","935,800,000","666,300,000","592,700,000","541,500,000","629,100,000","557,300,000","477,800,000","504,600,000","569,200,000","510,000,000","442,600,000","498,600,000","852,700,000","684,400,000","578,500,000","658,200,000","750,400,000","663,400,000","546,600,000","671,900,000","698,600,000","662,900,000","580,800,000","607,100,000","755,900,000","656,200,000","489,900,000","491,300,000","586,100,000","509,500,000","467,100,000","484,200,000","560,600,000","498,300,000","392,900,000","411,800,000","507,600,000","508,300,000","417,100,000","11,100,000","449,900,000","439,600,000","331,500,000","199,800,000","385,200,000","427,900,000","280,500,000","241,800,000","350,400,000","404,900,000","102,300,000","175,300,000","227,100,000","275,200,000","246,300,000","141,800,000","275,700,000","237,300,000","183,400,000","22,200,000","228,600,000","233,700,000","185,500,000","97,600,000","205,000,000","212,800,000","177,700,000","205,500,000","240,600,000","247,100,000","211,800,000","224,100,000","259,400,000","254,700,000","198,000,000","167,600,000","235,100,000","176,600,000","178,000,000","178,500,000","210,200,000","204,900,000","171,200,000","113,500,000","209,300,000","205,100,000","150,500,000","172,800,000","209,400,000","205,200,000","154,400,000","162,700,000","191,300,000","174,200,000","134,000,000","138,500,000","188,800,000","150,900,000","115,000,000","116,400,000","147,700,000","129,700,000","95,700,000","102,500,000","130,900,000","119,500,000","86,900,000","100,300,000","133,200,000","118,800,000","91,700,000","99,700,000","127,500,000","117,400,000",,,,,,,,,,,,,,,
NetIncomeCommonStockholders,"7,545,200,000","1,638,800,000","2,149,900,000","2,219,300,000","1,537,200,000","1,377,200,000","1,762,600,000","483,800,000","1,106,900,000","1,572,200,000","1,607,900,000","1,516,900,000","1,328,400,000","1,415,300,000","1,637,300,000","1,496,300,000","1,375,400,000","698,700,000","1,883,700,000","1,395,100,000","1,214,800,000","1,193,400,000","1,275,400,000","1,092,900,000","1,098,600,000","1,206,200,000","1,309,200,000","1,202,400,000","811,500,000","1,097,500,000","1,068,400,000","1,387,100,000","1,204,800,000","1,397,000,000","1,522,200,000","1,396,500,000","1,270,200,000","1,396,100,000","1,455,000,000","1,347,000,000","1,266,700,000","1,376,600,000","1,507,300,000","1,410,200,000","1,209,000,000","1,242,300,000","1,388,400,000","1,225,800,000","1,089,800,000","1,216,800,000","1,261,000,000","1,093,700,000","979,500,000","985,300,000","1,191,300,000","1,190,500,000","946,100,000","1,273,200,000","1,071,200,000","-711,700,000","762,400,000","1,241,500,000","843,300,000","834,100,000","625,300,000","608,500,000","735,400,000","530,400,000","727,900,000","397,900,000","778,400,000","590,700,000","511,500,000","125,700,000","547,400,000","470,900,000","327,400,000","-343,800,000","486,700,000","497,500,000","253,100,000","271,900,000","545,500,000","440,900,000","378,300,000","452,000,000","548,500,000","525,900,000","450,900,000","486,200,000","540,900,000","518,100,000","402,700,000","348,500,000","482,200,000","357,200,000","362,200,000","385,600,000","448,900,000","438,200,000","344,500,000","396,200,000","440,600,000","413,500,000","294,700,000","358,100,000","392,100,000","367,800,000","268,800,000","297,200,000","338,000,000","310,500,000","231,600,000","253,000,000","299,200,000","276,900,000","206,500,000","213,200,000","289,200,000","254,100,000","187,400,000","181,200,000","258,700,000","232,000,000","168,500,000","172,200,000","242,200,000","215,800,000","158,100,000","167,000,000","217,900,000","196,000,000",,,,,,,,,,,,,,,
	NetIncome,"7,545,200,000","1,638,800,000","2,149,900,000","2,219,300,000","1,537,200,000","1,377,200,000","1,762,600,000","483,800,000","1,106,900,000","1,572,200,000","1,607,900,000","1,516,900,000","1,328,400,000","1,415,300,000","1,637,300,000","1,496,300,000","1,375,400,000","698,700,000","1,883,700,000","1,395,100,000","1,214,800,000","1,193,400,000","1,275,400,000","1,092,900,000","1,098,600,000","1,206,200,000","1,309,200,000","1,202,400,000","811,500,000","1,097,500,000","1,068,400,000","1,387,100,000","1,204,800,000","1,397,000,000","1,522,200,000","1,396,500,000","1,270,200,000","1,396,100,000","1,455,000,000","1,347,000,000","1,266,700,000","1,376,600,000","1,507,300,000","1,410,200,000","1,209,000,000","1,242,300,000","1,388,400,000","1,225,800,000","1,089,800,000","1,216,800,000","1,261,000,000","1,093,700,000","979,500,000","985,300,000","1,191,300,000","1,190,500,000","946,100,000","1,273,200,000","1,071,200,000","-711,700,000","762,400,000","1,241,500,000","843,300,000","834,100,000","625,300,000","608,500,000","735,400,000","530,400,000","727,900,000","397,900,000","778,400,000","590,700,000","511,500,000","125,700,000","547,400,000","470,900,000","327,400,000","-343,800,000","486,700,000","497,500,000","253,100,000","271,900,000","545,500,000","440,900,000","378,300,000","452,000,000","548,500,000","525,900,000","450,900,000","486,200,000","540,900,000","518,100,000","402,700,000","348,500,000","482,200,000","357,200,000","362,200,000","410,900,000","448,900,000","438,200,000","344,500,000","410,000,000","440,600,000","420,400,000","301,600,000","366,800,000","400,100,000","379,700,000","280,700,000","308,900,000","349,800,000","322,300,000","243,400,000","264,500,000","310,900,000","288,800,000","218,300,000","227,900,000","289,200,000","254,100,000","187,400,000","200,400,000","258,700,000","232,000,000","168,500,000","186,200,000","242,200,000","215,800,000","158,100,000","171,400,000","217,900,000","196,000,000",,,,,,,,,,,,,,,
		NetIncomeIncludingNoncontrollingInterests,"7,545,200,000","1,638,800,000","2,149,900,000","2,219,300,000","1,537,200,000","1,377,200,000","1,762,600,000","483,800,000","1,106,900,000","1,572,200,000","1,607,900,000","1,516,900,000","1,328,400,000","1,415,300,000","1,637,300,000","1,496,300,000","1,375,400,000","698,700,000","1,883,700,000","1,395,100,000","1,214,800,000","1,193,400,000","1,275,400,000","1,092,900,000","1,098,600,000","1,206,200,000","1,309,200,000","1,202,400,000","811,500,000","1,097,500,000","1,068,400,000","1,387,100,000","1,204,800,000","1,397,000,000","1,522,200,000","1,396,500,000","1,270,200,000","1,396,100,000","1,455,000,000","1,347,000,000","1,266,700,000","1,376,600,000","1,507,300,000","1,410,200,000","1,209,000,000","1,242,300,000","1,388,400,000","1,225,800,000","1,089,800,000","1,216,800,000","1,261,000,000","1,093,700,000","979,500,000","985,300,000","1,191,300,000","1,190,500,000","946,100,000","1,273,200,000","1,071,200,000","-711,700,000","762,400,000","1,241,500,000","843,300,000","834,100,000","625,300,000","608,500,000","735,400,000","530,400,000","727,900,000","397,900,000","778,400,000","590,700,000","511,500,000","125,700,000","547,400,000","470,900,000","327,400,000","-343,800,000","486,700,000","497,500,000","253,100,000","271,900,000","545,500,000","440,900,000","378,300,000","452,000,000","548,500,000","525,900,000","450,900,000","486,200,000","540,900,000","518,100,000","402,700,000","348,500,000","482,200,000","357,200,000","362,200,000","410,900,000","448,900,000","438,200,000","344,500,000","410,000,000","440,600,000","420,400,000","301,600,000","366,800,000","400,100,000","379,700,000","280,700,000","308,900,000","349,800,000","322,300,000","243,400,000","264,500,000","310,900,000","288,800,000","218,300,000","227,900,000","289,200,000","254,100,000","187,400,000","200,400,000","258,700,000","232,000,000","168,500,000","186,200,000","242,200,000","215,800,000","158,100,000","171,400,000","217,900,000","196,000,000","141,700,000","151,500,000","191,300,000","177,200,000","125,800,000","133,300,000","162,300,000","147,400,000","106,000,000","113,500,000","142,300,000","129,800,000","94,100,000","103,500,000","128,100,000"
			NetIncomeContinuousOperations,"7,545,200,000","1,638,800,000","2,149,900,000","2,219,300,000","1,537,200,000","1,377,200,000","1,762,600,000","483,800,000","1,106,900,000","1,572,200,000","1,607,900,000","1,516,900,000","1,328,400,000","1,415,300,000","1,637,300,000","1,496,300,000","1,375,400,000","698,700,000","1,883,700,000","1,395,100,000","1,214,800,000","1,193,400,000","1,275,400,000","1,092,900,000","1,098,600,000","1,206,200,000","1,309,200,000","1,202,400,000","811,500,000","1,097,500,000","1,068,400,000","1,387,100,000","1,204,800,000","1,397,000,000","1,522,200,000","1,396,500,000","1,270,200,000","1,396,100,000","1,455,000,000","1,347,000,000","1,266,700,000","1,376,600,000","1,507,300,000","1,410,200,000","1,209,000,000","1,242,300,000","1,388,400,000","1,225,800,000","1,089,800,000","1,216,800,000","1,261,000,000","1,093,700,000","979,500,000","985,300,000","1,191,300,000","1,190,500,000","946,100,000","1,273,200,000","1,003,700,000","-711,700,000","762,400,000","570,300,000","843,300,000","834,100,000","625,300,000","608,500,000","735,400,000","530,400,000","727,900,000","397,900,000","778,400,000","590,700,000","511,500,000","125,700,000","547,400,000","470,900,000","364,200,000","-343,800,000","486,700,000","497,500,000","351,700,000","271,900,000","545,500,000","440,900,000","378,300,000","452,000,000","548,500,000","525,900,000","450,900,000","486,200,000","540,900,000","518,100,000","402,700,000","348,500,000","482,200,000","357,200,000","362,200,000","410,900,000","448,900,000","438,200,000","344,500,000","410,000,000","440,600,000","420,400,000","301,600,000","366,800,000","400,100,000","379,700,000","280,700,000","308,900,000","349,800,000","322,300,000","243,400,000","264,500,000","310,900,000","288,800,000","218,300,000","227,900,000","289,200,000","254,100,000","187,400,000","200,400,000","258,700,000","232,000,000","168,500,000","186,200,000","242,200,000","215,800,000","158,100,000","171,400,000","217,900,000","196,000,000","141,700,000","151,500,000","191,300,000","177,200,000","125,800,000","133,300,000","162,300,000","147,400,000","106,000,000","113,500,000","142,300,000","129,800,000","94,100,000","103,500,000","128,100,000"
			NetIncomeDiscontinuousOperations,,,,,,,,,,,,,,,,,,,,,,,,,,,,,,,,,,,,,,,,,,,,,,,,,,,,,,,,,,"0","67,500,000",,,,,,,,,,,,,,,,,,,,,,,,,,,,,,,,,,,,,,,,,,,,,,,,,,,,,,,,,,,,,,,,,,,,,,,,,,,,,,,,,,,,,,,,
			NetIncomeExtraordinary,,,,,,,,,,,,,,,,,,,,,,,,,,,,,,,,,,,,,,,,,,,,,,,,,,,,,,,,,,,,,,,,,,,,,,,,,,"0",,,"-36,800,000","0",,,"-98,600,000",,,,,,,,,,,,,,,,,,,,,,,,,,,,,,,,,,,,,,,,,,,,,,,,,,,,,,,,,,,,,,,,,,
		MinorityInterests,,,,,,,,,,,,,,,,,,,,,,,,,,,,,,,,,,,,,,,,,,,,,,,,"0",,,,,,,,,,,,,,,,,,,,,,,,,,,,,,,,,,,,,,,,,,,,,,,,,,,,,,,,,,,,,,,,,,,,,,,,,,,,,,,,,,,,,,,,,,,,,,,,,,,
	PreferredStockDividends,,,,,,,,,,,,,,,,,,,,,,,,,,,,,,,,,,,,,,,,,,,,,,,,,,,,,,,,,,,,,,,,,,,,,,,,,,,,,,,,,,,,,,,,,,,,,,,,,,,,,,"13,800,000",,"6,900,000","6,900,000","8,700,000","8,000,000","11,900,000","11,900,000","11,700,000","11,800,000","11,800,000","11,800,000","11,500,000","11,700,000","11,900,000","11,800,000",,,,,,,,,,,,,,,,,,,,,,,,,,,,,,
DilutedNIAvailtoComStockholders,"7,545,200,000","1,638,800,000","2,149,900,000","2,219,300,000","1,537,200,000","1,377,200,000","1,762,600,000","483,800,000","1,106,900,000","1,572,200,000","1,607,900,000","1,516,900,000","1,328,400,000","1,415,300,000","1,637,300,000","1,496,300,000","1,375,400,000","698,700,000","1,883,700,000","1,395,100,000","1,214,800,000","1,193,400,000","1,275,400,000","1,092,900,000","1,098,600,000","1,206,200,000","1,309,200,000","1,202,400,000","811,500,000","1,097,500,000","1,068,400,000","1,387,100,000","1,204,800,000","1,397,000,000","1,522,200,000","1,396,500,000","1,270,200,000","1,396,100,000","1,455,000,000","1,347,000,000","1,266,700,000","1,376,600,000","1,507,300,000","1,410,200,000","1,209,000,000","1,242,300,000","1,388,400,000","1,225,800,000","1,089,800,000","1,216,800,000","1,261,000,000","1,093,700,000","979,500,000","985,300,000","1,191,300,000","1,190,500,000","946,100,000","1,273,200,000","1,071,200,000","-711,700,000","762,400,000","1,241,500,000","843,300,000","834,100,000","625,300,000","608,500,000","735,400,000","530,400,000","727,900,000","397,900,000","778,400,000","590,700,000","511,500,000","125,700,000","547,400,000","470,900,000","327,400,000","-343,800,000","486,700,000","497,500,000","253,100,000","271,900,000","545,500,000","440,900,000","378,300,000","452,000,000","548,500,000","525,900,000","450,900,000","486,200,000","540,900,000","518,100,000","402,700,000","348,500,000","482,200,000","357,200,000","362,200,000","385,600,000","448,900,000","438,200,000","344,500,000","396,200,000","440,600,000","413,500,000","294,700,000","358,100,000","392,100,000","367,800,000","268,800,000","297,200,000","338,000,000","310,500,000","231,600,000","253,000,000","299,200,000","276,900,000","206,500,000","213,200,000","289,200,000","254,100,000","187,400,000","181,200,000","258,700,000","232,000,000","168,500,000","172,200,000","242,200,000","215,800,000","158,100,000","167,000,000","217,900,000","196,000,000",,,,,,,,,,,,,,,
BasicEPS,,"2.2","2.877","2.972","2.06","1.848","2.366","0.65","1.489","2.107","2.135","1.997","1.74","1.845","2.124","1.929","1.752","0.88","2.363","1.722","1.49","1.457","1.536","1.281","1.251","1.33","1.426","1.277","0.847","1.14","1.098","1.413","1.219","1.411","1.53","1.397","1.267","1.392","1.449","1.336","1.246",,"1.473","1.35","1.165",,"1.314","1.152","1.013",,"1.168","0.98","0.888",,"1.07","1.05","0.83",,"0.9","-0.6","0.63",,"0.69","0.68","0.5",,"0.59","0.42","0.57",,"0.62","0.47","0.41",,"0.43","0.37","0.26",,"0.38","0.39","0.2",,"0.42","0.34","0.29",,"0.42","0.4","0.34",,"0.4","0.38","0.3",,"0.36","0.26","0.27",,"0.32","0.32","0.25",,"0.31","0.3","0.21",,"0.28","0.26","0.2",,"0.24","0.22","0.17",,"0.22","0.2","0.15",,"0.2","0.18","0.13",,"0.18","0.16","0.12",,"0.17","0.15","0.11",,"0.15","0.14","0.1",,"0.13","0.12","0.09",,"0.11","0.1","0.07",,"0.1","0.09","0.07",,"0.09"
DilutedEPS,,"2.18","2.86","2.95","2.05","1.84","2.35","0.65","1.47","2.08","2.11","1.97","1.72","1.82","2.1","1.9","1.72","0.87","2.32","1.7","1.47","1.44","1.5","1.25","1.23","1.31","1.4","1.26","0.84","1.13","1.09","1.4","1.21","1.4","1.52","1.38","1.26","1.38","1.43","1.32","1.23",,"1.45","1.35","1.15",,"1.29","1.13","1",,"1.15","0.98","0.87",,"1.05","1.04","0.81",,"0.89","-0.6","0.62",,"0.68","0.67","0.49",,"0.58","0.42","0.56",,"0.61","0.47","0.4",,"0.43","0.37","0.26",,"0.38","0.39","0.2",,"0.42","0.34","0.29",,"0.41","0.39","0.33",,"0.39","0.37","0.29",,"0.35","0.25","0.26",,"0.32","0.31","0.24",,"0.31","0.29","0.21",,"0.28","0.26","0.2",,"0.24","0.22","0.16",,"0.22","0.2","0.15",,"0.2","0.18","0.13",,"0.18","0.16","0.12",,"0.17","0.15","0.11",,"0.15","0.14","0.1",,"0.13","0.12","0.09",,"0.11","0.1","0.07",,"0.1","0.09","0.07",,"0.09"
BasicAverageShares,,"744,800,000","747,245,427","746,798,875","746,174,284","745,400,000","745,110,988","744,102,514","743,556,182","746,300,000","753,093,326","759,444,174","763,556,377","767,100,000","770,910,250","775,800,409","785,177,398","794,100,000","797,185,588","809,996,613","815,070,168","819,300,000","830,443,627","853,361,988","877,857,531","906,800,000","918,229,823","941,810,237","958,514,890","962,900,000","973,203,623","981,929,291","988,417,241","990,400,000","995,030,164","999,645,751","1,002,548,921","1,002,700,000","1,003,976,633","1,008,431,316","1,016,244,880",,"1,023,218,317","1,047,700,000","1,037,576,718",,"1,056,506,714","1,076,000,000","1,075,797,083",,"1,103,400,000","1,116,020,408","1,103,243,371",,"1,116,600,000","1,128,900,000","1,145,600,000",,"1,185,000,000","1,193,700,000","1,201,200,000",,"1,230,400,000","1,235,100,000","1,254,100,000",,"1,253,900,000","1,259,500,000","1,268,500,000",,"1,256,700,000","1,256,000,000","1,261,700,000",,"1,271,500,000","1,272,500,000","1,269,600,000",,"1,273,100,000","1,273,200,000","1,277,200,000",,"1,286,100,000","1,289,700,000","1,300,700,000",,"1,315,600,000","1,327,100,000","1,343,400,000",,"1,354,700,000","1,355,500,000","1,357,300,000",,"1,339,444,444","1,373,846,154","1,341,481,481",,"1,402,812,500","1,369,375,000","1,378,000,000",,"1,421,290,323","1,378,333,333","1,403,333,333",,"1,400,357,143","1,414,615,385","1,344,000,000",,"1,408,333,333","1,411,363,636","1,415,200,000",,"1,360,000,000","1,384,500,000","1,376,666,667",,"1,446,000,000","1,411,666,667","1,441,538,462",,"1,437,222,222","1,450,000,000","1,404,166,667",,"1,424,705,882","1,438,666,667","1,437,272,727",,"1,452,666,667","1,400,000,000","1,504,344,000",,"1,505,280,000","1,508,640,000","1,517,208,000",,"1,517,048,000","1,518,992,000","1,528,192,000",,"1,532,008,000","1,533,680,000","1,540,912,000",,"1,543,264,000"
DilutedAverageShares,,"751,600,000","752,600,000","752,100,000","751,000,000","751,000,000","750,000,000","748,600,000","750,700,000","755,600,000","763,900,000","768,700,000","771,600,000","776,600,000","779,600,000","787,100,000","798,700,000","803,000,000","813,500,000","819,200,000","825,200,000","829,700,000","847,700,000","871,200,000","894,900,000","919,900,000","934,800,000","957,600,000","965,500,000","971,500,000","983,800,000","993,200,000","995,900,000","999,300,000","1,004,200,000","1,008,700,000","1,010,800,000","1,010,700,000","1,015,400,000","1,023,900,000","1,030,000,000",,"1,041,300,000","1,047,700,000","1,054,600,000",,"1,074,900,000","1,085,900,000","1,090,100,000",,"1,103,400,000","1,116,020,408","1,124,400,000",,"1,136,000,000","1,148,800,000","1,165,300,000",,"1,207,100,000","1,193,700,000","1,222,300,000",,"1,245,700,000","1,248,000,000","1,271,200,000",,"1,271,600,000","1,269,700,000","1,289,000,000",,"1,268,400,000","1,268,000,000","1,275,500,000",,"1,281,000,000","1,277,500,000","1,270,300,000",,"1,280,500,000","1,290,600,000","1,292,700,000",,"1,305,800,000","1,311,100,000","1,325,300,000",,"1,346,000,000","1,365,500,000","1,383,800,000",,"1,403,100,000","1,405,600,000","1,409,200,000",,"1,377,714,286","1,428,800,000","1,393,076,923",,"1,402,812,500","1,413,548,387","1,435,416,667",,"1,421,290,323","1,425,862,069","1,403,333,333",,"1,400,357,143","1,414,615,385","1,344,000,000",,"1,408,333,333","1,411,363,636","1,458,800,000",,"1,360,000,000","1,384,500,000","1,376,666,667",,"1,446,000,000","1,411,666,667","1,441,538,462",,"1,437,222,222","1,450,000,000","1,404,166,667",,"1,424,705,882","1,438,666,667","1,437,272,727",,"1,452,666,667","1,400,000,000","1,504,344,000",,"1,505,280,000","1,508,640,000","1,517,208,000",,"1,517,048,000","1,518,992,000","1,528,192,000",,"1,532,008,000","1,533,680,000","1,540,912,000",,"1,543,264,000"
TotalOperatingIncomeAsReported,"10,356,000,000","2,397,100,000","2,986,500,000","2,691,100,000","2,281,300,000","2,142,900,000","2,526,400,000","961,100,000","1,693,600,000","2,292,600,000","2,409,300,000","2,273,900,000","2,094,000,000","1,999,500,000","2,417,700,000","2,262,300,000","2,143,100,000","2,144,200,000","3,079,400,000","2,295,100,000","2,034,000,000","1,969,000,000","2,137,300,000","1,857,900,000","1,780,300,000","1,880,400,000","2,030,300,000","1,849,300,000","1,385,500,000",,,"2,189,000,000","1,936,000,000","2,200,400,000","2,416,700,000","2,197,700,000","1,949,500,000","2,197,800,000","2,287,200,000","2,155,000,000","1,964,600,000","2,120,000,000","2,394,700,000","2,189,100,000","1,825,900,000","1,857,200,000","2,096,500,000","1,845,300,000","1,674,100,000","1,826,300,000","1,932,800,000","1,681,500,000","1,400,400,000","1,502,200,000","1,823,700,000","1,654,200,000","1,462,800,000","1,354,600,000","1,524,800,000","-187,400,000","1,174,600,000","1,078,400,000","1,303,500,000","1,139,400,000","923,800,000","935,500,000","1,159,800,000","1,016,700,000","909,600,000","617,300,000","1,098,900,000","965,900,000","858,400,000","367,500,000","963,900,000","826,200,000","674,600,000","-203,400,000","829,800,000","845,200,000","641,300,000","482,700,000","746,600,000","772,500,000","695,200,000","718,200,000","850,200,000","825,600,000","739,300,000","766,200,000","873,800,000","876,000,000","698,400,000","760,900,000","816,300,000","805,700,000","642,700,000","671,900,000","720,500,000","694,200,000","608,200,000","651,900,000","701,600,000","675,000,000","558,400,000","630,100,000","686,300,000","644,700,000","534,500,000","575,200,000","605,300,000","538,100,000","438,700,000","490,100,000","537,100,000","502,200,000","392,600,000","454,300,000","513,000,000","448,000,000","382,300,000","405,500,000","440,300,000","391,300,000","327,600,000","261,000,000","473,100,000","427,300,000","339,300,000","350,300,000","422,200,000","386,600,000",,,,,,,,,,,,,,,
RentExpenseSupplemental,"4,608,300,000","2,865,100,000","592,600,000","579,100,000","571,500,000","2,561,500,000","567,900,000","524,500,000","554,200,000","2,639,200,000","559,500,000","544,700,000","533,100,000","2,683,900,000","499,400,000","483,900,000","480,300,000","3,312,200,000","457,300,000","438,000,000","430,100,000","4,102,500,000","437,600,000","430,900,000","415,100,000","4,440,900,000","416,100,000","411,000,000","403,600,000","4,824,000,000","431,200,000","427,600,000","417,100,000","4,814,900,000","408,400,000","399,100,000","395,200,000","392,700,000",,,,,,,,,,,,,,,,,,,,,,,,,,,,,,,,,,,,,,,,,,,,,,,,,,,,,,,,,,,,,,,,,,,,,,,,,,,,,,,,,,,,,,,,,,,,,,,,,,,,,,,,,,,,,
TotalExpenses,"13,350,200,000","3,590,000,000","3,413,600,000","3,323,900,000","3,022,700,000","3,311,900,000","3,043,900,000","2,683,200,000","2,962,300,000","3,156,500,000","3,070,800,000","3,044,900,000","2,918,400,000","3,076,100,000","3,062,500,000","3,156,500,000","3,144,300,000","3,292,300,000","3,504,100,000","3,866,700,000","3,767,800,000","4,098,200,000","4,260,000,000","4,275,100,000","4,168,400,000","4,509,900,000","4,607,800,000","4,599,700,000","4,340,700,000","4,760,600,000","4,881,700,000","5,026,600,000","4,804,600,000","4,978,200,000","4,967,100,000","4,925,600,000","4,717,700,000","4,848,300,000","4,918,700,000","4,817,300,000","4,621,600,000","4,537,400,000","4,840,400,000","4,713,900,000","4,285,700,000","4,369,000,000","4,204,800,000","4,093,400,000","3,905,200,000","4,209,100,000","4,115,400,000","3,964,500,000","3,675,800,000","4,037,100,000","4,443,900,000","4,451,300,000","4,165,100,000","4,433,700,000","4,395,000,000","6,225,500,000","4,297,200,000","3,966,800,000","4,587,900,000","4,432,900,000","4,091,000,000","4,299,100,000","4,167,300,000","4,079,000,000","3,893,200,000","4,393,000,000","3,826,800,000","3,763,100,000","3,541,300,000","4,187,900,000","3,540,700,000","3,454,600,000","3,125,100,000","4,102,600,000","3,217,200,000","3,016,900,000","2,956,100,000","3,288,800,000","3,132,700,000","2,935,000,000","2,816,500,000","2,871,400,000","2,898,800,000","2,735,000,000","2,604,500,000","2,606,700,000","2,570,400,000","2,531,100,000","2,336,700,000","2,459,800,000","2,398,700,000","2,375,100,000","2,162,200,000","2,280,700,000","2,285,500,000","2,138,400,000","2,009,400,000","2,169,700,000","2,072,200,000","1,990,100,000","1,867,600,000","1,955,400,000","1,893,800,000","1,822,900,000","1,626,800,000","1,694,900,000","1,620,100,000","1,491,200,000","1,357,300,000","1,441,800,000","1,407,200,000","1,375,600,000","1,261,500,000","1,374,100,000","1,399,500,000","1,326,100,000","1,236,000,000","1,324,300,000","1,296,300,000","1,279,500,000","1,230,200,000","1,328,000,000","1,343,100,000","1,274,000,000","1,193,800,000","1,230,000,000","1,209,600,000","1,161,500,000",,,,,,,,,,,,,,,
NetIncomeFromContinuingAndDiscontinuedOperation,"7,545,200,000","1,638,800,000","2,149,900,000","2,219,300,000","1,537,200,000","1,377,200,000","1,762,600,000","483,800,000","1,106,900,000","1,572,200,000","1,607,900,000","1,516,900,000","1,328,400,000","1,415,300,000","1,637,300,000","1,496,300,000","1,375,400,000","698,700,000","1,883,700,000","1,395,100,000","1,214,800,000","1,193,400,000","1,275,400,000","1,092,900,000","1,098,600,000","1,206,200,000","1,309,200,000","1,202,400,000","811,500,000","1,097,500,000","1,068,400,000","1,387,100,000","1,204,800,000","1,397,000,000","1,522,200,000","1,396,500,000","1,270,200,000","1,396,100,000","1,455,000,000","1,347,000,000","1,266,700,000","1,376,600,000","1,507,300,000","1,410,200,000","1,209,000,000","1,242,300,000","1,388,400,000","1,225,800,000","1,089,800,000","1,216,800,000","1,261,000,000","1,093,700,000","979,500,000","985,300,000","1,191,300,000","1,190,500,000","946,100,000","1,273,200,000","1,071,200,000","-711,700,000","762,400,000","1,241,500,000","843,300,000","834,100,000","625,300,000","608,500,000","735,400,000","530,400,000","727,900,000","397,900,000","778,400,000","590,700,000","511,500,000","125,700,000","547,400,000","470,900,000","364,200,000","-343,800,000","486,700,000","497,500,000","351,700,000","271,900,000","545,500,000","440,900,000","378,300,000","452,000,000","548,500,000","525,900,000","450,900,000","486,200,000","540,900,000","518,100,000","402,700,000","348,500,000","482,200,000","357,200,000","362,200,000","410,900,000","448,900,000","438,200,000","344,500,000","410,000,000","440,600,000","420,400,000","301,600,000","366,800,000","400,100,000","379,700,000","280,700,000","308,900,000","349,800,000","322,300,000","243,400,000","264,500,000","310,900,000","288,800,000","218,300,000","227,900,000","289,200,000","254,100,000","187,400,000","200,400,000","258,700,000","232,000,000","168,500,000","186,200,000","242,200,000","215,800,000","158,100,000","171,400,000","217,900,000","196,000,000",,,,,,,,,,,,,,,
NormalizedIncome,"7,322,737,000","1,690,969,788.405","2,032,526,900","2,158,403,200","1,439,612,000","1,319,478,010.929","1,680,794,500","574,140,600","1,149,336,400","1,519,607,164.002","1,588,851,500","1,551,781,000","1,305,925,000","1,505,321,936.736","1,580,374,200","1,476,144,800","1,310,227,400","699,420,000","1,360,923,200","1,337,419,600","1,156,403,200","1,186,865,156.493","1,314,260,000","1,171,413,200","1,056,361,800","1,128,432,955.343","1,279,995,700","1,206,190,800","910,749,800","1,134,562,370.779","1,076,590,000","1,370,350,000","1,196,823,200","1,345,203,873.102","1,500,023,000","1,390,398,000","1,240,352,700","1,414,125,082.205","1,425,948,644.131","1,323,677,645.654","1,259,158,078.484","1,525,106,528.205","1,466,473,961.647","1,412,452,061.556","1,213,910,294.897","1,228,469,595.062","1,399,931,911.876","1,234,488,607.157","1,118,919,198.407","1,169,086,560.847","1,258,854,029.425","1,089,440,615.578","972,719,724.57","1,059,350,891.132","1,197,540,844.076","1,070,244,643.278","936,453,000.293","1,218,774,491.941","1,055,832,189.048","343,120,000","783,935,935.643","695,971,873.783","896,293,699.634","724,979,627.575","652,429,929.344","666,179,760.085","720,702,836.618","531,480,000","739,298,096.844","644,747,941.382","807,043,262.059","630,607,552.835","531,614,410.135","447,660,000","597,611,031.466","492,310,590.229","378,831,848.064","171,300,000","496,770,124.423","485,116,931.072","403,420,588.235","453,583,653.586","524,057,961.359","446,160,853.603","384,151,402.878","416,802,433.46","513,536,687.365","489,433,971.539","434,706,518.787","457,245,670.843","526,098,413.095","521,921,389.752","397,672,115.865","445,061,712.846","479,645,476.091","467,946,721.619","361,998,852.277","402,813,064.133","426,628,675.467","414,283,315.192","346,170,060.112","439,917,860.554","418,227,635.021","398,018,992.806","315,876,133.599","368,703,335.804","393,995,110.747","363,081,227.56","292,570,558.492","324,292,599.661","339,456,625.393","301,527,391.742","236,628,139.905","270,013,151.365","287,070,762.457","275,729,451.899","205,200,690.069","243,521,376.706","275,365,529.87","235,032,569.046","188,723,913.811","202,980,257.511","229,682,571.869","194,840,398.293","148,707,517.619","186,200,000","242,200,000","215,800,000","158,100,000","171,400,000","217,900,000","196,000,000",,,,,,,,,,,,,,,
InterestIncome,"9,000,000","2,500,000","2,300,000","2,400,000","1,800,000","3,900,000",,,"5,400,000","7,400,000","8,900,000","10,700,000","10,000,000","-400,000","-1,200,000","100,000","5,500,000","600,000","6,500,000","1,700,000","-1,800,000","-2,000,000","-800,000","3,000,000","3,800,000","1,800,000","3,200,000","1,700,000","2,300,000","3,700,000","5,500,000","7,400,000","3,400,000","4,500,000","3,400,000","3,100,000","4,000,000","5,000,000","5,000,000","6,500,000",,,,,,,"5,600,000","3,600,000","4,600,000",,"4,400,000","4,600,000","5,700,000",,,,,,,,,,,,,,,,,,,,,,,,,,,,,,,,,,,,,,,,,,,,,,,,,,,,,,,,,,,,,,,,,,,,,,,,,,,,,,,,,,,,,,,,,,,,,,
InterestExpense,"1,185,800,000","295,600,000","293,700,000","296,500,000","300,000,000","322,700,000","306,700,000","314,100,000","280,000,000","283,000,000","280,600,000","284,200,000","274,100,000","254,100,000","251,300,000","240,200,000","236,800,000","235,100,000","236,700,000","230,900,000","220,400,000","221,200,000","222,200,000","223,900,000","218,300,000","180,900,000","160,900,000","149,200,000","147,300,000","147,800,000","149,300,000","137,900,000","135,500,000","133,500,000","130,500,000","129,800,000","128,100,000","129,600,000","128,100,000","130,000,000","128,900,000","126,900,000","124,000,000","121,800,000","120,100,000","117,000,000","114,800,000","108,100,000","111,000,000","115,200,000","117,800,000","119,300,000","120,900,000",,,,,,,,,,,,,,,,,,,,,,,,,,,,,,,,,,,,,,,,,,,,,,,,,,,,,,,,,,,,,,,,,,,,,,,,,,,,,,,,,,,,,,,,,,,,,,
NetInterestIncome,"-1,176,800,000","-293,100,000","-291,400,000","-294,100,000","-298,200,000","-304,700,000","-306,700,000","-314,100,000","-274,600,000","-275,600,000","-271,700,000","-273,500,000","-264,100,000","-254,500,000","-251,300,000","-240,100,000","-231,300,000","-234,500,000","-230,200,000","-229,200,000","-220,400,000","-223,200,000","-222,200,000","-220,900,000","-214,500,000","-179,100,000","-157,700,000","-147,500,000","-145,000,000","-144,100,000","-143,800,000","-130,500,000","-132,100,000","-129,000,000","-127,100,000","-126,700,000","-124,100,000","-124,600,000","-123,100,000","-123,500,000","-128,900,000","-87,900,000","-124,000,000","-121,800,000","-120,100,000","-130,800,000","-109,200,000","-104,500,000","-106,400,000","-130,000,000","-113,400,000","-114,700,000","-115,200,000",,,,,,,,,,,,,,,,,,,,,,,,,,,,,,,,,,,,,,,,,,,,,,,,,,,,,,,,,,,,,,,,,,,,,,,,,,,,,,,,,,,,,,,,,,,,,,
EBIT,"10,313,700,000","2,403,400,000","2,985,100,000","2,672,500,000","2,252,700,000","2,152,700,000","2,523,800,000","962,800,000","1,724,900,000","2,309,800,000","2,432,800,000","2,292,000,000","2,105,400,000","2,005,500,000","2,410,000,000","2,258,300,000","2,124,700,000","2,120,200,000","3,056,200,000","2,292,300,000","2,027,900,000","1,956,100,000","2,126,700,000","1,874,100,000","1,794,700,000","1,891,700,000","2,039,300,000","1,861,600,000","1,401,400,000","1,743,900,000","2,070,400,000","2,209,400,000","1,918,800,000","2,188,700,000","2,403,100,000","2,189,700,000","1,944,900,000","2,197,600,000","2,281,700,000","2,139,900,000","1,976,400,000","2,110,600,000","2,387,200,000","2,188,200,000","1,819,000,000","1,850,600,000","2,089,300,000","1,843,400,000","1,667,900,000","1,816,200,000","1,939,400,000","1,711,300,000","1,493,300,000","1,759,600,000","1,823,400,000","1,624,000,000","1,449,700,000","1,319,900,000","1,505,900,000","-215,000,000","1,166,900,000","1,063,900,000","1,294,600,000","1,139,400,000","1,009,900,000","935,500,000","1,159,800,000","1,016,700,000","909,600,000","617,300,000","1,098,900,000","965,900,000","858,400,000","367,500,000","963,900,000","826,200,000","674,600,000","-203,400,000","829,800,000","845,200,000","641,300,000","482,700,000","746,600,000","772,500,000","695,200,000","718,200,000","850,200,000","825,600,000","739,300,000","766,200,000","873,800,000","876,000,000","698,400,000","760,900,000","816,300,000","805,700,000","642,700,000","671,900,000","720,500,000","694,200,000","608,200,000","651,900,000","701,600,000","675,000,000","558,400,000","630,100,000","686,300,000","644,700,000","534,500,000","575,200,000","605,300,000","538,100,000","438,700,000","490,100,000","537,100,000","502,200,000","392,600,000","454,300,000","513,000,000","448,000,000","382,300,000","405,500,000","440,300,000","391,300,000","327,600,000","261,000,000","473,100,000","427,300,000","339,300,000","350,300,000","422,200,000","386,600,000","1,381,800,000","-2,831,300,000","1,460,700,000","1,426,000,000","1,228,400,000","-2,465,900,000","1,313,800,000","1,245,600,000","1,068,400,000","-2,227,600,000","1,133,800,000","1,076,800,000","941,400,000","-1,921,900,000","1,014,600,000"
EBITDA,"12,181,800,000"
ReconciledCostOfRevenue,"9,104,300,000","2,353,000,000","2,384,800,000","2,288,100,000","2,078,400,000","2,149,600,000","2,149,100,000","1,681,500,000","2,024,700,000","2,502,900,000","2,527,200,000","2,511,800,000","2,419,300,000","2,466,300,000","2,547,300,000","2,614,400,000","2,611,200,000","2,674,700,000","2,937,100,000","3,341,300,000","3,246,500,000","3,470,700,000","3,677,100,000","3,679,000,000","3,590,400,000","3,834,800,000","4,023,800,000","4,007,300,000","3,757,900,000","4,098,100,000","4,305,900,000","4,397,400,000","4,184,200,000","4,350,400,000","4,412,800,000","4,318,600,000","4,121,200,000","4,223,800,000","4,297,800,000","4,200,000,000","4,029,100,000","4,109,100,000","4,259,500,000","4,179,800,000","3,771,000,000","3,739,600,000","3,698,400,000","3,549,100,000","3,450,200,000","3,620,000,000","3,638,400,000","3,477,300,000","3,217,200,000","3,489,200,000","3,904,100,000","3,850,500,000","3,639,400,000","3,693,000,000","3,779,700,000","4,002,300,000","3,732,400,000","3,284,500,000","3,965,700,000","3,797,000,000","3,554,900,000","3,607,000,000","3,646,500,000","3,516,400,000","3,366,100,000","-267,500,000","3,339,200,000","3,231,200,000","3,073,800,000","-252,000,000","3,076,600,000","2,975,000,000","2,732,700,000","-302,700,000","2,799,000,000","2,659,900,000","2,512,300,000","-271,300,000","2,644,200,000","2,539,500,000","2,440,300,000","553,600,000","2,239,400,000","2,068,100,000","1,971,100,000","-451,700,000","1,953,800,000","1,927,900,000","1,762,700,000","-385,400,000","1,812,400,000","1,793,600,000","1,615,300,000","-375,000,000","1,739,600,000","1,596,500,000","1,483,500,000","102,800,000","1,407,000,000","1,338,100,000","1,232,600,000","-304,100,000","1,403,800,000","1,340,400,000","1,182,600,000","-248,000,000","1,185,300,000","1,085,600,000","969,900,000","-258,900,000","1,028,500,000","1,008,700,000","907,100,000","-1,793,300,000","1,039,200,000","980,100,000","907,900,000","-1,724,200,000","963,900,000","953,900,000","919,700,000","-1,723,700,000","1,039,100,000","966,300,000","908,400,000","942,100,000","934,200,000","886,500,000",,,,,,,,,,,,,,,
ReconciledDepreciation,"1,868,100,000","481,600,000","469,200,000","463,400,000","453,900,000","464,300,000","440,100,000","425,700,000","421,300,000","413,600,000","413,400,000","398,300,000","392,600,000","379,000,000","375,100,000","365,000,000","362,900,000","342,800,000","355,800,000","339,500,000","325,300,000","378,900,000","370,600,000","383,300,000","383,700,000","389,700,000","387,700,000","392,200,000","386,100,000","407,500,000","413,400,000","413,200,000","410,400,000","408,600,000","394,500,000","390,900,000","391,100,000","386,000,000","371,900,000","365,900,000","364,700,000","367,500,000","358,300,000","350,100,000","339,100,000","334,100,000","312,700,000","311,500,000","317,900,000","317,700,000","311,900,000","304,400,000","282,200,000","277,800,000","311,000,000","314,300,000","304,700,000","302,500,000","297,000,000","303,100,000","311,500,000","315,500,000","314,000,000","315,000,000","305,400,000","317,000,000","309,500,000","306,500,000","316,500,000","318,400,000","293,200,000","292,200,000","297,200,000","315,600,000","274,900,000","270,500,000","287,200,000","263,100,000","281,000,000","252,700,000","254,000,000","276,700,000","270,900,000","268,800,000","269,900,000","231,200,000","250,200,000","273,500,000","255,800,000","235,900,000","248,600,000","237,700,000","234,100,000","232,800,000","227,800,000","216,600,000","203,900,000","236,800,000","170,400,000","194,700,000","191,900,000","196,200,000","175,100,000","185,000,000","186,600,000","187,200,000","175,900,000","177,100,000","168,800,000","174,400,000","157,700,000","148,600,000","147,900,000","153,300,000","144,100,000","134,400,000","136,600,000","141,500,000","143,200,000","136,600,000","133,600,000","131,600,000","129,200,000","127,200,000","126,200,000","134,100,000","123,900,000","121,400,000","113,900,000","110,700,000","110,800,000","109,000,000",,,,,,,,,,,,,,,
NetIncomeFromContinuingOperationNetMinorityInterest,"7,545,200,000","1,638,800,000","2,149,900,000","2,219,300,000","1,537,200,000","1,377,200,000","1,762,600,000","483,800,000","1,106,900,000","1,572,200,000","1,607,900,000","1,516,900,000","1,328,400,000","1,415,300,000","1,637,300,000","1,496,300,000","1,375,400,000","698,700,000","1,883,700,000","1,395,100,000","1,214,800,000","1,193,400,000","1,275,400,000","1,092,900,000","1,098,600,000","1,206,200,000","1,309,200,000","1,202,400,000","811,500,000","1,097,500,000","1,068,400,000","1,387,100,000","1,204,800,000","1,397,000,000","1,522,200,000","1,396,500,000","1,270,200,000","1,396,100,000","1,455,000,000","1,347,000,000","1,266,700,000","1,376,600,000","1,507,300,000","1,410,200,000","1,209,000,000","1,242,300,000","1,388,400,000","1,225,800,000","1,089,800,000","1,216,800,000","1,261,000,000","1,093,700,000","979,500,000","985,300,000","1,191,300,000","1,190,500,000","946,100,000","1,273,200,000","1,003,700,000","-711,700,000","762,400,000","570,300,000","843,300,000","834,100,000","625,300,000","608,500,000","735,400,000","530,400,000","727,900,000","397,900,000","778,400,000","590,700,000","511,500,000","125,700,000","547,400,000","470,900,000","364,200,000","-343,800,000","486,700,000","497,500,000","351,700,000","271,900,000","545,500,000","440,900,000","378,300,000","452,000,000","548,500,000","525,900,000","450,900,000","486,200,000","540,900,000","518,100,000","402,700,000","348,500,000","482,200,000","357,200,000","362,200,000","410,900,000","448,900,000","438,200,000","344,500,000","410,000,000","440,600,000","420,400,000","301,600,000","366,800,000","400,100,000","379,700,000","280,700,000","308,900,000","349,800,000","322,300,000","243,400,000","264,500,000","310,900,000","288,800,000","218,300,000","227,900,000","289,200,000","254,100,000","187,400,000","200,400,000","258,700,000","232,000,000","168,500,000","186,200,000","242,200,000","215,800,000","158,100,000","171,400,000","217,900,000","196,000,000",,,,,,,,,,,,,,,
TotalUnusualItemsExcludingGoodwill,"269,000,000","-67,100,000","146,900,000","65,200,000","124,000,000","76,700,000","102,900,000","-121,100,000","-55,400,000","67,800,000","25,500,000","-46,200,000","31,000,000","-111,400,000","75,100,000","27,200,000","89,400,000","-1,200,000","782,600,000","85,200,000","86,900,000","9,500,000","-58,000,000","-118,600,000","60,600,000","110,300,000","41,900,000","-5,400,000","-153,400,000","-53,900,000","-12,600,000","25,000,000","11,800,000","76,200,000","33,100,000","9,000,000","42,700,000","-26,700,000","43,000,000","34,800,000","11,000,000","-214,000,000","61,300,000","-3,300,000","-6,900,000","19,300,000","-16,400,000","-12,300,000","-41,600,000","66,700,000","3,100,000","6,200,000","9,500,000","-105,000,000","-8,900,000","171,600,000","13,900,000","54,900,000","-75,500,000","-1,622,800,000","-30,900,000","-169,700,000","-77,200,000","165,100,000","-39,300,000","-80,600,000","21,700,000","-1,800,000","-13,000,000","-355,600,000","-37,000,000","-58,500,000","-29,800,000","-536,600,000","-75,500,000","-32,200,000","-22,000,000","-858,500,000","-14,800,000","18,200,000","-79,000,000","-246,900,000","29,500,000","-7,800,000","-8,600,000","51,200,000","50,300,000","53,600,000","23,800,000","42,300,000","21,900,000","-5,700,000","7,500,000","-143,000,000","3,800,000","-165,500,000","300,000","11,600,000","32,700,000","35,100,000","-2,500,000","-38,200,000","33,000,000","33,300,000","-21,400,000","-2,800,000","9,300,000","25,600,000","-18,400,000","-23,500,000","16,000,000","32,000,000","10,500,000","-8,400,000","38,300,000","19,900,000","20,000,000","-23,600,000","20,900,000","28,800,000","-2,000,000","-3,900,000","43,700,000","56,300,000","30,000,000",,,,,,,,,,,,,,,,,,,,,,
TotalUnusualItems,"269,000,000","-67,100,000","146,900,000","65,200,000","124,000,000","76,700,000","102,900,000","-121,100,000","-55,400,000","67,800,000","25,500,000","-46,200,000","31,000,000","-111,400,000","75,100,000","27,200,000","89,400,000","-1,200,000","782,600,000","85,200,000","86,900,000","9,500,000","-58,000,000","-118,600,000","60,600,000","110,300,000","41,900,000","-5,400,000","-153,400,000","-53,900,000","-12,600,000","25,000,000","11,800,000","76,200,000","33,100,000","9,000,000","42,700,000","-26,700,000","43,000,000","34,800,000","11,000,000","-214,000,000","61,300,000","-3,300,000","-6,900,000","19,300,000","-16,400,000","-12,300,000","-41,600,000","66,700,000","3,100,000","6,200,000","9,500,000","-105,000,000","-8,900,000","171,600,000","13,900,000","54,900,000","-75,500,000","-1,622,800,000","-30,900,000","-169,700,000","-77,200,000","165,100,000","-39,300,000","-80,600,000","21,700,000","-1,800,000","-13,000,000","-355,600,000","-37,000,000","-58,500,000","-29,800,000","-536,600,000","-75,500,000","-32,200,000","-22,000,000","-858,500,000","-14,800,000","18,200,000","-79,000,000","-246,900,000","29,500,000","-7,800,000","-8,600,000","51,200,000","50,300,000","53,600,000","23,800,000","42,300,000","21,900,000","-5,700,000","7,500,000","-143,000,000","3,800,000","-165,500,000","300,000","11,600,000","32,700,000","35,100,000","-2,500,000","-38,200,000","33,000,000","33,300,000","-21,400,000","-2,800,000","9,300,000","25,600,000","-18,400,000","-23,500,000","16,000,000","32,000,000","10,500,000","-8,400,000","38,300,000","19,900,000","20,000,000","-23,600,000","20,900,000","28,800,000","-2,000,000","-3,900,000","43,700,000","56,300,000","30,000,000",,,,,,,,,,,,,,,,,,,,,,
NormalizedEBITDA,"11,912,800,000","2,952,100,000","3,307,400,000","3,070,700,000","2,582,600,000","2,540,300,000","2,861,000,000","1,509,600,000","2,201,600,000","2,655,600,000","2,820,700,000","2,736,500,000","2,467,000,000","2,495,900,000","2,710,000,000","2,596,100,000","2,398,200,000","2,464,200,000","2,629,400,000","2,546,600,000","2,266,300,000","2,325,500,000","2,555,300,000","2,376,000,000","2,117,800,000","2,171,100,000","2,385,100,000","2,259,200,000","1,940,900,000","2,205,300,000","2,496,400,000","2,597,600,000","2,317,400,000","2,521,100,000","2,764,500,000","2,571,600,000","2,293,300,000","2,610,300,000","2,610,600,000","2,471,000,000","2,330,100,000","2,692,100,000","2,684,200,000","2,541,600,000","2,165,000,000","2,165,400,000","2,418,400,000","2,167,200,000","2,027,400,000","2,067,200,000","2,248,200,000","2,009,500,000","1,766,000,000","2,142,400,000","2,143,300,000","1,766,700,000","1,740,500,000","1,567,500,000","1,878,400,000","1,710,900,000","1,509,300,000","1,549,100,000","1,685,800,000","1,289,300,000","1,354,600,000","1,333,100,000","1,447,600,000","1,325,000,000","1,239,100,000","1,291,300,000","1,429,100,000","1,316,600,000","1,185,400,000","1,219,700,000","1,314,300,000","1,128,900,000","983,800,000","918,200,000","1,125,600,000","1,079,700,000","974,300,000","1,006,300,000","988,000,000","1,049,100,000","973,700,000","898,200,000","1,050,100,000","1,045,500,000","971,300,000","959,800,000","1,100,500,000","1,119,400,000","925,000,000","1,136,700,000","1,040,300,000","1,187,800,000","846,300,000","897,100,000","858,200,000","853,800,000","802,600,000","886,300,000","843,700,000","826,700,000","766,400,000","820,100,000","852,900,000","796,200,000","721,700,000","773,100,000","747,000,000","654,700,000","576,100,000","651,800,000","642,900,000","616,700,000","509,200,000","619,400,000","635,300,000","555,800,000","517,900,000","541,000,000","525,800,000","462,200,000","423,800,000","395,100,000","597,000,000","548,700,000","453,200,000","461,000,000","533,000,000","495,600,000","1,381,800,000","-2,831,300,000","1,460,700,000","1,426,000,000","1,228,400,000","-2,465,900,000","1,313,800,000","1,245,600,000","1,068,400,000","-2,227,600,000","1,133,800,000","1,076,800,000","941,400,000","-1,921,900,000","1,014,600,000"
TaxRateForCalcs,"0.173","0.223","0.201","0.066","0.213","0.247","0.205","0.254","0.234","0.224","0.253","0.245","0.275","0.192","0.242","0.259","0.271","0.4","0.332","0.323","0.328","0.312","0.33","0.338","0.303","0.295","0.303","0.298","0.353","0.312","0.35","0.33","0.324","0.32","0.33","0.322","0.301","0.325","0.324","0.33","0.314","0.306","0.334","0.318","0.288","0.283","0.297","0.294","0.3","0.285","0.308","0.313","0.286","0.295","0.299","0.299","0.306","0.009","0.31","0.35","0.303","0.259","0.314","0.339","0.31","0.284","0.323","0.4","0.123","0.306","0.226","0.318","0.325","0.4","0.335","0.335","0.335","0.4","0.32","0.32","0.345","0.264","0.273","0.326","0.32","0.313","0.305","0.32","0.32","0.316","0.324","0.33","0.33","0.325","0.328","0.331","0.33","0.303","0.319","0.319","0.332","0.217","0.322","0.328","0.333","0.32","0.344","0.351","0.355","0.345","0.354","0.351","0.355","0.344","0.378","0.343","0.345","0.338","0.338","0.338","0.338","0.338","0.336","0.34","0.34","0.35","0.355","0.355","0.367","0.368","0.369","0.375",,,,,,,,,,,,,,,
TaxEffectOfUnusualItems,"46,537,000","-14,930,211.595","29,526,900","4,303,200","26,412,000","18,978,010.929","21,094,500","-30,759,400","-12,963,600","15,207,164.002","6,451,500","-11,319,000","8,525,000","-21,378,063.264","18,174,200","7,044,800","24,227,400","-480,000","259,823,200","27,519,600","28,503,200","2,965,156.493","-19,140,000","-40,086,800","18,361,800","32,532,955.343","12,695,700","-1,609,200","-54,150,200","-16,837,629.221","-4,410,000","8,250,000","3,823,200","24,403,873.102","10,923,000","2,898,000","12,852,700","-8,674,917.795","13,948,644.131","11,477,645.654","3,458,078.484","-65,493,471.795","20,473,961.647","-1,047,938.444","-1,989,705.103","5,469,595.062","-4,868,088.124","-3,611,392.843","-12,480,801.593","18,986,560.847","954,029.425","1,940,615.578","2,719,724.57","-30,949,108.868","-2,659,155.924","51,344,643.278","4,253,000.293","474,491.941","-23,367,810.952","-567,980,000","-9,364,064.357","-44,028,126.217","-24,206,300.366","55,979,627.575","-12,170,070.656","-22,920,239.915","7,002,836.618","-720,000","-1,601,903.156","-108,752,058.618","-8,356,737.941","-18,592,447.165","-9,685,589.865","-214,640,000","-25,288,968.534","-10,789,409.771","-7,368,151.936","-343,400,000","-4,729,875.577","5,816,931.072","-27,279,411.765","-65,216,346.414","8,057,961.359","-2,539,146.397","-2,748,597.122","16,002,433.46","15,336,687.365","17,133,971.539","7,606,518.787","13,345,670.843","7,098,413.095","-1,878,610.248","2,472,115.865","-46,438,287.154","1,245,476.091","-54,753,278.381","98,852.277","3,513,064.133","10,428,675.467","11,183,315.192","-829,939.888","-8,282,139.446","10,627,635.021","10,918,992.806","-7,123,866.401","-896,664.196","3,195,110.747","8,981,227.56","-6,529,441.508","-8,107,400.339","5,656,625.393","11,227,391.742","3,728,139.905","-2,886,848.635","14,470,762.457","6,829,451.899","6,900,690.069","-7,978,623.294","7,065,529.87","9,732,569.046","-676,086.189","-1,319,742.489","14,682,571.869","19,140,398.293","10,207,517.619","0","0","0","0","0","0","0",,,,,,,,,,,,,,,