name,ttm,01/31/2022,10/31/2021,07/31/2021,04/30/2021,01/31/2021,10/31/2020,07/31/2020,04/30/2020,01/31/2020,10/31/2019,07/31/2019,04/30/2019,01/31/2019,10/31/2018,07/31/2018,04/30/2018,01/31/2018,10/31/2017,07/31/2017,04/30/2017,01/31/2017,10/31/2016,07/31/2016,04/30/2016,01/31/2016,10/31/2015,07/31/2015,04/30/2015,01/31/2015,10/31/2014,07/31/2014,04/30/2014,01/31/2014,10/31/2013,07/31/2013,04/30/2013,01/31/2013,10/31/2012,07/31/2012,04/30/2012,01/31/2012,10/31/2011,07/31/2011,04/30/2011,01/31/2011,10/31/2010,07/31/2010,04/30/2010,01/31/2010,10/31/2009,07/31/2009,04/30/2009,01/31/2009,10/31/2008,07/31/2008,04/30/2008,01/31/2008,10/31/2007,07/31/2007,04/30/2007,01/31/2007,10/31/2006,07/31/2006,04/30/2006,01/31/2006,10/31/2005,07/31/2005,04/30/2005,01/31/2005,10/31/2004,07/31/2004,04/30/2004,01/31/2004,10/31/2003,07/31/2003,04/30/2003,01/31/2003,10/31/2002,07/31/2002,04/30/2002,01/31/2002,10/31/2001,07/31/2001,04/30/2001,01/31/2001,10/31/2000,07/31/2000,04/30/2000,01/31/2000,10/31/1999,07/31/1999,04/30/1999,01/31/1999,10/31/1998,07/31/1998,04/30/1998,01/31/1998,10/31/1997,07/31/1997,04/30/1997,01/31/1997,10/31/1996,07/31/1996,04/30/1996,01/31/1996,10/31/1995,07/31/1995,04/30/1995,01/31/1995,10/31/1994,07/31/1994,04/30/1994,01/31/1994,10/31/1993,07/31/1993,04/30/1993,01/31/1993,10/31/1992,07/31/1992,04/30/1992,01/31/1992,10/31/1991,07/31/1991,04/30/1991,01/31/1991,10/31/1990,07/31/1990,04/30/1990,01/31/1990,10/31/1989,07/31/1989,04/30/1989,01/31/1989,10/31/1988,07/31/1988,04/30/1988,01/31/1988,10/31/1987,07/31/1987,04/30/1987,01/31/1987,10/31/1986,07/31/1986,04/30/1986,01/31/1986,10/31/1985
TotalRevenue,"31,785,000,000","7,763,000,000","7,847,000,000","7,987,000,000","8,188,000,000","7,775,000,000","7,647,000,000","6,507,000,000","5,997,000,000","7,717,000,000","7,706,000,000","7,493,000,000","8,146,000,000","7,546,000,000","7,481,000,000","7,384,000,000","8,144,000,000","7,369,000,000","7,050,000,000","7,390,000,000","7,916,000,000","7,283,000,000","7,345,000,000","7,166,000,000","7,567,000,000","6,934,000,000","7,058,000,000","7,274,000,000","7,304,000,000","4,318,000,000","4,366,000,000","4,273,000,000","4,565,000,000","4,163,000,000","4,194,000,000","4,083,000,000","4,460,000,000","4,027,000,000","4,095,000,000","4,008,000,000","4,297,000,000","3,918,000,000","4,132,000,000","4,049,000,000","4,295,000,000","3,961,000,000","3,903,000,000","3,773,000,000","4,196,000,000","3,851,000,000","3,838,000,000","3,933,000,000","3,829,000,000","3,494,000,000","3,570,000,000","3,706,000,000","3,860,000,000","3,405,000,000","3,124,000,000","3,127,000,000","3,280,000,000","3,048,000,000","3,075,000,000","2,897,000,000","3,066,700,000","2,769,500,000","2,765,400,000","2,690,400,000","2,778,000,000","2,530,700,000","2,399,800,000","2,346,100,000","2,665,400,000","2,193,800,000","2,163,800,000","2,064,200,000","2,147,800,000","1,912,500,000","1,891,000,000","1,713,900,000","1,791,500,000","1,592,400,000","1,571,200,000","1,455,700,000","1,517,900,000","1,361,600,000","1,361,400,000","1,309,900,000","1,432,200,000","1,258,800,000","1,160,500,000","1,104,900,000","1,119,000,000","1,038,900,000","728,400,000","653,200,000","685,000,000","631,400,000","642,100,000","646,300,000","640,400,000","598,700,000","598,200,000","600,900,000","596,100,000","529,200,000","518,600,000","523,800,000","516,700,000","413,700,000","408,200,000","403,800,000","392,900,000","334,600,000","332,100,000","331,300,000","358,300,000","308,200,000","331,800,000","329,900,000","333,700,000","299,500,000","279,000,000","264,700,000","281,300,000","252,200,000","254,600,000","225,100,000","236,700,000","207,400,000","200,600,000","191,900,000","197,900,000","186,800,000","181,200,000","175,800,000","189,200,000","167,300,000","152,200,000","144,600,000","143,900,000","121,800,000","120,100,000","116,200,000","111,100,000","100,100,000","100,700,000"
	OperatingRevenue,"31,785,000,000","7,763,000,000","7,847,000,000","7,987,000,000","8,188,000,000","7,775,000,000","7,647,000,000","6,507,000,000","5,997,000,000","7,717,000,000","7,706,000,000","7,493,000,000","8,146,000,000","7,546,000,000","7,481,000,000","7,384,000,000","8,144,000,000","7,369,000,000","7,050,000,000","7,390,000,000","7,916,000,000","7,283,000,000","7,345,000,000","7,166,000,000","7,567,000,000","6,934,000,000","7,058,000,000","7,274,000,000","7,304,000,000","4,318,000,000","4,366,000,000","4,273,000,000","4,565,000,000","4,163,000,000","4,194,000,000","4,083,000,000","4,460,000,000","4,027,000,000","4,095,000,000","4,008,000,000","4,297,000,000","3,918,000,000","4,132,000,000","4,049,000,000","4,295,000,000","3,961,000,000","3,903,000,000","3,773,000,000","4,196,000,000","3,851,000,000","3,838,000,000","3,933,000,000","3,829,000,000","3,494,000,000","3,570,000,000","3,706,000,000","3,860,000,000","3,405,000,000","3,124,000,000","3,127,000,000","3,280,000,000","3,048,000,000","3,075,000,000","2,897,000,000","3,066,700,000","2,769,500,000","2,765,400,000","2,690,400,000","2,778,000,000","2,530,700,000","2,399,800,000","2,346,100,000","2,665,400,000","2,193,800,000","2,163,800,000","2,064,200,000","2,147,800,000","1,912,500,000","1,891,000,000","1,713,900,000","1,791,500,000","1,592,400,000","1,571,200,000","1,455,700,000","1,517,900,000","1,361,600,000","1,361,400,000","1,309,900,000","1,432,200,000","1,258,800,000","1,160,500,000","1,104,900,000","1,119,000,000","1,038,900,000","728,400,000","653,200,000","685,000,000","631,400,000","642,100,000","646,300,000","640,400,000","598,700,000","598,200,000","600,900,000","596,100,000","529,200,000","518,600,000","523,800,000","516,700,000","413,700,000","408,200,000","403,800,000","392,900,000","334,600,000","332,100,000","331,300,000","358,300,000","308,200,000","331,800,000","329,900,000","333,700,000","299,500,000","279,000,000","264,700,000","281,300,000","252,200,000","254,600,000","225,100,000","236,700,000","207,400,000","200,600,000","191,900,000","197,900,000","186,800,000","181,200,000","175,800,000","189,200,000","167,300,000","152,200,000","144,600,000","143,900,000","121,800,000","120,100,000","116,200,000","111,100,000","100,100,000","100,700,000"
CostOfRevenue,"10,207,000,000","2,459,000,000","2,497,000,000","2,598,000,000","2,653,000,000","2,621,000,000","2,705,000,000","2,505,000,000","2,264,000,000","2,400,000,000","2,394,000,000","2,366,000,000","2,483,000,000","2,265,000,000","2,203,000,000","2,204,000,000","2,395,000,000","2,191,000,000","2,120,000,000","2,349,000,000","2,436,000,000","2,268,000,000","2,326,000,000","2,261,000,000","2,363,000,000","2,141,000,000","2,182,000,000","2,456,000,000","2,934,000,000","1,128,000,000","1,142,000,000","1,105,000,000","1,171,000,000","1,050,000,000","1,090,000,000","1,022,000,000","1,134,000,000","999,000,000","1,020,000,000","973,000,000","1,047,000,000","931,000,000","1,014,000,000","1,006,000,000","1,070,000,000","986,000,000","961,000,000","893,000,000","1,012,000,000","912,000,000","922,000,000","966,000,000","932,000,000","848,000,000","883,000,000","855,000,000","944,000,000","870,000,000","840,000,000","792,000,000","866,000,000","775,000,000","795,000,000","732,000,000","768,000,000","698,700,000","694,800,000","653,800,000","705,700,000","605,600,000","584,800,000","550,300,000","664,500,000","538,400,000","536,000,000","514,000,000","540,600,000","474,800,000","460,700,000","414,200,000","456,800,000","412,800,000","405,000,000","378,100,000","318,000,000","270,400,000","296,300,000","258,100,000","307,600,000","310,300,000","210,200,000","225,700,000","247,600,000","214,000,000","162,100,000","133,800,000","137,900,000","140,000,000","128,800,000","126,200,000","132,700,000","124,300,000","119,500,000","116,800,000","129,700,000","117,100,000","115,800,000","114,200,000","127,700,000","104,700,000","105,100,000","96,200,000","103,300,000","84,400,000","82,200,000","83,200,000","93,500,000","81,600,000","88,500,000","86,800,000","77,700,000","92,200,000","80,400,000","72,100,000","72,800,000","70,400,000","73,300,000","63,400,000","68,500,000","57,200,000","55,400,000",,,,,,,,,,,,,,,,
GrossProfit,"21,578,000,000","5,304,000,000","5,350,000,000","5,389,000,000","5,535,000,000","5,154,000,000","4,942,000,000","4,002,000,000","3,733,000,000","5,317,000,000","5,312,000,000","5,127,000,000","5,663,000,000","5,281,000,000","5,278,000,000","5,180,000,000","5,749,000,000","5,178,000,000","4,930,000,000","5,041,000,000","5,480,000,000","5,015,000,000","5,019,000,000","4,905,000,000","5,204,000,000","4,793,000,000","4,876,000,000","4,818,000,000","4,370,000,000","3,190,000,000","3,224,000,000","3,168,000,000","3,394,000,000","3,113,000,000","3,104,000,000","3,061,000,000","3,326,000,000","3,028,000,000","3,075,000,000","3,035,000,000","3,250,000,000","2,987,000,000","3,118,000,000","3,043,000,000","3,225,000,000","2,975,000,000","2,942,000,000","2,880,000,000","3,184,000,000","2,939,000,000","2,916,000,000","2,967,000,000","2,897,000,000","2,646,000,000","2,687,000,000","2,851,000,000","2,916,000,000","2,535,000,000","2,284,000,000","2,335,000,000","2,414,000,000","2,273,000,000","2,280,000,000","2,165,000,000","2,298,700,000","2,070,800,000","2,070,600,000","2,036,600,000","2,072,300,000","1,925,100,000","1,815,000,000","1,795,800,000","2,000,900,000","1,655,400,000","1,627,800,000","1,550,200,000","1,607,200,000","1,437,700,000","1,430,300,000","1,299,700,000","1,334,700,000","1,179,600,000","1,166,200,000","1,077,600,000","1,199,900,000","1,091,200,000","1,065,100,000","1,051,800,000","1,124,600,000","948,500,000","950,300,000","879,200,000","871,400,000","824,900,000","566,300,000","519,400,000","547,100,000","491,400,000","513,300,000","520,100,000","507,700,000","474,400,000","478,700,000","484,100,000","466,400,000","412,100,000","402,800,000","409,600,000","389,000,000","309,000,000","303,100,000","307,600,000","289,600,000","250,200,000","249,900,000","248,100,000","264,800,000","226,600,000","243,300,000","243,100,000","256,000,000","207,300,000","198,600,000","192,600,000","208,500,000","181,800,000","181,300,000","161,700,000","168,200,000","150,200,000","145,200,000",,,,,,,,,,,,,,,,
OperatingExpense,"15,706,000,000","3,598,000,000","3,743,000,000","4,493,000,000","3,872,000,000","3,673,000,000","3,831,000,000","3,364,000,000","3,349,000,000","3,557,000,000","3,813,000,000","3,548,000,000","3,631,000,000","3,650,000,000","3,710,000,000","3,779,000,000","3,780,000,000","3,658,000,000","3,564,000,000","3,553,000,000","3,576,000,000","3,461,000,000","3,559,000,000","3,510,000,000","3,398,000,000","3,356,000,000","3,428,000,000","3,549,000,000","3,380,000,000","1,973,000,000","2,033,000,000","2,009,000,000","2,069,000,000","1,948,000,000","1,931,000,000","1,906,000,000","1,957,000,000","1,882,000,000","1,889,000,000","1,870,000,000","1,620,000,000","1,901,000,000","2,027,000,000","1,976,000,000","1,299,000,000","2,071,000,000","2,123,000,000","1,751,000,000","1,869,000,000","1,820,000,000","1,752,000,000","1,834,000,000","2,078,000,000","1,594,000,000","1,589,000,000","1,642,000,000","1,645,000,000","1,536,000,000","1,405,000,000","1,396,000,000","1,382,000,000","1,331,000,000","1,356,000,000","1,283,000,000","1,268,100,000","1,180,000,000","1,178,600,000","1,145,600,000","1,105,600,000","1,055,200,000","1,004,700,000","999,400,000","1,049,000,000","886,400,000","948,100,000","841,800,000","838,800,000","774,900,000","792,100,000","715,500,000","714,800,000","656,900,000","641,600,000","595,800,000","684,400,000","625,700,000","614,400,000","618,400,000","653,800,000","544,700,000","572,600,000","513,800,000","523,700,000","526,400,000","335,000,000","298,400,000","306,100,000","289,100,000","297,500,000","299,600,000","289,300,000","286,000,000","288,900,000","296,200,000","281,700,000","250,300,000","248,300,000","261,800,000","260,700,000","203,500,000","199,000,000","209,300,000","190,000,000","165,700,000","166,000,000","183,400,000","179,200,000","155,500,000","174,100,000","173,200,000","183,300,000","147,200,000","140,200,000","137,800,000","148,100,000","131,100,000","137,300,000","118,800,000","121,400,000","109,100,000","105,100,000",,,,,,,,,,,,,,,,
	SellingGeneralAndAdministration,"10,318,000,000","2,561,000,000","2,615,000,000","2,547,000,000","2,595,000,000","2,537,000,000","2,600,000,000","2,417,000,000","2,359,000,000","2,587,000,000","2,620,000,000","2,543,000,000","2,620,000,000","2,596,000,000","2,605,000,000","2,597,000,000","2,552,000,000","2,499,000,000","2,438,000,000","2,485,000,000","2,479,000,000","2,388,000,000","2,416,000,000","2,428,000,000","2,360,000,000","2,317,000,000","2,343,000,000","2,449,000,000","2,404,000,000","1,487,000,000","1,507,000,000","1,506,000,000","1,539,000,000","1,454,000,000","1,438,000,000","1,416,000,000","1,475,000,000","1,401,000,000","1,417,000,000","1,405,000,000","1,462,000,000","1,371,000,000","1,437,000,000","1,408,000,000","866,000,000","1,560,000,000","1,726,000,000","1,334,000,000","1,396,000,000","1,328,000,000","1,253,000,000","1,368,000,000","1,314,000,000","1,257,000,000","1,263,000,000","1,318,000,000","1,297,000,000","1,207,000,000","1,107,000,000","1,096,000,000","1,055,000,000","1,038,000,000","1,036,000,000","984,000,000","974,100,000","899,700,000","903,200,000","882,400,000","857,700,000","814,200,000","772,000,000","769,700,000","804,900,000","679,300,000","745,700,000","643,900,000","649,400,000","587,800,000","598,600,000","536,100,000","545,300,000","493,500,000","479,200,000","444,800,000","455,400,000","406,800,000","400,800,000","410,100,000","447,800,000","400,200,000","365,200,000","351,400,000","356,100,000","337,900,000","210,200,000","187,900,000","181,900,000","184,000,000","196,700,000","194,900,000","194,100,000","188,500,000","189,000,000","191,700,000","192,700,000","163,000,000","164,700,000","173,900,000","176,100,000","132,200,000","131,300,000","135,000,000","127,400,000","107,900,000","143,600,000","165,300,000","159,900,000","139,700,000","157,500,000","155,300,000","156,500,000","137,800,000","127,300,000","127,500,000","134,000,000","120,500,000","124,200,000","107,600,000","113,700,000","98,300,000","95,600,000",,,,,,,,,,,,,,,,
	ResearchAndDevelopment,"2,726,000,000","668,000,000","676,000,000","750,000,000","632,000,000","601,000,000","639,000,000","621,000,000","568,000,000","573,000,000","603,000,000","587,000,000","594,000,000","561,000,000","590,000,000","585,000,000","592,000,000","558,000,000","555,000,000","548,000,000","553,000,000","530,000,000","554,000,000","556,000,000","575,000,000","546,000,000","545,000,000","558,000,000","528,000,000","373,000,000","374,000,000","365,000,000","385,000,000","360,000,000","372,000,000","360,000,000","409,000,000","376,000,000","387,000,000","385,000,000","393,000,000","364,000,000","379,000,000","371,000,000","394,000,000","371,000,000","373,000,000","370,000,000","377,000,000","344,000,000","369,000,000","370,000,000","368,000,000","337,000,000","326,000,000","324,000,000","348,000,000","329,000,000","298,000,000","300,000,000","327,000,000","293,000,000","320,000,000","299,000,000","294,000,000","280,300,000","275,400,000","263,200,000","247,900,000","241,000,000","232,700,000","229,700,000","244,100,000","207,100,000","202,400,000","197,900,000","189,400,000","187,100,000","193,500,000","179,400,000","169,500,000","163,400,000","162,400,000","151,000,000","149,600,000","143,900,000","143,100,000","135,900,000","131,300,000","117,200,000","115,800,000","112,700,000","115,400,000","107,500,000","80,800,000","74,600,000","81,500,000","74,300,000","70,700,000","70,700,000","76,700,000","69,500,000","68,300,000","65,700,000","68,800,000","61,200,000","54,200,000","51,800,000","55,500,000","46,800,000","45,000,000","44,100,000","43,300,000","39,000,000",,,,,,,,,,,,,,,,,,,,,,,,,,,,,,,,,
	DepreciationAmortizationDepletionIncomeStatement,"1,744,000,000","432,000,000","431,000,000","436,000,000","446,000,000","453,000,000","443,000,000","440,000,000","439,000,000","436,000,000","441,000,000","440,000,000","437,000,000","436,000,000","445,000,000","446,000,000","448,000,000","461,000,000","460,000,000","454,000,000","496,000,000","497,000,000","500,000,000","487,000,000","483,000,000","484,000,000","483,000,000","481,000,000","468,000,000","89,000,000","89,000,000","87,000,000","86,000,000","89,000,000","88,000,000","86,000,000","84,000,000","88,000,000","79,000,000","80,000,000","80,000,000","84,000,000","86,000,000","88,000,000",,,,,,,,,,,,,,,,,,,,,,,,,,,,,,,,,,,,,,,,,"79,400,000","75,000,000","70,500,000","72,400,000","74,700,000","27,300,000","91,600,000","49,700,000","52,200,000","81,000,000","44,000,000","35,900,000","42,700,000","30,800,000","30,100,000","34,000,000","18,500,000","28,000,000","31,600,000","38,800,000","20,200,000","26,100,000","29,400,000","36,100,000","29,100,000","24,500,000","22,700,000","30,200,000","19,300,000","18,800,000","22,400,000","18,100,000","19,300,000","15,800,000","16,600,000","17,900,000","26,800,000","9,400,000","12,900,000","10,300,000","14,100,000","10,600,000","13,100,000","11,200,000","7,700,000","10,800,000","9,500,000",,,,,,,,,,,,,,,,
		DepreciationAndAmortizationInIncomeStatement,"1,744,000,000","432,000,000","431,000,000","436,000,000","446,000,000","453,000,000","443,000,000","440,000,000","439,000,000","436,000,000","441,000,000","440,000,000","437,000,000","436,000,000","445,000,000","446,000,000","448,000,000","461,000,000","460,000,000","454,000,000","496,000,000","497,000,000","500,000,000","487,000,000","483,000,000","484,000,000","483,000,000","481,000,000","468,000,000","89,000,000","89,000,000","87,000,000","86,000,000","89,000,000","88,000,000","86,000,000","84,000,000","88,000,000","79,000,000","80,000,000","80,000,000","84,000,000","86,000,000","88,000,000",,,,,,,,,,,,,,,,,,,,,,,,,,,,,,,,,,,,,,,,,"79,400,000","75,000,000","70,500,000","72,400,000","74,700,000","27,300,000","91,600,000","49,700,000","52,200,000","81,000,000","44,000,000","35,900,000","42,700,000","30,800,000","30,100,000","34,000,000","18,500,000","28,000,000","31,600,000","38,800,000","20,200,000","26,100,000","29,400,000","36,100,000","29,100,000","24,500,000","22,700,000","30,200,000","19,300,000","18,800,000","22,400,000","18,100,000","19,300,000","15,800,000","16,600,000","17,900,000","26,800,000","9,400,000","12,900,000","10,300,000","14,100,000","10,600,000","13,100,000","11,200,000","7,700,000","10,800,000","9,500,000",,,,,,,,,,,,,,,,
			Amortization,"1,744,000,000","432,000,000","431,000,000","436,000,000","446,000,000","453,000,000","443,000,000","440,000,000","439,000,000","436,000,000","441,000,000","440,000,000","437,000,000","436,000,000","445,000,000","446,000,000","448,000,000","461,000,000","460,000,000","454,000,000","496,000,000","497,000,000","500,000,000","487,000,000","483,000,000","484,000,000","483,000,000","481,000,000","468,000,000","89,000,000","89,000,000","87,000,000","86,000,000","89,000,000","88,000,000","86,000,000","84,000,000","88,000,000","79,000,000","80,000,000","80,000,000","84,000,000","86,000,000","88,000,000",,,,,,,,,,,,,,,,,,,,,,,,,,,,,,,,,,,,,,,,,,,,,,,,,,,,,,,,,,,,,,,,,,,,,,,,,,,,,,,,,,,,,,,,,,,,,,,,,,,,,,,
				AmortizationOfIntangiblesIncomeStatement,"1,744,000,000","432,000,000","431,000,000","436,000,000","446,000,000","453,000,000","443,000,000","440,000,000","439,000,000","436,000,000","441,000,000","440,000,000","437,000,000","436,000,000","445,000,000","446,000,000","448,000,000","461,000,000","460,000,000","454,000,000","496,000,000","497,000,000","500,000,000","487,000,000","483,000,000","484,000,000","483,000,000","481,000,000","468,000,000","89,000,000","89,000,000","87,000,000","86,000,000","89,000,000","88,000,000","86,000,000","84,000,000","88,000,000","79,000,000","80,000,000","80,000,000","84,000,000","86,000,000","88,000,000",,,,,,,,,,,,,,,,,,,,,,,,,,,,,,,,,,,,,,,,,,,,,,,,,,,,,,,,,,,,,,,,,,,,,,,,,,,,,,,,,,,,,,,,,,,,,,,,,,,,,,,
	OtherOperatingExpenses,"918,000,000","-63,000,000","21,000,000","760,000,000","199,000,000","82,000,000","149,000,000","-114,000,000","-17,000,000","-39,000,000","149,000,000","-22,000,000","-20,000,000","57,000,000","70,000,000","151,000,000","188,000,000","140,000,000","111,000,000","66,000,000","48,000,000","46,000,000","89,000,000","39,000,000","-20,000,000","9,000,000","57,000,000","61,000,000","-20,000,000","24,000,000","63,000,000","51,000,000","59,000,000","45,000,000","33,000,000","44,000,000","-11,000,000","17,000,000","6,000,000","39,000,000",,"82,000,000","125,000,000","109,000,000","39,000,000","140,000,000","24,000,000","47,000,000","96,000,000","148,000,000","130,000,000","96,000,000",,,,,,,,,,,,,,,,,,,,,,,,,,,,,,,,,,,,,,,,,,,,,,,,,,,,,,,,,,,,,,,,,,,,,,,,,,,,,,,,,,,,,,,,,,,,,,,
OperatingIncome,"5,872,000,000","1,706,000,000","1,607,000,000","896,000,000","1,663,000,000","1,481,000,000","1,111,000,000","638,000,000","384,000,000","1,760,000,000","1,499,000,000","1,579,000,000","2,032,000,000","1,631,000,000","1,568,000,000","1,401,000,000","1,969,000,000","1,520,000,000","1,366,000,000","1,488,000,000","1,904,000,000","1,554,000,000","1,460,000,000","1,395,000,000","1,806,000,000","1,437,000,000","1,448,000,000","1,269,000,000","990,000,000","1,217,000,000","1,191,000,000","1,159,000,000","1,325,000,000","1,165,000,000","1,173,000,000","1,155,000,000","1,369,000,000","1,146,000,000","1,186,000,000","1,165,000,000","1,630,000,000","1,086,000,000","1,091,000,000","1,067,000,000","1,926,000,000","904,000,000","819,000,000","1,129,000,000","1,315,000,000","1,119,000,000","1,164,000,000","1,133,000,000","819,000,000","1,052,000,000","1,098,000,000","1,209,000,000","1,271,000,000","999,000,000","879,000,000","939,000,000","1,032,000,000","942,000,000","924,000,000","882,000,000","1,030,600,000","890,800,000","892,000,000","891,000,000","966,700,000","869,900,000","810,300,000","796,400,000","951,900,000","769,000,000","679,700,000","708,400,000","768,400,000","662,800,000","638,200,000","584,200,000","619,900,000","522,700,000","524,600,000","481,800,000","515,500,000","465,500,000","450,700,000","433,400,000","470,800,000","403,800,000","377,700,000","365,400,000","347,700,000","298,500,000","231,300,000","221,000,000","241,000,000","202,300,000","215,800,000","220,500,000","218,400,000","188,400,000","189,800,000","187,900,000","184,700,000","161,800,000","154,500,000","147,800,000","128,300,000","105,500,000","104,100,000","98,300,000","99,600,000","84,500,000","83,900,000","64,700,000","85,600,000","71,100,000","69,200,000","69,900,000","72,700,000","60,100,000","58,400,000","54,800,000","60,400,000","50,700,000","44,000,000","42,900,000","46,800,000","41,100,000","40,100,000","191,900,000","-414,100,000","186,800,000","181,200,000","175,800,000","-334,000,000","167,300,000","152,200,000","144,600,000","-252,400,000","121,800,000","120,100,000","116,200,000","-215,400,000","100,100,000","100,700,000"
NetNonOperatingInterestIncomeExpense,"-552,000,000","-137,000,000","-136,000,000","-137,000,000","-142,000,000","-143,000,000","-470,000,000","-171,000,000","-162,000,000","-156,000,000","-165,000,000","-609,000,000","-718,000,000","-243,000,000","-241,000,000","-242,000,000","-210,000,000","-172,000,000","-173,000,000","-194,000,000","-196,000,000","-180,000,000","-173,000,000","-179,000,000","-371,000,000","-176,000,000","-217,000,000","-191,000,000","-186,000,000","-81,000,000","-8,000,000","-5,000,000","-10,000,000","-25,000,000","-33,000,000","-40,000,000","-48,000,000","-46,000,000","-24,000,000","-33,000,000","-46,000,000","-33,000,000","-38,000,000","-32,000,000","-488,000,000","70,000,000","-67,000,000","-74,000,000","-70,000,000","-56,000,000","-54,000,000","-66,000,000",,,,,,,,,,,,,,,,,,,,,,,,,,,,,,,,,,,,,,,,,,,,,,,,,,,,,,,,,,,,,,,,,,,,,,,,,,,,,,,,,,,,,,,,,,,,,,,
	InterestIncomeNonOperating,,,,,,,,,,,,,,,,,"107,000,000","98,000,000","100,000,000","92,000,000","94,000,000","88,000,000","91,000,000","93,000,000","110,000,000","99,000,000","107,000,000","115,000,000","113,000,000","95,000,000","86,000,000","92,000,000","93,000,000","67,000,000","62,000,000","50,000,000","58,000,000","52,000,000","71,000,000","56,000,000","52,000,000","56,000,000","47,000,000","45,000,000","-370,000,000","183,000,000","46,000,000","33,000,000","38,000,000","41,000,000","39,000,000","38,000,000",,,,,,,,,,,,,,,,,,,,,,,,,,,,,,,,,,,,,,,,,,,,,,,,,,,,,,,,,,,,,,,,,,,,,,,,,,,,,,,,,,,,,,,,,,,,,,,
	InterestExpenseNonOperating,"552,000,000","137,000,000","136,000,000","137,000,000","142,000,000","143,000,000","470,000,000","171,000,000","162,000,000","156,000,000","165,000,000","609,000,000","718,000,000","243,000,000",,"242,000,000","317,000,000","270,000,000","273,000,000","286,000,000","290,000,000","268,000,000","264,000,000","272,000,000","481,000,000","275,000,000","324,000,000","306,000,000","299,000,000","176,000,000","94,000,000","97,000,000","103,000,000","92,000,000","95,000,000","90,000,000","106,000,000","98,000,000","95,000,000","89,000,000","98,000,000","89,000,000","85,000,000","77,000,000","118,000,000","113,000,000","113,000,000","107,000,000","108,000,000","97,000,000","93,000,000","104,000,000",,,,,,,,,,,,,,,,,,,,,,,,,,,,,,,,,,,,,,,,,,,,,,,,,,,,,,,,,,,,,,,,,,,,,,,,,,,,,,,,,,,,,,,,,,,,,,,
	TotalOtherFinanceCost,,,,,,,,,,,,,,"243,000,000","241,000,000","242,000,000",,,,,,,,,,,,,,,"8,000,000","5,000,000","10,000,000","25,000,000","33,000,000","40,000,000","48,000,000","46,000,000",,,,"33,000,000","38,000,000",,,,,,,,"54,000,000",,,,,,,,,,,,,,,,,,,,,,,,,,,,,,,,,,,,,,,,,,,,,,,,,,,,,,,,,,,,,,,,,,,,,,,,,,,,,,,,,,,,,,,,,,,,,,,,
OtherIncomeExpense,"162,000,000","20,000,000","22,000,000","74,000,000","45,000,000","-119,000,000","-116,000,000","117,000,000","-17,000,000","-25,000,000","-40,000,000","7,000,000","-22,000,000","-18,000,000","28,000,000","21,000,000","-34,000,000","-321,000,000","535,000,000","-99,000,000","-273,000,000","-407,000,000","-75,000,000","-228,000,000","-301,000,000","-82,000,000","-148,000,000","-138,000,000","-617,000,000","58,000,000","-161,000,000","-71,000,000","-834,000,000","-185,000,000","-24,000,000","38,000,000","-167,000,000","55,000,000","-308,000,000","-44,000,000",,,"17,000,000","-13,000,000",,"39,000,000",,"-15,000,000","-11,000,000","-148,000,000",,"-506,000,000","-759,000,000","-122,000,000","-427,000,000","-247,000,000","-262,000,000","-873,000,000","-72,000,000","-104,000,000","-218,000,000","-44,000,000","-50,000,000","-106,000,000","-65,600,000","-9,600,000","-140,500,000","-414,800,000","-708,500,000","-118,900,000","-62,900,000","-54,600,000","-139,400,000","-114,800,000","2,900,000","-63,600,000","-68,800,000","-48,500,000","-151,500,000","-36,300,000","-192,600,000","-66,600,000","-296,200,000","-62,800,000","-323,200,000","-39,600,000",,"-16,900,000","900,000","-14,700,000",,,"-102,300,000","-267,400,000","-10,900,000","7,000,000","5,700,000","-185,500,000","5,300,000","5,100,000","7,000,000","9,700,000","8,700,000","8,700,000","8,900,000","6,400,000","7,500,000","6,400,000","5,900,000","3,800,000","2,800,000","2,300,000","2,000,000","2,500,000","2,200,000","15,600,000","2,500,000","2,300,000","21,600,000","2,400,000","2,900,000","2,600,000","2,700,000","2,200,000","2,400,000","2,600,000","2,400,000","1,900,000","1,600,000","1,500,000","800,000",,,,,,,,,,,,,,,,
	GainOnSaleOfSecurity,,,,,,,,,,,,,,,,,"0","-227,000,000",,,,,,,,,,,,,,,,,,,,,,,,,,,,,,,,,,,,,,,,,,,,,,,,,,,,,,,,,,,,,,,,,,,,,,,,,,,,,,,,,,,,,,,,,,,,,,,,,,,,,,,,,,,,,,,,,,,,,,,,,,,,,,,,,
	SpecialIncomeCharges,"-185,000,000","-47,000,000","-44,000,000","-37,000,000","-58,000,000","-205,000,000","-181,000,000","35,000,000","-68,000,000","-121,000,000","-148,000,000","-94,000,000","-86,000,000","-89,000,000","-24,000,000","-165,000,000","-34,000,000","-94,000,000","535,000,000","-99,000,000","-273,000,000","-407,000,000","-75,000,000","-228,000,000","-301,000,000","-82,000,000","-148,000,000","-138,000,000","-617,000,000","58,000,000","-161,000,000","-71,000,000","-834,000,000","-185,000,000","-24,000,000","38,000,000","-167,000,000","55,000,000","-308,000,000","-44,000,000","-189,000,000","0","0","-13,000,000","-520,000,000","39,000,000","0","-15,000,000","-11,000,000","0","0","-506,000,000","-759,000,000","-122,000,000","-427,000,000","-247,000,000","-262,000,000","-873,000,000","-72,000,000","-104,000,000","-218,000,000","-44,000,000","-50,000,000","-106,000,000","-65,600,000","-9,600,000","-140,500,000","-414,800,000","-708,500,000","-118,900,000","-62,900,000","-54,600,000","-139,400,000","-114,800,000","2,900,000","-63,600,000","-68,800,000","-48,500,000","-151,500,000","-36,300,000","-192,600,000","-66,600,000","-296,200,000","-62,800,000","-323,200,000","-39,600,000",,"-16,900,000","900,000","-14,700,000",,,"-102,300,000","-267,400,000","-10,900,000","7,000,000","5,700,000","-185,500,000","5,300,000","5,100,000","7,000,000","9,700,000","8,700,000","8,700,000","8,900,000","6,400,000","7,500,000","6,400,000","5,900,000","3,800,000","2,800,000","2,300,000","2,000,000","2,500,000","2,200,000","15,600,000","2,500,000","2,300,000","21,600,000","2,400,000","2,900,000","2,600,000","2,700,000","2,200,000","2,400,000","2,600,000","2,400,000","1,900,000","1,600,000","1,500,000","800,000",,,,,,,,,,,,,,,,
		RestructuringAndMergernAcquisition,"90,000,000","12,000,000","10,000,000","11,000,000","58,000,000","83,000,000","97,000,000","53,000,000","31,000,000","13,000,000","27,000,000","47,000,000","86,000,000","26,000,000","24,000,000","62,000,000","34,000,000","33,000,000","15,000,000","52,000,000","273,000,000","89,000,000","75,000,000","146,000,000","231,000,000","82,000,000","122,000,000","138,000,000","575,000,000","80,000,000","61,000,000","71,000,000","88,000,000","185,000,000","0","-78,000,000","167,000,000","-55,000,000",,"5,000,000",,,"-17,000,000","13,000,000","275,000,000","0","0","0","-12,000,000","0","0","62,000,000","24,000,000",,,"96,000,000","27,000,000",,,"14,000,000",,,,,,,,,,,,,,,,,,,,,,,,,,,,,,,,,,,,,,,,,,,,,,,,,,,,,,,,,,,,,,,,,,,,,,,,,,,,,,,,,,,,,,,
		OtherSpecialCharges,"95,000,000","35,000,000","34,000,000","26,000,000","0","122,000,000","84,000,000","-88,000,000","37,000,000","108,000,000","121,000,000","47,000,000","0","63,000,000",,"103,000,000","0","61,000,000","80,000,000",,"0","318,000,000",,"82,000,000","0",,"26,000,000",,"42,000,000",,"100,000,000",,"746,000,000",,"24,000,000","40,000,000","0",,"308,000,000","39,000,000",,,,,,"-39,000,000",,"15,000,000",,"148,000,000",,"444,000,000","735,000,000",,,"151,000,000","235,000,000",,,"90,000,000",,,,,,,,,,,,,,,,,,,,,,,,,,,,,,,,,,,,,,,,,,,,,,,,,,,,,,,,,,,,,,,,,,,,,,,,,,,,,,,,,,,,,,,
		GainOnSaleOfBusiness,,,,,,,,,,,,,"0","0","0",,"0","0","630,000,000","-47,000,000",,,,,,,,,"0","138,000,000",,,,,,,,,,,,,,,,,,,,,,,,,,,,,,,,,,,,,,,,,,,,,,,,,,,,,,,,,,,,,,,,,,,,,,,,,,,,,,,,,,,,,,,,,,,,,,,,,,,,,,,,,,,,,,,,,,,,,
	OtherNonOperatingIncomeExpenses,"347,000,000","67,000,000","66,000,000","111,000,000","103,000,000","86,000,000","65,000,000","82,000,000","51,000,000","96,000,000","108,000,000","101,000,000","64,000,000","71,000,000","52,000,000","186,000,000",,,,,,,,,,,,,,,,,,,,,,,,,,,,,,,,,,,,,,,,,,,,,,,,,,,,,,,,,,,,,,,,,,,,,,,,,,,,,,,,,,,,,,,,,,,,,,,,,,,,,,,,,,,,,,,,,,,,,,,,,,,,,,,,,,,
PretaxIncome,"5,481,000,000","1,589,000,000","1,493,000,000","833,000,000","1,566,000,000","1,220,000,000","525,000,000","584,000,000","205,000,000","1,579,000,000","1,294,000,000","977,000,000","1,292,000,000","1,370,000,000","1,355,000,000","1,180,000,000","1,725,000,000","1,027,000,000","1,728,000,000","1,195,000,000","1,435,000,000","967,000,000","1,212,000,000","988,000,000","1,134,000,000","1,179,000,000","1,083,000,000","940,000,000","187,000,000","1,194,000,000","1,022,000,000","1,083,000,000","481,000,000","955,000,000","1,116,000,000","1,153,000,000","1,154,000,000","1,155,000,000","854,000,000","1,088,000,000","1,031,000,000","1,053,000,000","1,053,000,000","1,022,000,000","918,000,000","1,013,000,000","752,000,000","1,040,000,000","1,234,000,000","1,063,000,000","1,110,000,000","561,000,000","48,000,000","932,000,000","661,000,000","953,000,000","1,004,000,000","135,000,000","868,000,000","879,000,000","855,000,000","934,000,000","911,000,000","815,000,000","999,900,000","904,900,000","764,900,000","491,600,000","278,900,000","764,000,000","754,500,000","746,100,000","814,200,000","657,800,000","681,500,000","643,400,000","695,800,000","611,100,000","488,000,000","546,400,000","422,400,000","443,100,000","218,400,000","440,300,000","222,200,000","444,700,000","464,800,000","427,600,000","477,100,000","392,600,000","380,800,000","368,800,000","241,500,000","17,000,000","217,400,000","226,100,000","244,400,000","14,800,000","219,100,000","223,700,000","222,200,000","196,500,000","195,900,000","194,500,000","191,500,000","166,400,000","159,700,000","152,200,000","132,000,000","107,400,000","104,800,000","97,900,000","99,600,000","84,900,000","83,900,000","78,400,000","85,900,000","70,800,000","88,700,000","68,600,000","71,300,000","59,300,000","57,900,000","54,300,000","59,100,000","50,100,000","42,700,000","41,800,000","45,700,000","39,800,000","38,500,000",,,,,,,,,,,,,,,,
TaxProvision,"546,000,000","106,000,000","176,000,000","64,000,000","200,000,000","-59,000,000","31,000,000","93,000,000","-434,000,000","-340,000,000","-77,000,000","100,000,000","110,000,000","99,000,000","235,000,000","103,000,000","260,000,000","2,419,000,000","-285,000,000","186,000,000","271,000,000","147,000,000","101,000,000","59,000,000","31,000,000","84,000,000","563,000,000","120,000,000","188,000,000","217,000,000","194,000,000","212,000,000","33,000,000","193,000,000","214,000,000","200,000,000","185,000,000","167,000,000","208,000,000","224,000,000","143,000,000","208,000,000","182,000,000","201,000,000","142,000,000","89,000,000","186,000,000","210,000,000","280,000,000","232,000,000","242,000,000","116,000,000","-80,000,000","209,000,000","90,000,000","206,000,000","191,000,000","58,000,000","202,000,000","204,000,000","43,000,000","224,000,000","230,000,000","216,000,000","259,900,000","235,300,000","-51,600,000","171,000,000","84,500,000","219,900,000","218,800,000","216,400,000","245,300,000","193,900,000","205,400,000","193,000,000","208,700,000","183,400,000","186,300,000","163,100,000","121,500,000","128,200,000","151,700,000","138,800,000","72,200,000","141,900,000","150,700,000","138,600,000","154,900,000","129,400,000","123,300,000","119,900,000","83,400,000","52,100,000","72,400,000","75,700,000","84,300,000","7,500,000","75,600,000","77,200,000","76,700,000","67,800,000","67,600,000","67,100,000","66,100,000","57,400,000","55,100,000","52,500,000","44,200,000","36,000,000","35,100,000","32,800,000","32,800,000","28,000,000","27,700,000","25,900,000","27,900,000","23,000,000","28,500,000","23,000,000","23,900,000","19,900,000","19,400,000","18,200,000","18,800,000","15,900,000","14,000,000","13,000,000","14,700,000","12,700,000","12,300,000",,,,,,,,,,,,,,,,
NetIncomeCommonStockholders,"4,914,000,000","1,480,000,000","1,311,000,000","763,000,000","1,360,000,000","1,270,000,000","489,000,000","487,000,000","646,000,000","1,915,000,000","1,364,000,000","864,000,000","1,172,000,000","1,269,000,000","1,115,000,000","1,075,000,000","1,460,000,000","-1,389,000,000","2,017,000,000","1,016,000,000","1,163,000,000","821,000,000","1,115,000,000","929,000,000","1,103,000,000","1,095,000,000","520,000,000","820,000,000","-1,000,000","977,000,000","828,000,000","871,000,000","448,000,000","762,000,000","902,000,000","953,000,000","969,000,000","988,000,000","646,000,000","864,000,000","991,000,000","935,000,000","871,000,000","821,000,000","776,000,000","924,000,000","566,000,000","830,000,000","954,000,000","831,000,000","868,000,000","445,000,000","128,000,000","723,000,000","571,000,000","747,000,000","813,000,000","77,000,000","666,000,000","675,000,000","812,000,000","710,000,000","681,000,000","599,000,000","740,000,000","669,600,000","816,500,000","320,600,000","194,400,000","544,100,000","535,700,000","529,700,000","568,900,000","463,900,000","476,100,000","450,400,000","487,100,000","427,700,000","301,700,000","383,300,000","300,900,000","314,900,000","66,700,000","301,500,000","150,000,000","302,800,000","314,100,000","289,000,000","322,200,000","263,200,000","257,500,000","248,900,000","158,100,000","-35,100,000","145,000,000","150,400,000","160,100,000","7,300,000","143,500,000","146,500,000","145,500,000","128,700,000","128,300,000","127,400,000","125,400,000","109,000,000","104,600,000","99,700,000","87,800,000","71,400,000","69,700,000","65,100,000","66,800,000","56,900,000","56,200,000","52,500,000","58,000,000","47,800,000","60,200,000","45,600,000","47,400,000","39,400,000","38,500,000","36,100,000","40,300,000","34,200,000","28,700,000","28,800,000","31,000,000","27,100,000","26,200,000",,,,,,,,,,,,,,,,
	NetIncome,"4,914,000,000","1,480,000,000","1,311,000,000","763,000,000","1,360,000,000","1,270,000,000","489,000,000","487,000,000","646,000,000","1,915,000,000","1,364,000,000","864,000,000","1,172,000,000","1,269,000,000","1,115,000,000","1,075,000,000","1,460,000,000","-1,389,000,000","2,017,000,000","1,016,000,000","1,163,000,000","821,000,000","1,115,000,000","929,000,000","1,103,000,000","1,095,000,000","520,000,000","820,000,000","-1,000,000","977,000,000","828,000,000","871,000,000","448,000,000","762,000,000","902,000,000","953,000,000","969,000,000","988,000,000","646,000,000","864,000,000","991,000,000","935,000,000","871,000,000","821,000,000","776,000,000","924,000,000","566,000,000","830,000,000","954,000,000","831,000,000","868,000,000","445,000,000","128,000,000","723,000,000","571,000,000","747,000,000","813,000,000","77,000,000","666,000,000","675,000,000","812,000,000","710,000,000","681,000,000","599,000,000","740,000,000","669,600,000","816,500,000","320,600,000","194,400,000","544,100,000","535,700,000","529,700,000","568,900,000","463,900,000","476,100,000","450,400,000","487,100,000","427,700,000","301,700,000","383,300,000","300,900,000","314,900,000","66,700,000","301,500,000","150,000,000","302,800,000","314,100,000","289,000,000","322,200,000","263,200,000","257,500,000","248,900,000","158,100,000","-35,100,000","145,000,000","150,400,000","160,100,000","7,300,000","143,500,000","146,500,000","145,500,000","128,700,000","128,300,000","127,400,000","125,400,000","109,000,000","104,600,000","99,700,000","87,800,000","71,400,000","69,700,000","65,100,000","66,800,000","56,900,000","56,200,000","52,500,000","58,000,000","47,800,000","60,200,000","45,600,000","47,400,000","39,400,000","38,500,000","36,100,000","40,300,000","34,200,000","28,700,000","28,800,000","31,000,000","27,100,000","26,200,000",,,,,,,,,,,,,,,,
		NetIncomeIncludingNoncontrollingInterests,"4,936,000,000","1,483,000,000","1,317,000,000","769,000,000","1,366,000,000","1,279,000,000","494,000,000","491,000,000","639,000,000","1,919,000,000","1,371,000,000","877,000,000","1,182,000,000","1,271,000,000","1,120,000,000","1,077,000,000","1,465,000,000","-1,392,000,000","2,013,000,000","1,009,000,000","1,164,000,000","820,000,000","1,111,000,000","929,000,000","1,103,000,000","1,095,000,000","520,000,000","820,000,000","-1,000,000","977,000,000","828,000,000","871,000,000","448,000,000","762,000,000","902,000,000","953,000,000","969,000,000","988,000,000","646,000,000","864,000,000","991,000,000","935,000,000","871,000,000","821,000,000","776,000,000","924,000,000","566,000,000","830,000,000","954,000,000","831,000,000","868,000,000","445,000,000","128,000,000","723,000,000","571,000,000","747,000,000","813,000,000","77,000,000","666,000,000","675,000,000","812,000,000","710,000,000","681,000,000","599,000,000","740,000,000","669,600,000","816,500,000","320,600,000","194,400,000","544,100,000","535,700,000","529,700,000","568,900,000","463,900,000","476,100,000","450,400,000","487,100,000","427,700,000","301,700,000","383,300,000","300,900,000","314,900,000","66,700,000","301,500,000","150,000,000","302,800,000","314,100,000","289,000,000","322,200,000","263,200,000","257,500,000","248,900,000","158,100,000","-35,100,000","145,000,000","150,400,000","160,100,000","7,300,000","143,500,000","146,500,000","145,500,000","128,700,000","128,300,000","127,400,000","125,400,000","109,000,000","104,600,000","99,700,000","87,800,000","71,400,000","69,700,000","65,100,000","66,800,000","56,900,000","56,200,000","52,500,000","58,000,000","47,800,000","60,200,000","45,600,000","47,400,000","39,400,000","38,500,000","36,100,000","40,300,000","34,200,000","28,700,000","28,800,000","31,000,000","27,100,000","26,200,000","24,400,000","25,400,000","23,800,000","22,700,000","25,400,000","23,000,000","21,600,000","21,700,000","20,300,000","20,000,000","18,200,000","17,800,000","17,800,000","16,000,000","7,700,000","14,800,000"
			NetIncomeContinuousOperations,"4,936,000,000","1,483,000,000","1,317,000,000","769,000,000","1,366,000,000","1,279,000,000","494,000,000","491,000,000","639,000,000","1,919,000,000","1,371,000,000","877,000,000","1,182,000,000","1,271,000,000","1,120,000,000","1,077,000,000","1,465,000,000","-1,392,000,000","2,013,000,000","1,009,000,000","1,164,000,000","820,000,000","1,111,000,000","929,000,000","1,103,000,000","1,095,000,000","520,000,000","820,000,000","-1,000,000","977,000,000","828,000,000","871,000,000","448,000,000","762,000,000","902,000,000","953,000,000","969,000,000","988,000,000","646,000,000","864,000,000","888,000,000","845,000,000","871,000,000","821,000,000","776,000,000","924,000,000","566,000,000","830,000,000","954,000,000","831,000,000","868,000,000","445,000,000","128,000,000","723,000,000","571,000,000","747,000,000","813,000,000","77,000,000","666,000,000","675,000,000","812,000,000","710,000,000","681,000,000","599,000,000","740,000,000","669,600,000","816,500,000","320,600,000","194,400,000","544,100,000","535,700,000","529,700,000","568,900,000","463,900,000","476,100,000","450,400,000","487,100,000","427,700,000","301,700,000","383,300,000","300,900,000","314,900,000","66,700,000","301,500,000","150,000,000","302,800,000","314,100,000","289,000,000","322,200,000","263,200,000","257,500,000","248,900,000","158,100,000","-35,100,000","145,000,000","150,400,000","160,100,000","7,300,000","143,500,000","146,500,000","145,500,000","128,700,000","128,300,000","127,400,000","125,400,000","109,000,000","104,600,000","99,700,000","87,800,000","71,400,000","69,700,000","65,100,000","66,800,000","56,900,000","56,200,000","52,500,000","58,000,000","47,800,000","60,200,000","45,600,000","47,400,000","39,400,000","38,500,000","36,100,000","40,300,000","34,200,000","28,700,000","28,800,000","31,000,000","27,100,000","26,200,000","24,400,000","25,400,000","23,800,000","22,700,000","25,400,000","23,000,000","21,600,000","21,700,000","20,300,000","20,000,000","18,200,000","17,800,000","17,800,000","16,000,000","20,300,000","14,800,000"
			NetIncomeDiscontinuousOperations,,,,,,,,,,,,,,,,,,,,,,,,,,,,,,,,,,,,,"0","0","0","0","103,000,000","90,000,000",,,,,,,,,,,,,,,,,,,,,,,,,,,,,,,,,,,,,,,,,,,,,,,,,,,,,,,,,,,,,,,,,,,,,,,,,,,,,,,,,,,,,,,,,,,,,,,,,,,,,,,"0","-12,600,000",
			NetIncomeExtraordinary,,,,,,,,,,,,,,,,,,,,,,,,,,,,,,,,,,,,,,,,,,,,,,,,,,,,,,,,,,,,,,,,,,,,,,,,,,,,,,,,,,,,,,,,,,,,,,,,,,,,,,,,,,,,,,,,,,,,,"0",,,,,,,,,,,,,,,,,,,,,,,,,,,,,,
		MinorityInterests,"-22,000,000","-4,000,000","-6,000,000","-6,000,000","-6,000,000","-9,000,000","-5,000,000","-4,000,000","7,000,000","-4,000,000","-7,000,000","-13,000,000","-10,000,000","-2,000,000","-5,000,000","-2,000,000","-5,000,000","3,000,000","4,000,000","7,000,000","-1,000,000","1,000,000","4,000,000",,,,,,,,,,,,,,,,,,,,,,,,,,,,,,,,,,,,,,,,,,,,,,,,,,,,,,,,,,,,,,,,,,,,,,,,,,,,,,,,,,,,,,,,,,,,,,,,,,,,,,,,,,,,,,,,,,,,,,,,,,,,
DilutedNIAvailtoComStockholders,"4,914,000,000","1,480,000,000","1,311,000,000","763,000,000","1,360,000,000","1,270,000,000","489,000,000","487,000,000","646,000,000","1,915,000,000","1,364,000,000","864,000,000","1,172,000,000","1,269,000,000","1,115,000,000","1,075,000,000","1,460,000,000","-1,389,000,000","2,017,000,000","1,016,000,000","1,163,000,000","821,000,000","1,115,000,000","929,000,000","1,103,000,000","1,095,000,000","520,000,000","820,000,000","-1,000,000","977,000,000","828,000,000","871,000,000","448,000,000","762,000,000","902,000,000","953,000,000","969,000,000","988,000,000","646,000,000","864,000,000","991,000,000","935,000,000","871,000,000","821,000,000","776,000,000","924,000,000","566,000,000","830,000,000","954,000,000","831,000,000","868,000,000","445,000,000","128,000,000","723,000,000","571,000,000","747,000,000","813,000,000","77,000,000","666,000,000","675,000,000","812,000,000","710,000,000","681,000,000","599,000,000","740,000,000","669,600,000","816,500,000","320,600,000","194,400,000","544,100,000","535,700,000","529,700,000","568,900,000","463,900,000","476,100,000","450,400,000","487,100,000","427,700,000","301,700,000","383,300,000","300,900,000","314,900,000","66,700,000","301,500,000","150,000,000","302,800,000","314,100,000","289,000,000","322,200,000","263,200,000","257,500,000","248,900,000","158,100,000","-35,100,000","145,000,000","150,400,000","160,100,000","7,300,000","143,500,000","146,500,000","145,500,000","128,700,000","128,300,000","127,400,000","125,400,000","109,000,000","104,600,000","99,700,000","87,800,000","71,400,000","69,700,000","65,100,000","66,800,000","56,900,000","56,200,000","52,500,000","58,000,000","47,800,000","60,200,000","45,600,000","47,400,000","39,400,000","38,500,000","36,100,000","40,300,000","34,200,000","28,700,000","28,800,000","31,000,000","27,100,000","26,200,000",,,,,,,,,,,,,,,,
BasicEPS,,"1.1","0.97","0.57","1.01","0.94","0.36","0.36","0.48","1.43","1.02","0.64","0.87","0.95","0.83","0.79","1.08","-1.03","1.49","0.75","0.85","0.6","0.81","0.67","0.79","0.78","0.37","0.58","-0.001","0.99","0.84","0.88","0.45","0.76","0.9","0.94","0.96","0.98","0.63","0.84",,"0.89","0.82","0.77",,"0.86","0.52","0.76",,"0.75","0.78","0.4",,"0.65","0.51","0.67",,"0.07","0.59","0.59",,"0.62","0.59","0.52",,"0.55","0.68","0.26",,"0.45","0.44","0.44",,"0.38","0.39","0.37",,"0.35","0.25","0.32",,"0.26","0.06","0.25",,"0.25","0.26","0.24",,"0.22","0.22","0.21",,"-0.03","0.15","0.16",,"0.01","0.16","0.16",,"0.14","0.14","0.14",,"0.12","0.12","0.11",,"0.08","0.08","0.08",,"0.07","0.07","0.06",,"0.05","0.07","0.05",,"0.05","0.05","0.04",,"0.04","0.04","0.04",,"0.04","0.03","0.03",,"0.03","0.03","0.03",,"0.03","0.03","0.03",,"0.03","0.02","0.02",,"0.01","0.02"
DilutedEPS,,"1.1","0.97","0.56","1","0.94","0.36","0.36","0.48","1.42","1.01","0.64","0.87","0.94","0.82","0.79","1.07","-1.03","1.48","0.74","0.84","0.59","0.8","0.66","0.78","0.77","0.36","0.57","-0.001","0.98","0.83","0.87","0.44","0.75","0.89","0.93","0.95","0.97","0.63","0.83",,"0.88","0.82","0.77",,"0.86","0.52","0.76",,"0.75","0.78","0.4",,"0.65","0.51","0.66",,"0.07","0.58","0.59",,"0.61","0.59","0.51",,"0.55","0.67","0.26",,"0.45","0.44","0.43",,"0.38","0.39","0.37",,"0.35","0.25","0.31",,"0.26","0.05","0.25",,"0.25","0.26","0.24",,"0.22","0.22","0.21",,"-0.03","0.15","0.16",,"0.01","0.15","0.16",,"0.13","0.13","0.13",,"0.12","0.12","0.11",,"0.08","0.08","0.08",,"0.07","0.07","0.06",,"0.05","0.07","0.05",,"0.05","0.05","0.04",,"0.04","0.04","0.04",,"0.04","0.03","0.03",,"0.03","0.03","0.03",,"0.03","0.03","0.03",,"0.03","0.02","0.02",,"0.01","0.02"
BasicAverageShares,,"1,343,700,000","1,345,100,000","1,344,500,000","1,347,300,000","1,346,400,000","1,344,400,000","1,341,900,000","1,340,600,000","1,340,500,000","1,340,800,000","1,340,800,000","1,340,600,000","1,342,800,000","1,349,200,000","1,352,700,000","1,354,900,000","1,354,000,000","1,355,100,000","1,361,900,000","1,369,000,000","1,372,200,000","1,380,000,000","1,392,200,000","1,400,700,000","1,406,600,000","1,412,900,000","1,418,100,000","1,422,300,000","983,800,000","981,900,000","992,600,000","1,000,000,000","998,300,000","998,900,000","1,009,700,000","1,014,200,000","1,012,500,000","1,019,400,000","1,029,800,000",,"1,054,400,000","1,058,100,000","1,063,500,000",,"1,073,900,000","1,080,100,000","1,086,100,000",,"1,105,000,000","1,106,800,000","1,112,600,000",,"1,115,000,000","1,120,400,000","1,120,900,000",,"1,126,900,000","1,133,100,000","1,138,700,000",,"1,149,000,000","1,149,300,000","1,153,800,000",,"1,208,500,000","1,208,600,000","1,210,500,000",,"1,208,200,000","1,209,500,000","1,209,000,000",,"1,211,800,000","1,214,500,000","1,217,600,000",,"1,220,500,000","1,215,600,000","1,215,200,000",,"1,212,400,000","1,210,100,000","1,209,900,000",,"1,207,200,000","1,199,700,000","1,198,200,000",,"1,196,363,636","1,170,454,545","1,185,238,095",,"1,170,000,000","966,666,667","940,000,000",,"730,000,000","896,875,000","915,625,000",,"919,285,714","916,428,571","910,000,000",,"908,333,333","871,666,667","906,363,636",,"892,500,000","871,250,000","813,750,000",,"812,857,143","802,857,143","875,000,000",,"956,000,000","860,000,000","912,000,000",,"788,000,000","770,000,000","902,500,000",,"855,000,000","717,500,000","720,000,000",,"677,500,000","873,333,333","855,424,000",,"854,912,000","852,544,000","851,456,000",,"852,224,000","900,928,000","899,904,000",,"896,256,000","1,490,176,000","921,152,000",,"921,152,000","966,400,000"
DilutedAverageShares,,"1,350,300,000","1,355,300,000","1,356,400,000","1,358,400,000","1,356,000,000","1,352,100,000","1,350,000,000","1,349,500,000","1,351,500,000","1,351,400,000","1,351,900,000","1,350,800,000","1,352,700,000","1,360,900,000","1,365,400,000","1,366,000,000","1,354,000,000","1,365,800,000","1,375,600,000","1,380,600,000","1,383,100,000","1,392,500,000","1,407,100,000","1,416,300,000","1,422,200,000","1,428,800,000","1,436,400,000","1,440,600,000","995,800,000","993,000,000","1,005,200,000","1,012,200,000","1,010,000,000","1,009,400,000","1,021,200,000","1,023,000,000","1,021,000,000","1,027,800,000","1,037,100,000",,"1,060,200,000","1,063,100,000","1,069,600,000",,"1,077,900,000","1,083,700,000","1,089,700,000",,"1,108,700,000","1,109,200,000","1,114,600,000",,"1,119,500,000","1,128,500,000","1,129,100,000",,"1,135,000,000","1,147,700,000","1,153,100,000",,"1,163,700,000","1,159,400,000","1,164,800,000",,"1,222,800,000","1,222,500,000","1,222,600,000",,"1,219,100,000","1,220,700,000","1,220,200,000",,"1,222,400,000","1,227,600,000","1,229,900,000",,"1,232,800,000","1,223,800,000","1,224,200,000",,"1,225,500,000","1,222,600,000","1,223,300,000",,"1,225,800,000","1,225,600,000","1,225,000,000",,"1,196,363,636","1,170,454,545","1,185,238,095",,"1,170,000,000","966,666,667","940,000,000",,"730,000,000","956,666,667","915,625,000",,"990,000,000","986,923,077","980,000,000",,"908,333,333","871,666,667","906,363,636",,"892,500,000","871,250,000","813,750,000",,"812,857,143","802,857,143","875,000,000",,"956,000,000","860,000,000","912,000,000",,"788,000,000","770,000,000","902,500,000",,"855,000,000","717,500,000","720,000,000",,"677,500,000","873,333,333","855,424,000",,"854,912,000","852,544,000","851,456,000",,"852,224,000","900,928,000","899,904,000",,"896,256,000","1,490,176,000","921,152,000",,"921,152,000","966,400,000"
TotalOperatingIncomeAsReported,"5,686,000,000","1,659,000,000","1,563,000,000","859,000,000","1,605,000,000","1,277,000,000","930,000,000","673,000,000","316,000,000","1,639,000,000","1,351,000,000","1,485,000,000","1,946,000,000","1,542,000,000","1,544,000,000","1,236,000,000","1,935,000,000","1,426,000,000","1,901,000,000","1,389,000,000","1,631,000,000","1,147,000,000","1,385,000,000","1,167,000,000","1,505,000,000","1,355,000,000","1,300,000,000","1,131,000,000","373,000,000",,,,,,,,,,,,,,,,,,,,,,,,,,,,,,,,,,,,,,,,,,,,,,,,,,,,,,,,,,,,,,,,,,,,,,,,,,,,,,,,,,,,,,,,,,,,,,,,,,,,,,,,,,,,,,,,,,,,,,
TotalExpenses,"25,913,000,000","6,057,000,000","6,240,000,000","7,091,000,000","6,525,000,000","6,294,000,000","6,536,000,000","5,869,000,000","5,613,000,000","5,957,000,000","6,207,000,000","5,914,000,000","6,114,000,000","5,915,000,000","5,913,000,000","5,983,000,000","6,175,000,000","5,849,000,000","5,684,000,000","5,902,000,000","6,012,000,000","5,729,000,000","5,885,000,000","5,771,000,000","5,761,000,000","5,497,000,000","5,610,000,000","6,005,000,000","6,314,000,000","3,101,000,000","3,175,000,000","3,114,000,000","3,240,000,000","2,998,000,000","3,021,000,000","2,928,000,000","3,091,000,000","2,881,000,000","2,909,000,000","2,843,000,000","2,667,000,000","2,832,000,000","3,041,000,000","2,982,000,000","2,369,000,000","3,057,000,000","3,084,000,000","2,644,000,000","2,881,000,000","2,732,000,000","2,674,000,000","2,800,000,000","3,010,000,000","2,442,000,000","2,472,000,000","2,497,000,000","2,589,000,000","2,406,000,000","2,245,000,000","2,188,000,000","2,248,000,000","2,106,000,000","2,151,000,000","2,015,000,000","2,036,100,000","1,878,700,000","1,873,400,000","1,799,400,000","1,811,300,000","1,660,800,000","1,589,500,000","1,549,700,000","1,713,500,000","1,424,800,000","1,484,100,000","1,355,800,000","1,379,400,000","1,249,700,000","1,252,800,000","1,129,700,000","1,171,600,000","1,069,700,000","1,046,600,000","973,900,000","1,002,400,000","896,100,000","910,700,000","876,500,000","961,400,000","855,000,000","782,800,000","739,500,000","771,300,000","740,400,000","497,100,000","432,200,000","444,000,000","429,100,000","426,300,000","425,800,000","422,000,000","410,300,000","408,400,000","413,000,000","411,400,000","367,400,000","364,100,000","376,000,000","388,400,000","308,200,000","304,100,000","305,500,000","293,300,000","250,100,000","248,200,000","266,600,000","272,700,000","237,100,000","262,600,000","260,000,000","261,000,000","239,400,000","220,600,000","209,900,000","220,900,000","201,500,000","210,600,000","182,200,000","189,900,000","166,300,000","160,500,000",,,,,,,,,,,,,,,,
NetIncomeFromContinuingAndDiscontinuedOperation,"4,914,000,000","1,480,000,000","1,311,000,000","763,000,000","1,360,000,000","1,270,000,000","489,000,000","487,000,000","646,000,000","1,915,000,000","1,364,000,000","864,000,000","1,172,000,000","1,269,000,000","1,115,000,000","1,075,000,000","1,460,000,000","-1,389,000,000","2,017,000,000","1,016,000,000","1,163,000,000","821,000,000","1,115,000,000","929,000,000","1,103,000,000","1,095,000,000","520,000,000","820,000,000","-1,000,000","977,000,000","828,000,000","871,000,000","448,000,000","762,000,000","902,000,000","953,000,000","969,000,000","988,000,000","646,000,000","864,000,000","991,000,000","935,000,000","871,000,000","821,000,000","776,000,000","924,000,000","566,000,000","830,000,000","954,000,000","831,000,000","868,000,000","445,000,000","128,000,000","723,000,000","571,000,000","747,000,000","813,000,000","77,000,000","666,000,000","675,000,000","812,000,000","710,000,000","681,000,000","599,000,000","740,000,000","669,600,000","816,500,000","320,600,000","194,400,000","544,100,000","535,700,000","529,700,000","568,900,000","463,900,000","476,100,000","450,400,000","487,100,000","427,700,000","301,700,000","383,300,000","300,900,000","314,900,000","66,700,000","301,500,000","150,000,000","302,800,000","314,100,000","289,000,000","322,200,000","263,200,000","257,500,000","248,900,000","158,100,000","-35,100,000","145,000,000","150,400,000","160,100,000","7,300,000","143,500,000","146,500,000","145,500,000","128,700,000","128,300,000","127,400,000","125,400,000","109,000,000","104,600,000","99,700,000","87,800,000","71,400,000","69,700,000","65,100,000","66,800,000","56,900,000","56,200,000","52,500,000","58,000,000","47,800,000","60,200,000","45,600,000","47,400,000","39,400,000","38,500,000","36,100,000","40,300,000","34,200,000","28,700,000","28,800,000","31,000,000","27,100,000","26,200,000",,,,,,,,,,,,,,,,
NormalizedIncome,"5,080,570,881.226","1,523,851,000","1,349,808,000","797,151,000","1,410,592,592.593","1,419,650,000","659,321,000","457,565,000","695,640,000","2,003,330,000","1,472,040,000","948,412,000","1,250,678,018.576","1,351,592,000","1,134,848,000","1,225,645,000","1,488,875,362.319","-1,118,076,000","1,562,250,000","1,099,556,000","1,384,443,902.439","1,166,136,000","1,183,775,000","1,143,320,000","1,395,771,604.938","1,171,178,000","608,800,000","940,336,000","369,200,000","929,556,000","958,410,000","928,084,000","1,224,781,704.782","909,630,000","921,392,000","921,574,000","1,109,227,902.946","940,975,000","878,848,000","898,936,000","1,050,785,645.005","845,000,000","871,000,000","831,443,248.532","1,215,564,270.153","888,426,456.071","566,000,000","841,971,153.846","962,504,051.864","831,000,000","868,000,000","846,372,549.02","621,350,000","817,641,630.901","939,860,816.944","940,608,604.407","1,025,157,370.518","644,450,000","721,244,239.631","754,863,481.229","1,019,036,257.31","743,447,537.473","718,376,509.33","676,906,748.466","788,548,854.885","676,703,724.168","900,800,000","591,114,401.953","688,241,520.258","628,777,342.932","580,359,416.832","568,463,731.403","666,301,940.555","544,860,352.691","474,074,042.553","494,921,976.997","535,263,955.16","461,644,444.444","395,363,012.295","408,764,476.574","438,100,142.045","362,230,941.097","244,420,000","344,502,952.532","368,181,818.182","329,763,975.714","314,100,000","300,422,123.48","321,592,202.892","273,054,915.945","257,500,000","248,900,000","225,071,552.795","125,340,000","152,270,009.2","145,743,653.251","156,366,080.196","118,600,000","140,028,753.994","143,160,035.762","140,916,291.629","122,346,870.229","122,602,143.951","121,701,388.175","119,572,010.444","104,807,692.308","99,687,664.371","95,507,621.551","83,875,606.061","68,873,743.017","67,837,786.26","63,570,582.227","65,458,634.538","55,224,499.411","54,726,340.882","42,053,571.429","56,311,990.687","46,247,175.141","45,540,248.027","44,004,664.723","45,472,089.762","37,672,512.648","36,704,663.212","34,637,384.899","38,663,451.777","32,425,149.701","27,086,885.246","27,490,909.091","29,914,660.832","26,078,643.216","25,655,584.416",,,,,,,,,,,,,,,,
InterestIncome,,,,,,,,,,,,,,,,,"107,000,000","98,000,000","100,000,000","92,000,000","94,000,000","88,000,000","91,000,000","93,000,000","110,000,000","99,000,000","107,000,000","115,000,000","113,000,000","95,000,000","86,000,000","92,000,000","93,000,000","67,000,000","62,000,000","50,000,000","58,000,000","52,000,000","71,000,000","56,000,000","52,000,000","56,000,000","47,000,000","45,000,000","-370,000,000","183,000,000","46,000,000","33,000,000","38,000,000","41,000,000","39,000,000","38,000,000",,,,,,,,,,,,,,,,,,,,,,,,,,,,,,,,,,,,,,,,,,,,,,,,,,,,,,,,,,,,,,,,,,,,,,,,,,,,,,,,,,,,,,,,,,,,,,,
InterestExpense,"552,000,000","137,000,000","136,000,000","137,000,000","142,000,000","143,000,000","470,000,000","171,000,000","162,000,000","156,000,000","165,000,000","609,000,000","718,000,000","243,000,000",,"242,000,000","317,000,000","270,000,000","273,000,000","286,000,000","290,000,000","268,000,000","264,000,000","272,000,000","481,000,000","275,000,000","324,000,000","306,000,000","299,000,000","176,000,000","94,000,000","97,000,000","103,000,000","92,000,000","95,000,000","90,000,000","106,000,000","98,000,000","95,000,000","89,000,000","98,000,000","89,000,000","85,000,000","77,000,000","118,000,000","113,000,000","113,000,000","107,000,000","108,000,000","97,000,000","93,000,000","104,000,000",,,,,,,,,,,,,,,,,,,,,,,,,,,,,,,,,,,,,,,,,,,,,,,,,,,,,,,,,,,,,,,,,,,,,,,,,,,,,,,,,,,,,,,,,,,,,,,
NetInterestIncome,"-552,000,000","-137,000,000","-136,000,000","-137,000,000","-142,000,000","-143,000,000","-470,000,000","-171,000,000","-162,000,000","-156,000,000","-165,000,000","-609,000,000","-718,000,000","-243,000,000","-241,000,000","-242,000,000","-210,000,000","-172,000,000","-173,000,000","-194,000,000","-196,000,000","-180,000,000","-173,000,000","-179,000,000","-371,000,000","-176,000,000","-217,000,000","-191,000,000","-186,000,000","-81,000,000","-8,000,000","-5,000,000","-10,000,000","-25,000,000","-33,000,000","-40,000,000","-48,000,000","-46,000,000","-24,000,000","-33,000,000","-46,000,000","-33,000,000","-38,000,000","-32,000,000","-488,000,000","70,000,000","-67,000,000","-74,000,000","-70,000,000","-56,000,000","-54,000,000","-66,000,000",,,,,,,,,,,,,,,,,,,,,,,,,,,,,,,,,,,,,,,,,,,,,,,,,,,,,,,,,,,,,,,,,,,,,,,,,,,,,,,,,,,,,,,,,,,,,,,
EBIT,"6,033,000,000","1,726,000,000","1,629,000,000","970,000,000","1,708,000,000","1,363,000,000","995,000,000","755,000,000","367,000,000","1,735,000,000","1,459,000,000","1,586,000,000","2,010,000,000","1,613,000,000","1,568,000,000","1,401,000,000","2,042,000,000","1,297,000,000","2,001,000,000","1,481,000,000","1,725,000,000","1,235,000,000","1,476,000,000","1,260,000,000","1,615,000,000","1,454,000,000","1,407,000,000","1,246,000,000","486,000,000","1,370,000,000","1,116,000,000","1,180,000,000","584,000,000","1,047,000,000","1,211,000,000","1,243,000,000","1,260,000,000","1,253,000,000","949,000,000","1,177,000,000","1,129,000,000","1,142,000,000","1,138,000,000","1,099,000,000","1,036,000,000","1,126,000,000","865,000,000","1,147,000,000","1,342,000,000","1,160,000,000","1,203,000,000","665,000,000","-548,000,000","1,052,000,000","1,098,000,000","1,209,000,000","1,271,000,000","999,000,000","879,000,000","939,000,000","1,032,000,000","942,000,000","924,000,000","882,000,000","1,030,600,000","890,800,000","892,000,000","891,000,000","966,700,000","869,900,000","810,300,000","796,400,000","951,900,000","769,000,000","679,700,000","708,400,000","768,400,000","662,800,000","638,200,000","584,200,000","619,900,000","522,700,000","524,600,000","481,800,000","515,500,000","465,500,000","450,700,000","433,400,000","470,800,000","403,800,000","377,700,000","365,400,000","347,700,000","298,500,000","231,300,000","221,000,000","241,000,000","202,300,000","215,800,000","220,500,000","218,400,000","188,400,000","189,800,000","187,900,000","184,700,000","161,800,000","154,500,000","147,800,000","128,300,000","105,500,000","104,100,000","98,300,000","99,600,000","84,500,000","83,900,000","64,700,000","85,600,000","71,100,000","69,200,000","69,900,000","72,700,000","60,100,000","58,400,000","54,800,000","60,400,000","50,700,000","44,000,000","42,900,000","46,800,000","41,100,000","40,100,000","191,900,000","-414,100,000","186,800,000","181,200,000","175,800,000","-334,000,000","167,300,000","152,200,000","144,600,000","-252,400,000","121,800,000","120,100,000","116,200,000","-215,400,000","100,100,000","100,700,000"
EBITDA,"8,736,000,000"
ReconciledCostOfRevenue,"9,248,000,000","2,219,000,000","2,252,000,000","2,363,000,000","2,415,000,000","2,396,000,000","2,477,000,000","2,276,000,000","2,031,000,000","2,173,000,000","2,164,000,000","2,149,000,000","2,253,000,000","2,026,000,000","1,997,000,000","1,984,000,000","2,179,000,000","1,986,000,000","1,902,000,000","2,167,000,000","2,214,000,000","2,035,000,000","2,094,000,000","2,011,000,000","2,138,000,000","1,910,000,000","1,969,000,000","2,236,000,000","2,725,000,000","1,011,000,000","1,023,000,000","977,000,000","1,042,000,000","925,000,000","965,000,000","900,000,000","1,009,000,000","873,000,000","900,000,000","856,000,000","956,000,000","790,000,000","874,000,000","883,000,000","1,070,000,000","986,000,000","961,000,000","893,000,000","1,012,000,000","912,000,000","922,000,000","966,000,000","932,000,000","848,000,000","883,000,000","855,000,000","944,000,000","870,000,000","840,000,000","792,000,000","866,000,000","775,000,000","795,000,000","732,000,000","768,000,000","698,700,000","694,800,000","653,800,000","705,700,000","605,600,000","584,800,000","550,300,000","664,500,000","538,400,000","536,000,000","514,000,000","540,600,000","474,800,000","460,700,000","414,200,000","456,800,000","412,800,000","405,000,000","378,100,000","318,000,000","270,400,000","296,300,000","258,100,000","307,600,000","310,300,000","210,200,000","225,700,000","247,600,000","214,000,000","162,100,000","133,800,000","137,900,000","140,000,000","128,800,000","126,200,000","132,700,000","124,300,000","119,500,000","116,800,000","129,700,000","117,100,000","115,800,000","114,200,000","127,700,000","104,700,000","105,100,000","96,200,000","103,300,000","84,400,000","82,200,000","83,200,000","93,500,000","81,600,000","88,500,000","86,800,000","77,700,000","92,200,000","80,400,000","72,100,000","72,800,000","72,900,000","73,300,000","63,400,000","68,500,000","57,300,000","55,400,000",,,,,,,,,,,,,,,,
ReconciledDepreciation,"2,703,000,000","672,000,000","676,000,000","671,000,000","684,000,000","678,000,000","671,000,000","669,000,000","672,000,000","663,000,000","671,000,000","657,000,000","667,000,000","675,000,000","651,000,000","666,000,000","664,000,000","666,000,000","678,000,000","636,000,000","718,000,000","730,000,000","732,000,000","737,000,000","708,000,000","715,000,000","696,000,000","701,000,000","677,000,000","206,000,000","208,000,000","215,000,000","215,000,000","214,000,000","213,000,000","208,000,000","209,000,000","214,000,000","199,000,000","197,000,000","171,000,000","225,000,000","226,000,000","211,000,000","213,000,000","189,000,000","215,000,000","187,000,000","206,000,000","194,000,000","184,000,000","188,000,000","177,000,000","170,000,000","179,000,000","173,000,000","180,000,000","181,000,000","127,000,000","149,000,000","168,000,000","138,000,000","137,000,000","140,000,000","136,500,000","138,400,000","141,100,000","127,600,000","124,000,000","115,600,000","113,600,000","110,100,000","110,000,000","115,800,000","117,100,000","99,700,000","102,600,000","105,000,000","102,600,000","97,900,000","111,500,000","89,800,000","62,800,000","65,700,000","79,400,000","75,000,000","70,500,000","72,400,000","74,700,000","27,300,000","91,600,000","49,700,000","52,200,000","81,000,000","44,000,000","35,900,000","42,700,000","30,800,000","30,100,000","34,000,000","18,500,000","28,000,000","31,600,000","38,800,000","20,200,000","26,100,000","29,400,000","36,100,000","29,100,000","24,500,000","22,700,000","30,200,000","19,300,000","18,800,000","22,400,000","18,100,000","19,300,000","15,800,000","16,600,000","17,900,000","26,800,000","9,400,000","12,900,000","10,300,000","14,100,000","8,100,000","13,100,000","11,200,000","7,700,000","10,700,000","9,500,000",,,,,,,,,,,,,,,,
NetIncomeFromContinuingOperationNetMinorityInterest,"4,914,000,000","1,480,000,000","1,311,000,000","763,000,000","1,360,000,000","1,270,000,000","489,000,000","487,000,000","646,000,000","1,915,000,000","1,364,000,000","864,000,000","1,172,000,000","1,269,000,000","1,115,000,000","1,075,000,000","1,460,000,000","-1,389,000,000","2,017,000,000","1,016,000,000","1,163,000,000","821,000,000","1,115,000,000","929,000,000","1,103,000,000","1,095,000,000","520,000,000","820,000,000","-1,000,000","977,000,000","828,000,000","871,000,000","448,000,000","762,000,000","902,000,000","953,000,000","969,000,000","988,000,000","646,000,000","864,000,000","888,000,000","845,000,000","871,000,000","821,000,000","776,000,000","924,000,000","566,000,000","830,000,000","954,000,000","831,000,000","868,000,000","445,000,000","128,000,000","723,000,000","571,000,000","747,000,000","813,000,000","77,000,000","666,000,000","675,000,000","812,000,000","710,000,000","681,000,000","599,000,000","740,000,000","669,600,000","816,500,000","320,600,000","194,400,000","544,100,000","535,700,000","529,700,000","568,900,000","463,900,000","476,100,000","450,400,000","487,100,000","427,700,000","301,700,000","383,300,000","300,900,000","314,900,000","66,700,000","301,500,000","150,000,000","302,800,000","314,100,000","289,000,000","322,200,000","263,200,000","257,500,000","248,900,000","158,100,000","-35,100,000","145,000,000","150,400,000","160,100,000","7,300,000","143,500,000","146,500,000","145,500,000","128,700,000","128,300,000","127,400,000","125,400,000","109,000,000","104,600,000","99,700,000","87,800,000","71,400,000","69,700,000","65,100,000","66,800,000","56,900,000","56,200,000","52,500,000","58,000,000","47,800,000","60,200,000","45,600,000","47,400,000","39,400,000","38,500,000","36,100,000","40,300,000","34,200,000","28,700,000","28,800,000","31,000,000","27,100,000","26,200,000",,,,,,,,,,,,,,,,
TotalUnusualItemsExcludingGoodwill,"-185,000,000","-47,000,000","-44,000,000","-37,000,000","-58,000,000","-205,000,000","-181,000,000","35,000,000","-68,000,000","-121,000,000","-148,000,000","-94,000,000","-86,000,000","-89,000,000","-24,000,000","-165,000,000","-34,000,000","-321,000,000","535,000,000","-99,000,000","-273,000,000","-407,000,000","-75,000,000","-228,000,000","-301,000,000","-82,000,000","-148,000,000","-138,000,000","-617,000,000","58,000,000","-161,000,000","-71,000,000","-834,000,000","-185,000,000","-24,000,000","38,000,000","-167,000,000","55,000,000","-308,000,000","-44,000,000","-189,000,000","0","0","-13,000,000","-520,000,000","39,000,000","0","-15,000,000","-11,000,000","0","0","-506,000,000","-759,000,000","-122,000,000","-427,000,000","-247,000,000","-262,000,000","-873,000,000","-72,000,000","-104,000,000","-218,000,000","-44,000,000","-50,000,000","-106,000,000","-65,600,000","-9,600,000","-140,500,000","-414,800,000","-708,500,000","-118,900,000","-62,900,000","-54,600,000","-139,400,000","-114,800,000","2,900,000","-63,600,000","-68,800,000","-48,500,000","-151,500,000","-36,300,000","-192,600,000","-66,600,000","-296,200,000","-62,800,000","-323,200,000","-39,600,000",,"-16,900,000","900,000","-14,700,000",,,"-102,300,000","-267,400,000","-10,900,000","7,000,000","5,700,000","-185,500,000","5,300,000","5,100,000","7,000,000","9,700,000","8,700,000","8,700,000","8,900,000","6,400,000","7,500,000","6,400,000","5,900,000","3,800,000","2,800,000","2,300,000","2,000,000","2,500,000","2,200,000","15,600,000","2,500,000","2,300,000","21,600,000","2,400,000","2,900,000","2,600,000","2,700,000","2,200,000","2,400,000","2,600,000","2,400,000","1,900,000","1,600,000","1,500,000","800,000",,,,,,,,,,,,,,,,
TotalUnusualItems,"-185,000,000","-47,000,000","-44,000,000","-37,000,000","-58,000,000","-205,000,000","-181,000,000","35,000,000","-68,000,000","-121,000,000","-148,000,000","-94,000,000","-86,000,000","-89,000,000","-24,000,000","-165,000,000","-34,000,000","-321,000,000","535,000,000","-99,000,000","-273,000,000","-407,000,000","-75,000,000","-228,000,000","-301,000,000","-82,000,000","-148,000,000","-138,000,000","-617,000,000","58,000,000","-161,000,000","-71,000,000","-834,000,000","-185,000,000","-24,000,000","38,000,000","-167,000,000","55,000,000","-308,000,000","-44,000,000","-189,000,000","0","0","-13,000,000","-520,000,000","39,000,000","0","-15,000,000","-11,000,000","0","0","-506,000,000","-759,000,000","-122,000,000","-427,000,000","-247,000,000","-262,000,000","-873,000,000","-72,000,000","-104,000,000","-218,000,000","-44,000,000","-50,000,000","-106,000,000","-65,600,000","-9,600,000","-140,500,000","-414,800,000","-708,500,000","-118,900,000","-62,900,000","-54,600,000","-139,400,000","-114,800,000","2,900,000","-63,600,000","-68,800,000","-48,500,000","-151,500,000","-36,300,000","-192,600,000","-66,600,000","-296,200,000","-62,800,000","-323,200,000","-39,600,000",,"-16,900,000","900,000","-14,700,000",,,"-102,300,000","-267,400,000","-10,900,000","7,000,000","5,700,000","-185,500,000","5,300,000","5,100,000","7,000,000","9,700,000","8,700,000","8,700,000","8,900,000","6,400,000","7,500,000","6,400,000","5,900,000","3,800,000","2,800,000","2,300,000","2,000,000","2,500,000","2,200,000","15,600,000","2,500,000","2,300,000","21,600,000","2,400,000","2,900,000","2,600,000","2,700,000","2,200,000","2,400,000","2,600,000","2,400,000","1,900,000","1,600,000","1,500,000","800,000",,,,,,,,,,,,,,,,
NormalizedEBITDA,"8,921,000,000","2,445,000,000","2,349,000,000","1,678,000,000","2,450,000,000","2,246,000,000","1,847,000,000","1,389,000,000","1,107,000,000","2,519,000,000","2,278,000,000","2,337,000,000","2,763,000,000","2,377,000,000","2,243,000,000","2,232,000,000","2,740,000,000","2,284,000,000","2,144,000,000","2,216,000,000","2,716,000,000","2,372,000,000","2,283,000,000","2,225,000,000","2,624,000,000","2,251,000,000","2,251,000,000","2,085,000,000","1,780,000,000","1,518,000,000","1,485,000,000","1,466,000,000","1,633,000,000","1,446,000,000","1,448,000,000","1,413,000,000","1,636,000,000","1,412,000,000","1,456,000,000","1,418,000,000","1,489,000,000","1,367,000,000","1,364,000,000","1,323,000,000","1,769,000,000","1,276,000,000","1,080,000,000","1,349,000,000","1,559,000,000","1,354,000,000","1,387,000,000","1,359,000,000","388,000,000","1,344,000,000","1,704,000,000","1,629,000,000","1,713,000,000","2,053,000,000","1,078,000,000","1,192,000,000","1,418,000,000","1,124,000,000","1,111,000,000","1,128,000,000","1,232,700,000","1,038,800,000","1,173,600,000","1,433,400,000","1,799,200,000","1,104,400,000","986,800,000","961,100,000","1,201,300,000","999,600,000","793,900,000","871,700,000","939,800,000","816,300,000","892,300,000","718,400,000","924,000,000","679,100,000","883,600,000","610,300,000","918,100,000","580,100,000","521,200,000","522,700,000","544,600,000","445,800,000","469,300,000","415,100,000","502,200,000","646,900,000","286,200,000","249,900,000","278,000,000","418,600,000","240,600,000","249,400,000","229,900,000","206,700,000","212,700,000","218,000,000","196,000,000","181,500,000","176,400,000","177,500,000","151,500,000","126,200,000","124,000,000","126,200,000","116,900,000","100,800,000","104,100,000","67,200,000","102,400,000","84,600,000","64,200,000","85,400,000","96,600,000","66,900,000","68,600,000","62,900,000","72,100,000","58,700,000","54,700,000","52,200,000","52,900,000","50,400,000","48,800,000","191,900,000","-414,100,000","186,800,000","181,200,000","175,800,000","-334,000,000","167,300,000","152,200,000","144,600,000","-252,400,000","121,800,000","120,100,000","116,200,000","-215,400,000","100,100,000","100,700,000"
TaxRateForCalcs,"0.1","0.067","0.118","0.077","0.128","0.27","0.059","0.159","0.27","0.27","0.27","0.102","0.085","0.072","0.173","0.087","0.151","0.156","0.15","0.156","0.189","0.152","0.083","0.06","0.027","0.071","0.4","0.128","0.4","0.182","0.19","0.196","0.069","0.202","0.192","0.173","0.16","0.145","0.244","0.206","0.139","0.198","0.173","0.197","0.155","0.088","0.247","0.202","0.227","0.218","0.218","0.207","0.35","0.224","0.136","0.216","0.19","0.35","0.233","0.232","0.05","0.24","0.252","0.265","0.26","0.26","0.4","0.348","0.303","0.288","0.29","0.29","0.301","0.295","0.301","0.3","0.3","0.3","0.382","0.298","0.288","0.289","0.4","0.315","0.325","0.319","0.324","0.324","0.325","0.33","0.324","0.325","0.345","0.4","0.333","0.335","0.345","0.4","0.345","0.345","0.345","0.345","0.345","0.345","0.345","0.345","0.345","0.345","0.335","0.335","0.335","0.335","0.329","0.33","0.33","0.33","0.325","0.325","0.321","0.335","0.335","0.336","0.335","0.335","0.318","0.317","0.328","0.311","0.322","0.319","0.319",,,,,,,,,,,,,,,,
TaxEffectOfUnusualItems,"-18,429,118.774","-3,149,000","-5,192,000","-2,849,000","-7,407,407.407","-55,350,000","-10,679,000","5,565,000","-18,360,000","-32,670,000","-39,960,000","-9,588,000","-7,321,981.424","-6,408,000","-4,152,000","-14,355,000","-5,124,637.681","-50,076,000","80,250,000","-15,444,000","-51,556,097.561","-61,864,000","-6,225,000","-13,680,000","-8,228,395.062","-5,822,000","-59,200,000","-17,664,000","-246,800,000","10,556,000","-30,590,000","-13,916,000","-57,218,295.218","-37,370,000","-4,608,000","6,574,000","-26,772,097.054","7,975,000","-75,152,000","-9,064,000","-26,214,354.995","0","0","-2,556,751.468","-80,435,729.847","3,426,456.071","0","-3,028,846.154","-2,495,948.136","0","0","-104,627,450.98","-265,650,000","-27,358,369.099","-58,139,183.056","-53,391,395.593","-49,842,629.482","-305,550,000","-16,755,760.369","-24,136,518.771","-10,963,742.69","-10,552,462.527","-12,623,490.67","-28,093,251.534","-17,051,145.115","-2,496,275.832","-56,200,000","-144,285,598.047","-214,658,479.742","-34,222,657.068","-18,240,583.168","-15,836,268.597","-41,998,059.445","-33,839,647.309","874,042.553","-19,078,023.003","-20,636,044.84","-14,555,555.556","-57,836,987.705","-10,835,523.426","-55,399,857.955","-19,269,058.903","-118,480,000","-19,797,047.468","-105,018,181.818","-12,636,024.286","0","-5,477,876.52","292,202.892","-4,845,084.055","0","0","-35,328,447.205","-106,960,000","-3,629,990.8","2,343,653.251","1,966,080.196","-74,200,000","1,828,753.994","1,760,035.762","2,416,291.629","3,346,870.229","3,002,143.951","3,001,388.175","3,072,010.444","2,207,692.308","2,587,664.371","2,207,621.551","1,975,606.061","1,273,743.017","937,786.26","770,582.227","658,634.538","824,499.411","726,340.882","5,153,571.429","811,990.687","747,175.141","6,940,248.027","804,664.723","972,089.762","872,512.648","904,663.212","737,384.899","763,451.777","825,149.701","786,885.246","590,909.091","514,660.832","478,643.216","255,584.416",,,,,,,,,,,,,,,,