name,ttm,12/31/2021,09/30/2021,06/30/2021,03/31/2021,12/31/2020,09/30/2020,06/30/2020,03/31/2020,12/31/2019,09/30/2019,06/30/2019,03/31/2019,12/31/2018,09/30/2018,06/30/2018,03/31/2018,12/31/2017,09/30/2017,06/30/2017,03/31/2017,12/31/2016,09/30/2016,06/30/2016,03/31/2016,12/31/2015,09/30/2015,06/30/2015,03/31/2015,12/31/2014,09/30/2014,06/30/2014,03/31/2014,12/31/2013,09/30/2013,06/30/2013,03/31/2013,12/31/2012,09/30/2012,06/30/2012,03/31/2012,12/31/2011,09/30/2011,06/30/2011,03/31/2011,12/31/2010,09/30/2010,06/30/2010,03/31/2010,12/31/2009,09/30/2009,06/30/2009,03/31/2009,12/31/2008,09/30/2008,06/30/2008,03/31/2008,12/31/2007,09/30/2007,06/30/2007,03/31/2007,12/31/2006,09/30/2006,06/30/2006,03/31/2006,12/31/2005,09/30/2005,06/30/2005,03/31/2005,12/31/2004,09/30/2004,06/30/2004,03/31/2004,12/31/2003,09/30/2003,06/30/2003,03/31/2003,12/31/2002,09/30/2002,06/30/2002,03/31/2002,12/31/2001,09/30/2001,06/30/2001,03/31/2001,12/31/2000,09/30/2000,06/30/2000,03/31/2000,12/31/1999,09/30/1999,06/30/1999,03/31/1999,12/31/1998,09/30/1998,06/30/1998,03/31/1998,12/31/1997,09/30/1997,06/30/1997,03/31/1997,12/31/1996,09/30/1996,06/30/1996,03/31/1996,12/31/1995,09/30/1995,06/30/1995,03/31/1995,12/31/1994,09/30/1994,06/30/1994,03/31/1994,12/31/1993,09/30/1993,06/30/1993,03/31/1993,12/31/1992,09/30/1992,06/30/1992,03/31/1992,12/31/1991,09/30/1991,06/30/1991,03/31/1991
TotalRevenue,"11,200,613,000","2,760,737,000","2,817,017,000","2,953,833,000","2,669,026,000","2,641,764,000","2,574,870,000","2,049,800,000","2,285,763,000","2,424,512,000","2,519,185,000","2,584,485,000","2,442,490,000","2,448,618,000","2,545,800,000","2,577,014,000","2,412,202,000","2,369,097,000","2,448,510,000","2,453,038,000","2,220,645,000","2,182,566,000","2,294,139,000","2,310,336,000","2,172,046,000","1,997,997,000","2,150,656,000","2,041,733,000","1,881,177,000","1,951,446,000","1,990,658,000","2,048,247,000","1,813,095,000","1,924,104,000","1,961,536,000","1,976,299,000","1,486,815,000","1,435,659,000","1,473,493,000","1,469,793,000","1,409,035,000","1,378,297,000","1,442,512,000","1,477,854,000","1,343,595,000","1,262,198,000","1,309,552,000","1,400,086,000","1,347,236,000","1,347,108,000","1,382,565,000","1,406,012,000","1,208,339,000","1,485,172,000","1,763,034,000","1,840,045,000","1,738,097,000","1,807,268,000","1,937,677,000","1,977,210,000","1,863,863,000","1,898,594,000","2,024,019,000","2,058,123,000","1,925,106,000","1,804,551,000","1,697,634,000","1,624,692,000","1,493,222,000","1,471,045,000","1,531,150,000","1,486,916,000","1,391,261,000","1,369,991,000","1,303,166,000","1,247,181,000","1,084,715,000","1,203,476,000","1,224,403,000","1,227,747,000","866,710,000","1,004,248,000","869,666,000","828,348,000","743,683,000","799,441,000","838,514,000","852,808,000","765,083,000","775,600,000","809,900,000","790,800,000","709,200,000","1,056,700,000","576,300,000","546,400,000","459,800,000","516,200,000","500,800,000","479,200,000","412,800,000","465,700,000","471,200,000","474,600,000","383,700,000","415,100,000","425,300,000","429,800,000","379,800,000","362,100,000","377,600,000","370,500,000","327,100,000","219,700,000","216,900,000","156,900,000","140,500,000","132,700,000","77,800,000","78,000,000","64,000,000","75,100,000","75,000,000","75,000,000","75,000,000"
	OperatingRevenue,"11,200,613,000","2,760,737,000","2,817,017,000","2,953,833,000","2,669,026,000","2,641,764,000","2,574,870,000","2,049,800,000","2,285,763,000","2,424,512,000","2,519,185,000","2,584,485,000","2,442,490,000","2,448,618,000","2,545,800,000","2,577,014,000","2,412,202,000","2,369,097,000","2,448,510,000","2,453,038,000","2,220,645,000","2,182,566,000","2,294,139,000","2,310,336,000","2,172,046,000","1,997,997,000","2,150,656,000","2,041,733,000","1,881,177,000","1,951,446,000","1,990,658,000","2,048,247,000","1,813,095,000","1,924,104,000","1,961,536,000","1,976,299,000","1,486,815,000","1,435,659,000","1,473,493,000","1,469,793,000","1,409,035,000","1,378,297,000","1,442,512,000","1,477,854,000","1,343,595,000","1,262,198,000","1,309,552,000","1,400,086,000","1,347,236,000","1,347,108,000","1,382,565,000","1,406,012,000","1,208,339,000","1,485,172,000","1,763,034,000","1,840,045,000","1,738,097,000","1,807,268,000","1,937,677,000","1,977,210,000","1,863,863,000","1,898,594,000","2,024,019,000","2,058,123,000","1,925,106,000","1,804,551,000","1,697,634,000","1,624,692,000","1,493,222,000","1,471,045,000","1,531,150,000","1,486,916,000","1,391,261,000","1,369,991,000","1,303,166,000","1,247,181,000","1,084,715,000","1,203,476,000","1,224,403,000","1,227,747,000","866,710,000","1,004,248,000","869,666,000","828,348,000","743,683,000","799,441,000","838,514,000","852,808,000","765,083,000","775,600,000","809,900,000","790,800,000","709,200,000","1,056,700,000","576,300,000","546,400,000","459,800,000","516,200,000","500,800,000","479,200,000","412,800,000","465,700,000","471,200,000","474,600,000","383,700,000","415,100,000","425,300,000","429,800,000","379,800,000","362,100,000","377,600,000","370,500,000","327,100,000","219,700,000","216,900,000","156,900,000","140,500,000","132,700,000","77,800,000","78,000,000","64,000,000","75,100,000","75,000,000","75,000,000","75,000,000"
CostOfRevenue,"7,931,879,000","2,023,294,000","1,979,702,000","2,051,626,000","1,877,257,000","1,903,680,000","1,868,671,000","1,679,833,000","1,669,323,000","1,801,705,000","1,827,494,000","1,847,867,000","1,817,563,000","1,802,228,000","1,825,367,000","1,810,459,000","1,707,510,000","1,615,473,000","1,665,209,000","1,673,902,000","1,540,292,000","1,491,567,000","1,567,580,000","1,554,748,000","1,532,367,000","1,375,787,000","1,489,252,000","1,426,604,000","1,369,234,000","1,409,843,000","1,434,236,000","1,473,435,000","1,331,740,000","1,411,307,000","1,444,646,000","1,462,243,000","1,109,749,000","1,066,328,000","1,100,656,000","1,081,329,000","1,049,609,000","1,042,880,000","1,084,889,000","1,095,607,000","1,002,003,000","920,532,000","964,620,000","1,025,330,000","1,005,990,000","1,005,414,000","1,013,106,000","1,038,624,000","1,054,650,000","1,129,210,000","1,323,963,000","1,357,153,000","1,278,258,000","1,318,005,000","1,392,294,000","1,420,512,000","1,340,423,000","1,344,516,000","1,455,508,000","1,465,745,000","1,422,096,000","1,349,496,000","1,245,766,000","1,193,183,000","1,108,520,000","1,025,975,000","1,104,340,000","1,093,686,000","1,035,530,000","990,400,000","938,280,000","907,078,000","809,919,000","860,800,000","883,746,000","888,561,000","652,115,000","786,734,000","649,023,000","611,628,000","565,658,000","576,322,000","604,702,000","615,982,000","553,645,000","552,000,000","581,900,000","560,700,000","506,000,000","788,000,000","416,100,000","388,000,000","338,900,000","382,700,000","369,000,000","349,400,000","303,800,000","338,800,000","347,600,000","344,100,000","282,700,000","311,500,000","321,300,000","326,600,000","285,700,000","274,200,000","281,200,000","272,300,000","230,900,000","162,600,000","159,200,000","117,100,000","104,700,000","100,100,000","58,200,000","58,200,000","47,900,000",,,,
GrossProfit,"3,268,734,000","737,443,000","837,315,000","902,207,000","791,769,000","738,084,000","706,199,000","369,967,000","616,440,000","622,807,000","691,691,000","736,618,000","624,927,000","646,390,000","720,433,000","766,555,000","704,692,000","753,624,000","783,301,000","779,136,000","680,353,000","690,999,000","726,559,000","755,588,000","639,679,000","622,210,000","661,404,000","615,129,000","511,943,000","541,603,000","556,422,000","574,812,000","481,355,000","512,797,000","516,890,000","514,056,000","377,066,000","369,331,000","372,837,000","388,464,000","359,426,000","335,417,000","357,623,000","382,247,000","341,592,000","341,666,000","344,932,000","374,756,000","341,246,000","341,694,000","369,459,000","367,388,000","153,689,000","355,962,000","439,071,000","482,892,000","459,839,000","489,263,000","545,383,000","556,698,000","523,440,000","554,078,000","568,511,000","592,378,000","503,010,000","455,055,000","451,868,000","431,509,000","384,702,000","445,070,000","426,810,000","393,230,000","355,731,000","379,591,000","364,886,000","340,103,000","274,796,000","342,676,000","340,657,000","339,186,000","214,595,000","217,514,000","220,643,000","216,720,000","178,025,000","223,119,000","233,812,000","236,826,000","211,438,000","223,600,000","228,000,000","230,100,000","203,200,000","268,700,000","160,200,000","158,400,000","120,900,000","133,500,000","131,800,000","129,800,000","109,000,000","126,900,000","123,600,000","130,500,000","101,000,000","103,600,000","104,000,000","103,200,000","94,100,000","87,900,000","96,400,000","98,200,000","96,200,000","57,100,000","57,700,000","39,800,000","35,800,000","32,600,000","19,600,000","19,800,000","16,100,000",,,,
OperatingExpense,"1,933,723,000","484,345,000","477,341,000","497,783,000","474,254,000","455,350,000","443,455,000","430,925,000","464,957,000","467,993,000","451,471,000","469,758,000","459,597,000","433,014,000","433,189,000","440,248,000","436,293,000","410,158,000","403,203,000","423,311,000","405,569,000","385,727,000","348,252,000","404,896,000","394,007,000","372,968,000","372,670,000","359,313,000","468,169,000","335,483,000","342,729,000","352,564,000","350,620,000","361,809,000","340,987,000","380,858,000","290,224,000","273,471,000","268,883,000","280,746,000","287,450,000","269,123,000","266,159,000","280,547,000","285,508,000","256,026,000","259,750,000","285,030,000","287,625,000","294,829,000","301,388,000","292,710,000","299,573,000","-1,094,020,000","1,740,171,000","336,829,000","335,521,000","308,796,000","344,569,000","358,450,000","352,863,000","324,704,000","345,771,000","369,333,000","352,443,000","289,718,000","274,052,000","271,020,000","261,072,000","272,250,000","233,752,000","242,557,000","236,692,000","205,227,000","205,482,000","210,035,000","196,603,000","179,773,000","197,779,000","200,123,000","140,327,000","119,931,000","128,235,000","133,159,000","124,420,000","147,690,000","146,743,000","147,915,000","145,732,000","149,400,000","144,100,000","149,200,000","147,600,000","181,400,000","100,700,000","101,300,000","90,800,000","90,700,000","89,700,000","89,400,000","87,100,000","95,300,000","90,400,000","93,500,000","82,900,000","111,200,000","84,400,000","83,900,000","77,400,000","69,800,000","68,100,000","70,200,000","72,300,000","39,900,000","42,600,000","29,300,000","29,500,000","21,800,000","11,900,000","13,900,000","14,100,000",,,,
	SellingGeneralAndAdministration,"1,933,723,000","484,345,000","477,341,000","497,783,000","474,254,000","455,350,000","443,455,000","430,925,000","464,957,000","467,993,000","451,471,000","469,758,000","459,597,000","433,014,000","433,189,000","440,248,000","436,293,000","410,158,000","403,203,000","423,311,000","405,569,000","385,727,000","348,252,000","404,896,000","394,007,000","372,968,000","372,670,000","359,313,000","468,169,000","335,483,000","342,729,000","352,564,000","350,620,000","361,809,000","340,987,000","380,858,000","290,224,000","273,471,000","268,883,000","280,746,000","287,450,000","269,123,000","266,159,000","280,547,000","285,508,000","256,026,000","259,750,000","285,030,000","287,625,000","294,829,000","301,388,000","292,710,000","299,573,000","324,892,000","321,259,000","336,829,000","335,521,000","308,796,000","344,569,000","358,450,000","352,863,000","324,704,000","345,771,000","369,333,000","352,443,000","289,718,000","274,052,000","271,020,000","261,072,000","272,250,000","233,752,000","242,557,000","236,692,000","205,227,000","205,482,000","210,035,000","196,603,000","179,773,000","197,779,000","200,123,000","140,327,000","119,931,000","128,235,000","133,159,000","124,420,000","126,755,000","127,151,000","126,971,000","124,857,000","120,200,000","119,300,000","121,400,000","124,100,000","162,100,000","84,700,000","84,600,000","74,800,000","76,700,000","74,400,000","74,500,000","72,000,000","81,500,000","76,100,000","80,200,000","69,100,000","99,600,000","71,700,000","70,500,000","62,500,000","57,100,000","55,800,000","57,900,000","60,300,000","33,100,000","35,200,000","25,100,000","24,800,000","19,200,000","10,200,000","12,300,000","12,300,000",,,,
	DepreciationAmortizationDepletionIncomeStatement,,,,,,,,,,,,,,,,,,,,,,,,,,,,,,,,,,,,,,,,,,,,,,,,,,,,,,,,,,,,,,,,,,,,,,,,,,,,,,,,,,,,,,"20,935,000","19,592,000","20,944,000","20,875,000","29,200,000","24,800,000","27,800,000","23,500,000","19,300,000","16,000,000","16,700,000","16,000,000","14,000,000","15,300,000","14,900,000","15,100,000","13,800,000","14,300,000","13,300,000","13,800,000","11,600,000","12,700,000","13,400,000","14,900,000","12,700,000","12,300,000","12,300,000","12,000,000","6,800,000","7,400,000","4,200,000","4,700,000","2,600,000","1,700,000","1,600,000","1,800,000",,,,
		DepreciationAndAmortizationInIncomeStatement,,,,,,,,,,,,,,,,,,,,,,,,,,,,,,,,,,,,,,,,,,,,,,,,,,,,,,,,,,,,,,,,,,,,,,,,,,,,,,,,,,,,,,"20,935,000","19,592,000","20,944,000","20,875,000","29,200,000","24,800,000","27,800,000","23,500,000","19,300,000","16,000,000","16,700,000","16,000,000","14,000,000","15,300,000","14,900,000","15,100,000","13,800,000","14,300,000","13,300,000","13,800,000","11,600,000","12,700,000","13,400,000","14,900,000","12,700,000","12,300,000","12,300,000","12,000,000","6,800,000","7,400,000","4,200,000","4,700,000","2,600,000","1,700,000","1,600,000","1,800,000",,,,
	OtherOperatingExpenses,,,,,,,,,,,,,,,,,,,,,,,,,,,,,,,,,,,,,,,,,,,,,,,,,,,,,,,"1,418,912,000",,,,,,,,,,,,,,,,,,,,,,,,,,,,,,,,,,,,,,,,,,,,,,,,,,,,,,,,,,,,,,,,,,,,,,
OperatingIncome,"1,335,011,000","253,098,000","359,974,000","404,424,000","317,515,000","282,734,000","262,744,000","-60,958,000","151,483,000","154,814,000","240,220,000","266,860,000","165,330,000","213,376,000","287,244,000","326,307,000","268,399,000","343,466,000","380,098,000","355,825,000","274,784,000","305,272,000","378,307,000","350,692,000","245,672,000","249,242,000","288,734,000","255,816,000","43,774,000","206,120,000","213,693,000","222,248,000","130,735,000","150,988,000","175,903,000","133,198,000","86,842,000","95,860,000","103,954,000","107,718,000","71,976,000","66,294,000","91,464,000","101,700,000","56,084,000","85,640,000","85,182,000","89,726,000","53,621,000","46,865,000","68,071,000","74,678,000","-145,884,000","1,449,982,000","-1,301,100,000","146,063,000","124,318,000","180,467,000","200,814,000","198,248,000","170,577,000","229,374,000","222,740,000","223,045,000","150,567,000","165,337,000","177,816,000","160,489,000","123,630,000","172,820,000","193,058,000","150,673,000","119,039,000","174,364,000","159,404,000","130,068,000","78,193,000","162,903,000","142,878,000","139,063,000","74,268,000","97,583,000","92,408,000","83,561,000","53,605,000","75,429,000","87,069,000","88,911,000","65,706,000","74,200,000","83,900,000","80,900,000","55,600,000","87,300,000","59,500,000","57,100,000","30,100,000","42,800,000","42,100,000","40,400,000","21,900,000","31,600,000","33,200,000","37,000,000","18,100,000","-7,600,000","19,600,000","19,300,000","16,700,000","18,100,000","28,300,000","28,000,000","23,900,000","17,200,000","15,100,000","10,500,000","6,300,000","10,800,000","7,700,000","5,900,000","2,000,000","-204,300,000","75,000,000","75,000,000","75,000,000"
NetNonOperatingInterestIncomeExpense,"-57,252,000","-12,169,000","-14,948,000","-14,894,000","-15,241,000","-15,898,000","-14,854,000","-12,956,000","-8,671,000","-10,962,000","-9,316,000","-10,521,000","-10,473,000","-14,411,000","-9,025,000","-7,863,000","-7,528,000","-7,257,000","-7,259,000","-8,393,000","-8,202,000","-8,485,000","-9,410,000","-10,351,000","-12,301,000","-18,480,000","-19,319,000","-16,838,000","-16,449,000","-20,623,000","-34,786,000","-20,702,000","-22,096,000","-22,148,000","-25,630,000","-25,312,000","-19,156,000","-15,402,000","-17,969,000","-18,844,000","-22,498,000","-24,130,000","-25,132,000","-25,760,000","-26,595,000","-30,166,000","-30,046,000","-39,031,000","-33,908,000","-34,527,000","-32,318,000","-30,002,000","-30,184,000",,,,,,,,,,,,,,,,,,,,,,,,,,,,,,,,,,,,,,,,,,,,,,,,,,,,,,,,,,,,,,,,,,,,,,,,
	InterestExpenseNonOperating,"57,252,000","12,169,000","14,948,000","14,894,000","15,241,000","15,898,000","14,854,000","12,956,000","8,671,000","10,962,000","9,316,000","10,521,000","10,473,000","14,411,000","9,025,000","7,863,000","7,528,000","7,257,000","7,259,000","8,393,000","8,202,000","8,485,000","9,410,000","10,351,000","12,301,000","18,480,000","19,319,000","16,838,000","16,449,000","20,623,000","34,786,000","20,702,000","22,096,000","22,148,000","25,630,000","25,312,000","19,156,000","15,402,000","17,969,000","18,844,000","22,498,000","24,130,000","25,132,000","25,760,000","26,595,000","30,166,000","30,046,000","39,031,000","33,908,000","34,527,000","32,318,000","30,002,000","30,184,000",,,,,,,,,,,,,,,,,,,,,,,,,,,,,,,,,,,,,,,,,,,,,,,,,,,,,,,,,,,,,,,,,,,,,,,,
OtherIncomeExpense,"12,234,000","-1,140,000","-21,000","11,168,000","2,227,000","6,741,000","726,000","-1,037,000","-5,679,000","9,522,000","-52,713,000","3,048,000","3,736,000","-504,000","-706,000","-2,090,000","-3,998,000","-3,750,000","-1,285,000","-3,002,000","2,832,000","3,190,000","-3,839,000","5,807,000","-3,429,000","-11,525,000","-4,249,000","-2,928,000","1,083,000","-9,737,000","2,374,000","1,555,000","-4,890,000","-2,656,000","-1,168,000","1,097,000","-6,387,000","-1,366,000","-322,000","-440,000","1,825,000","-257,000","-13,413,000","-396,000","15,000","3,002,000","4,641,000","-544,000","4,531,000","0","1,657,000","5,568,000","-1,637,000","-142,837,000","-1,423,113,000","-1,650,000","-2,779,000","3,000","799,000","2,783,000","4,895,000","2,262,000","8,779,000","2,634,000","-2,727,000","-934,000","400,000","-922,000","-2,004,000","71,000","-2,467,000","-991,000","-1,422,000","728,000","-1,333,000","-1,059,000","480,000","-6,620,000","-888,000","154,000","843,000","-1,860,000","-1,051,000","-1,574,000","-1,469,000","-1,608,000","-7,846,000","-1,215,000","-773,000","800,000","-1,100,000","-200,000","-1,500,000","-20,600,000","-900,000","-800,000","-100,000","-5,900,000","-900,000","-900,000","-300,000","-2,800,000","-800,000","-1,100,000","-700,000","-1,000,000","-200,000","-700,000","-600,000","-3,000,000",,"-600,000","-11,100,000","-200,000","1,900,000","1,900,000","100,000","300,000",,,"-200,000",,,,
	GainOnSaleOfSecurity,"-6,298,000","-3,184,000","-3,135,000","-1,165,000","1,730,000","3,545,000","-3,145,000","2,369,000","-7,608,000","6,987,000","1,181,000","-2,088,000","1,110,000","-2,435,000","-2,456,000","-3,317,000","-1,405,000","-2,142,000","-3,568,000","-5,008,000","2,323,000","3,072,000","-794,000","1,665,000","-5,042,000","-603,000","-5,612,000","-3,537,000","457,000","-2,176,000","163,000","1,033,000","-5,889,000","-3,438,000","-3,061,000","767,000","-3,799,000","-1,322,000","219,000","1,052,000",,,,,,,,,,,,,,,,,,,,,,,,,,,,,,,,,,,,,,,,,,,,,,,,,,,,,,,,,,,,,,,,,,,,,,,,,,,,,,,,,,,,,
	SpecialIncomeCharges,"0","0","0",,,"0","0","-3,599,000",,"4,911,000","-64,513,000","0","0","-2,857,000","0",,"-1,749,000","-4,459,000","0",,,"-3,003,000","-2,368,000",,,,,,,,,,,,,,,"5,858,000","-541,000","-1,492,000","1,825,000","-257,000","-13,413,000","-396,000","15,000","3,002,000","4,641,000","-544,000","4,531,000","0","1,657,000","5,568,000","-1,637,000","-142,837,000","-1,423,113,000","-1,650,000","-2,779,000","3,000","799,000","2,783,000","4,895,000","2,262,000","8,779,000","2,634,000","-2,727,000","-934,000","400,000","-922,000","-2,004,000","71,000","-2,467,000","-991,000","-1,422,000","728,000","-1,333,000","-1,059,000","480,000","-6,620,000","-888,000","154,000","843,000","-1,860,000","-1,051,000","-1,574,000","-1,469,000","-1,608,000","-7,846,000","-1,215,000","-773,000","800,000","-1,100,000","-200,000","-1,500,000","-20,600,000","-900,000","-800,000","-100,000","-5,900,000","-900,000","-900,000","-300,000","-2,800,000","-800,000","-1,100,000","-700,000","-1,000,000","-200,000","-700,000","-600,000","-3,000,000",,"-600,000","-11,100,000","-200,000","1,900,000","1,900,000","100,000","300,000",,,"-200,000",,,,
		ImpairmentOfCapitalAssets,,,,,,,,,,,,,,,,,,,,,,,,,,,,,,,,,,,,,,,,,,,,,,,,,,"0","0",,,,,,,,,,,,,,,,,,,,,,,,,,,,,,,,,,,,,,,,,,,,,,,,,,,,,,,,,,,,,,,,,,,,,,,,,,
		WriteOff,"0","0","0",,,"0","0","3,599,000",,"-5,266,000","65,172,000",,,,,,,,,,,,,,,,,,,,,,,,,,,,,,,,,,,,,,,,,,,,,,,,,,,,,,,,,,,,,,,,,,,,,,,,,,,,,,,,,,,,,,,,,,,,,,,,,,,,,,,,,,,,,,,,,,
		OtherSpecialCharges,,,,,,,,,,"355,000","-659,000",,,"2,857,000",,,"1,749,000",,,,,"3,003,000","2,368,000",,,,,,,,,,,,,,,,,,,,,,,,,,,"0","-1,657,000",,,,,,,,,,,,,,,,,,,,,,,,,,,,,,,,,,,,,,,,,,,,,,,,,,,,,,,,,,,,,,,,,,,,,,,,,,
	OtherNonOperatingIncomeExpenses,"18,532,000","2,044,000","3,114,000","12,333,000","497,000","3,196,000","3,871,000","193,000","1,929,000","-2,376,000","10,619,000","5,136,000","2,626,000","4,788,000","1,750,000","1,227,000","-844,000","2,851,000","2,283,000","2,006,000","509,000","3,121,000","-677,000","4,142,000","1,613,000","258,000","1,363,000","609,000","626,000","-7,561,000","2,211,000","522,000","999,000","782,000","1,893,000","330,000","-2,588,000","-1,366,000",,,,,,,,,,,,,,,,,,,,,,,,,,,,,,,,,,,,,,,,,,,,,,,,,,,,,,,,,,,,,,,,,,,,,,,,,,,,,,,,,,,,,,,
PretaxIncome,"1,289,993,000","239,789,000","345,005,000","400,698,000","304,501,000","273,577,000","248,616,000","-74,951,000","137,133,000","153,374,000","178,191,000","259,387,000","158,593,000","198,461,000","277,513,000","316,354,000","256,873,000","332,459,000","371,554,000","344,430,000","269,414,000","299,977,000","365,058,000","346,148,000","229,942,000","219,237,000","265,166,000","236,050,000","28,408,000","175,760,000","181,281,000","203,101,000","103,749,000","126,184,000","149,105,000","108,983,000","61,299,000","79,092,000","85,663,000","88,434,000","51,303,000","41,907,000","52,919,000","75,544,000","29,504,000","58,476,000","59,777,000","50,151,000","24,244,000","12,338,000","37,410,000","50,244,000","-177,705,000","-141,768,000","-1,335,841,000","111,671,000","87,772,000","144,236,000","164,095,000","161,893,000","133,893,000","189,052,000","186,864,000","179,556,000","107,505,000","132,778,000","167,441,000","147,052,000","109,750,000","160,583,000","176,673,000","136,470,000","103,663,000","160,864,000","143,909,000","118,086,000","65,575,000","129,688,000","125,564,000","119,790,000","68,587,000","89,989,000","84,488,000","73,755,000","43,184,000","64,364,000","69,050,000","78,022,000","56,193,000","66,400,000","74,500,000","72,900,000","46,300,000","53,800,000","53,700,000","50,600,000","24,300,000","31,900,000","34,500,000","31,900,000","14,100,000","22,500,000","24,500,000","27,100,000","8,800,000","-16,700,000","10,800,000","9,100,000","7,000,000","10,900,000","20,500,000","20,800,000","6,100,000","12,500,000","13,300,000","10,000,000","3,500,000","9,100,000","7,100,000","5,200,000",,,,,
TaxProvision,"256,445,000","50,689,000","73,821,000","64,245,000","67,690,000","25,180,000","43,163,000","-26,363,000","26,668,000","-111,299,000","22,522,000","56,733,000","37,018,000","-31,582,000","49,487,000","118,809,000","47,632,000","91,593,000","100,532,000","82,682,000","68,358,000","65,469,000","94,231,000","90,034,000","57,825,000","27,232,000","49,463,000","49,276,000","5,904,000","28,680,000","30,021,000","50,240,000","22,696,000","15,420,000","28,993,000","23,240,000","10,732,000","12,703,000","15,359,000","15,246,000","10,291,000","-1,990,000","5,223,000","13,450,000","4,966,000","11,040,000","7,513,000","-18,814,000","2,974,000","-8,950,000","2,015,000","3,037,000","-72,796,000","-14,153,000","148,940,000","22,893,000","22,382,000","-234,878,000","42,041,000","46,625,000","43,515,000","59,561,000","59,156,000","60,043,000","36,385,000","47,066,000","58,789,000","53,241,000","39,730,000","58,113,000","63,986,000","49,312,000","37,356,000","58,722,000","52,527,000","43,101,000","23,935,000","45,487,000","44,004,000","44,272,000","25,377,000","30,796,000","28,761,000","27,289,000","15,978,000","25,102,000","26,913,000","30,819,000","22,196,000","26,300,000","29,400,000","28,800,000","18,400,000","24,000,000","21,200,000","20,000,000","9,600,000","12,600,000","13,600,000","12,600,000","5,600,000","9,900,000","9,700,000","10,700,000","3,500,000","-6,500,000","4,200,000","3,500,000","2,700,000","3,300,000","7,100,000","8,300,000","6,500,000","5,100,000","6,100,000","4,000,000","1,400,000","3,500,000","2,800,000","2,100,000",,,,,
NetIncomeCommonStockholders,"1,033,159,000","189,089,000","270,978,000","336,285,000","236,807,000","248,221,000","205,117,000","-48,257,000","110,514,000","264,667,000","155,518,000","202,441,000","121,585,000","230,314,000","226,343,000","196,586,000","208,461,000","240,378,000","269,979,000","260,681,000","200,554,000","233,678,000","269,825,000","255,188,000","171,548,000","191,556,000","214,874,000","186,332,000","22,346,000","146,868,000","151,266,000","152,750,000","81,081,000","94,651,000","119,068,000","84,572,000","50,495,000","66,389,000","70,304,000","73,188,000","40,377,000","42,931,000","46,646,000","60,903,000","23,442,000","45,758,000","51,094,000","68,081,000","20,538,000","19,779,000","34,348,000","46,261,000","-105,887,000","-127,615,000","-1,484,781,000","88,778,000","65,390,000","379,114,000","122,054,000","115,268,000","90,378,000","129,491,000","127,708,000","119,513,000","71,120,000","85,712,000","108,652,000","93,811,000","70,020,000","102,470,000","112,687,000","87,158,000","66,307,000","102,142,000","91,382,000","74,985,000","41,640,000","84,201,000","81,560,000","75,518,000","43,210,000","59,193,000","55,727,000","46,466,000","27,206,000","39,262,000","42,137,000","47,203,000","33,997,000","40,100,000","45,100,000","44,100,000","27,900,000","29,800,000","32,500,000","30,600,000","14,700,000","19,300,000","20,900,000","19,300,000","8,500,000","12,600,000","14,800,000","16,400,000","5,300,000","-10,200,000","6,600,000","5,600,000","4,300,000","7,600,000","13,400,000","12,500,000","-400,000","7,400,000","7,200,000","6,000,000","2,100,000","5,500,000","4,300,000","-400,000","-100,000","1,100,000","1,600,000","1,600,000","1,600,000"
	NetIncome,"1,033,159,000","189,089,000","270,978,000","336,285,000","236,807,000","248,221,000","205,117,000","-48,257,000","110,514,000","264,667,000","155,518,000","202,441,000","121,585,000","230,314,000","226,343,000","196,586,000","208,461,000","240,378,000","269,979,000","260,681,000","200,554,000","233,678,000","269,825,000","255,188,000","171,548,000","191,556,000","214,874,000","186,332,000","22,346,000","146,868,000","151,266,000","152,750,000","81,081,000","94,651,000","119,068,000","84,572,000","50,495,000","66,389,000","70,304,000","73,188,000","40,377,000","42,931,000","46,646,000","60,903,000","23,442,000","45,758,000","51,094,000","68,081,000","20,538,000","19,779,000","34,348,000","46,261,000","-105,887,000","-127,615,000","-1,484,781,000","88,778,000","65,390,000","379,114,000","122,054,000","115,268,000","90,378,000","129,491,000","127,708,000","119,513,000","71,120,000","85,712,000","108,652,000","93,811,000","70,020,000","102,470,000","112,687,000","87,158,000","66,307,000","102,142,000","91,382,000","74,985,000","41,640,000","84,201,000","81,560,000","75,518,000","43,210,000","59,193,000","55,727,000","46,466,000","27,206,000","39,262,000","42,137,000","47,203,000","33,997,000","40,100,000","45,100,000","44,100,000","27,900,000","29,800,000","32,500,000","30,600,000","14,700,000","19,300,000","20,900,000","19,300,000","8,500,000","12,600,000","14,800,000","16,400,000","5,300,000","-10,200,000","6,600,000","5,600,000","4,300,000","7,600,000","13,400,000","12,500,000","-400,000","7,400,000","7,200,000","6,000,000","2,100,000","5,500,000","4,300,000","-400,000","0","1,600,000","1,600,000","1,600,000","1,600,000"
		NetIncomeIncludingNoncontrollingInterests,"1,033,548,000","189,100,000","271,184,000","336,453,000","236,811,000","248,397,000","205,453,000","-48,588,000","110,465,000","264,673,000","155,669,000","202,654,000","121,575,000","230,043,000","228,026,000","197,545,000","209,241,000","240,866,000","271,022,000","261,748,000","201,056,000","234,508,000","270,827,000","256,114,000","172,117,000","192,005,000","215,703,000","186,774,000","22,504,000","147,080,000","151,260,000","152,861,000","81,053,000","94,783,000","119,559,000","84,382,000","50,567,000","66,389,000","70,304,000","73,188,000","41,012,000","43,897,000","47,696,000","62,094,000","24,538,000","47,436,000","52,264,000","68,965,000","21,270,000","21,288,000","35,395,000","47,207,000","-104,909,000","-127,615,000","-1,484,781,000","88,778,000","65,390,000","379,114,000","122,054,000","115,268,000","90,378,000","129,491,000","127,708,000","119,513,000","71,120,000","85,712,000","108,652,000","93,811,000","70,020,000","102,470,000","112,687,000","87,158,000","66,307,000","102,142,000","91,382,000","74,985,000","41,640,000","84,201,000","81,560,000","75,518,000","43,210,000","59,193,000","55,727,000","46,466,000","27,206,000","39,262,000","42,137,000","47,203,000","33,997,000","40,100,000","45,100,000","44,100,000","27,900,000","29,800,000","32,500,000","30,600,000","14,700,000","19,300,000","20,900,000","19,300,000","8,500,000","12,600,000","14,800,000","16,400,000","5,300,000","-10,200,000","6,600,000","5,600,000","4,300,000","7,600,000","13,400,000","12,500,000","-400,000","7,400,000","7,200,000","6,000,000","2,100,000","5,500,000","4,300,000","-400,000","0","1,600,000","1,600,000","1,600,000","1,600,000"
			NetIncomeContinuousOperations,"1,033,548,000","189,100,000","271,184,000","336,453,000","236,811,000","248,397,000","205,453,000","-48,588,000","110,465,000","264,673,000","155,669,000","202,654,000","121,575,000","230,043,000","228,026,000","197,545,000","209,241,000","240,866,000","271,022,000","261,748,000","201,056,000","234,508,000","270,827,000","256,114,000","172,117,000","192,005,000","215,703,000","186,774,000","22,504,000","147,080,000","151,260,000","152,861,000","81,053,000","110,764,000","120,112,000","85,743,000","50,567,000","66,389,000","70,304,000","73,188,000","41,012,000","43,897,000","47,696,000","62,094,000","24,538,000","47,436,000","52,264,000","68,965,000","21,270,000","21,288,000","35,395,000","47,207,000","-104,909,000","-127,615,000","-1,484,781,000","88,778,000","65,390,000","379,114,000","122,054,000","115,268,000","90,378,000","129,491,000","127,708,000","119,513,000","71,120,000","85,712,000","108,652,000","93,811,000","70,020,000","102,470,000","112,687,000","87,158,000","66,307,000","102,142,000","91,382,000","74,985,000","41,640,000","84,201,000","81,560,000","75,518,000","43,210,000","59,193,000","55,727,000","46,466,000","27,206,000","39,262,000","42,137,000","47,203,000","33,997,000","40,100,000","45,100,000","44,100,000","27,900,000","29,800,000","32,500,000","30,600,000","14,700,000","19,300,000","20,900,000","19,300,000","8,500,000","12,600,000","14,800,000","16,400,000","5,300,000","-10,200,000","6,600,000","5,600,000","4,300,000","7,600,000","13,400,000","12,500,000","-400,000","7,400,000","7,200,000","6,000,000","2,100,000","5,600,000","4,300,000","3,100,000","0","1,600,000","1,600,000","1,600,000","1,600,000"
			NetIncomeDiscontinuousOperations,,,,,,,,,,,,,,,,,,,,,,,,,,,,,,"0","0","0",,"-15,981,000","-553,000","-1,361,000",,,,,,,,,,,,,,,,,,,,,,,,,,,,,,,,,,,,,,,,,,,,,,,,,,,,,,,,,,,,,,,,,,,,,,,,,,,,,,,,,,,,,,,,,
			NetIncomeFromTaxLossCarryforward,,,,,,,,,,,,,,,,,,,,,,,,,,,,,,,,,,,,,,,,,,,,,,,,,,,,,,,,,,,,,,,,,,,,,,,,,,,,,,,,,,,,,,,,,,,,,,,,,,,,,,,,,,,,,,,,,,,,,,"-100,000",,"-3,500,000",,,,,
		MinorityInterests,"-389,000","-11,000","-206,000","-168,000","-4,000","-176,000","-336,000","331,000","49,000","-6,000","-151,000","-213,000","10,000","271,000","-1,683,000","-959,000","-780,000","-488,000","-1,043,000","-1,067,000","-502,000","-830,000","-1,002,000","-926,000","-569,000","-449,000","-829,000","-442,000","-158,000","-212,000","6,000","-111,000","28,000","-132,000","-491,000","190,000","-72,000","0","0","0","-635,000","-966,000","-1,050,000","-1,191,000","-1,096,000","-1,678,000","-1,170,000","-884,000","-732,000","-1,509,000","-1,047,000","-946,000","-978,000",,,,,,,,,,,,,,,,,,,,,,,,,,,,,,,,,,,,,,,,,,,,,,,,,,,,,,,,,,,,,,,,,,,,,,,,
	PreferredStockDividends,,,,,,,,,,,,,,,,,,,,,,,,,,,,,,,,,,,,,,,,,,,,,,,,,,,,,,,,,,,,,,,,,,,,,,,,,,,,,,,,,,,,,,,,,,,,,,,,,,,,,,,,,,,,,,,,,,,,,,"0",,,"100,000",,,,
	OtherunderPreferredStockDividend,,,,,,,,,,,,,,,"670,000",,"305,000","0","46,000",,,"70,000","53,000",,,"3,000","31,000","160,000",,,,,,,,,,,,,,,,,,,,,,,,,,,,,,,,,,,,,,,,,,,,,,,,,,,,,,,,,,,,,,,,,,,,,,,,,,,,,,,,,,,,,,,,,,,,,,,,,
DilutedNIAvailtoComStockholders,"1,033,159,000","189,089,000","270,978,000","336,285,000","236,807,000","248,221,000","205,117,000","-48,257,000","110,514,000","264,667,000","155,518,000","202,441,000","121,585,000","230,314,000","226,343,000","196,586,000","208,461,000","240,378,000","269,979,000","260,681,000","200,554,000","233,678,000","269,825,000","255,188,000","171,548,000","191,556,000","214,874,000","186,332,000","22,346,000","146,868,000","151,266,000","152,750,000","81,081,000","94,651,000","119,068,000","84,572,000","50,495,000","66,389,000","70,304,000","73,188,000","40,377,000","42,931,000","46,646,000","60,903,000","23,442,000","45,758,000","51,094,000","68,081,000","20,538,000","19,779,000","34,348,000","46,261,000","-105,887,000","-127,615,000","-1,484,781,000","88,778,000","65,390,000","379,114,000","122,054,000","115,268,000","90,378,000","129,491,000","127,708,000","119,513,000","71,120,000","85,712,000","108,652,000","93,811,000","70,020,000","102,470,000","112,687,000","87,158,000","66,307,000","102,142,000","91,382,000","74,985,000","41,640,000","84,201,000","81,560,000","75,518,000","43,210,000","59,193,000","55,727,000","46,466,000","27,206,000","39,262,000","42,137,000","47,203,000","33,997,000","40,100,000","45,100,000","44,100,000","27,900,000","29,800,000","32,500,000","30,600,000","14,700,000","19,300,000","20,900,000","19,300,000","8,500,000","12,600,000","14,800,000","16,400,000","5,300,000","-10,200,000","6,600,000","5,600,000","4,300,000","7,600,000","13,400,000","12,500,000","-400,000","7,400,000","7,200,000","6,000,000","2,100,000","5,500,000","4,300,000","-400,000","-100,000","1,100,000","1,600,000","1,600,000","1,600,000"
BasicEPS,,"2.81","3.95","4.84","3.37","3.5","2.88","-0.68","1.54","3.69","2.16","2.8","1.68","3.07","3.03","2.64","2.8","3.23","3.63","3.51","2.7","3.15","3.64","3.44","2.32","2.59","2.91","2.54","0.31","2.01","2.08","2.1","1.11","1.3","1.64","1.17","0.73","0.96","1.02","1.06","0.59",,"0.68","0.89","0.34",,"0.74","0.99","0.3",,"0.5","0.68","-1.55",,"-21.7","1.3","0.96",,"1.79","1.69","1.33",,"1.89","1.77","1.05",,"1.62","1.4","1.05",,"1.69","1.31","1",,"1.38","1.14","0.63",,"1.22","1.12","0.8",,"1.06","0.89","0.52",,"0.79","0.88","0.61",,"0.74","0.73","0.46",,"0.62","0.59","0.28",,"0.4","0.37","0.17",,"0.29","0.32","0.11",,"0.13","0.11","0.09",,"0.27","0.25","-0.01",,"0.24","0.21","0.07",,"0.18","-0.02","-0.01",,"0.09","0.09","0.09"
DilutedEPS,,"2.8","3.93","4.82","3.36","3.49","2.87","-0.68","1.54","3.68","2.15","2.79","1.67","3.05","3.02","2.62","2.78","3.21","3.61","3.48","2.68","3.13","3.62","3.42","2.3","2.57","2.89","2.53","0.3","2","2.06","2.08","1.11","1.29","1.63","1.16","0.72","0.95","1.01","1.06","0.58",,"0.68","0.88","0.34",,"0.74","0.99","0.3",,"0.5","0.67","-1.55",,"-21.7","1.29","0.95",,"1.78","1.68","1.32",,"1.88","1.76","1.04",,"1.61","1.39","1.03",,"1.67","1.29","0.98",,"1.36","1.12","0.62",,"1.21","1.1","0.8",,"1.05","0.88","0.51",,"0.79","0.87","0.61",,"0.74","0.72","0.46",,"0.61","0.58","0.28",,"0.4","0.37","0.16",,"0.28","0.32","0.1",,"0.13","0.11","0.09",,"0.27","0.25","-0.01",,"0.24","0.21","0.07",,"0.18","-0.02","-0.01",,"0.09","0.09","0.09"
BasicAverageShares,,"67,209,000","68,541,000","69,432,000","70,179,000","70,951,000","71,197,000","71,186,000","71,547,000","71,640,000","72,106,000","72,402,000","72,342,000","73,856,000","74,603,000","74,597,000","74,453,000","74,414,000","74,338,000","74,327,000","74,212,000","74,164,000","74,154,000","74,123,000","73,976,000","73,924,000","73,915,000","73,264,000","72,988,000","72,905,000","72,864,000","72,832,000","72,742,000","72,654,000","72,575,000","72,406,000","69,375,000","69,095,000","69,010,000","68,984,000","68,862,000",,"68,759,000","68,744,000","68,674,000",,"68,593,000","68,585,000","68,523,000",,"68,456,000","68,449,000","68,433,000",,"68,411,000","68,403,000","68,375,000",,"68,281,000","68,167,000","67,906,000",,"67,704,000","67,693,000","67,564,000",,"66,865,000","66,811,000","66,804,000",,"66,669,000","66,742,000","66,629,000",,"66,260,000","65,886,000","66,355,000",,"66,824,000","67,485,000","54,256,000",,"52,412,000","52,266,000","52,361,000",,"53,097,000","53,836,000","55,611,000",,"60,945,946","60,410,959","60,652,174",,"52,419,355","51,864,407","52,500,000",,"52,250,000","52,162,162","50,000,000",,"51,034,483","51,250,000","48,181,818",,"50,769,231","50,909,091","47,777,778",,"49,629,630","50,000,000","40,000,000",,"30,000,000","28,571,429","30,000,000",,"23,888,889","20,000,000","20,045,000",,"17,777,778","17,777,778","17,777,778"
DilutedAverageShares,,"67,535,000","68,864,000","69,745,000","70,474,000","71,209,000","71,378,000","71,186,000","71,777,000","71,954,000","72,392,000","72,680,000","72,646,000","74,183,000","74,945,000","74,937,000","74,929,000","74,915,000","74,841,000","74,801,000","74,754,000","74,638,000","74,613,000","74,574,000","74,490,000","74,475,000","74,438,000","73,756,000","73,530,000","73,452,000","73,376,000","73,297,000","73,282,000","73,214,000","73,087,000","72,867,000","69,897,000","69,536,000","69,337,000","69,259,000","69,141,000",,"68,954,000","68,981,000","68,904,000",,"68,773,000","68,789,000","68,730,000",,"68,653,000","68,613,000","68,433,000",,"68,411,000","68,617,000","68,579,000",,"68,597,000","68,533,000","68,255,000",,"68,021,000","68,067,000","68,079,000",,"67,519,000","67,504,000","67,692,000",,"67,468,000","67,564,000","67,599,000",,"67,222,000","66,709,000","67,119,000",,"67,683,000","68,618,000","55,956,000",,"53,211,000","52,882,000","52,970,000",,"53,634,000","54,336,000","55,611,000",,"60,945,946","61,250,000","60,652,174",,"53,278,689","52,758,621","52,500,000",,"52,250,000","52,162,162","53,125,000",,"52,857,143","51,250,000","53,000,000",,"50,769,231","50,909,091","47,777,778",,"49,629,630","50,000,000","40,000,000",,"30,000,000","28,571,429","30,000,000",,"23,888,889","20,000,000","20,045,000",,"17,777,778","17,777,778","17,777,778"
TotalOperatingIncomeAsReported,"1,335,011,000","253,098,000","359,974,000","404,424,000","317,515,000","282,734,000","262,744,000","-60,958,000","151,483,000","154,814,000","240,220,000","266,860,000","165,330,000","213,376,000","287,244,000","326,307,000","268,399,000","343,466,000","380,098,000","355,825,000","274,784,000","305,272,000","378,307,000","350,692,000","245,672,000","249,242,000","288,734,000","255,816,000","43,774,000","206,120,000","213,693,000","222,248,000","130,735,000","150,988,000","175,903,000","133,198,000","86,842,000","95,860,000","103,954,000","107,718,000","71,976,000","66,294,000","91,464,000","101,700,000","56,084,000","85,640,000","85,182,000","89,726,000","53,621,000","46,865,000","68,071,000","74,678,000","-145,884,000","-93,415,000","-1,301,100,000","146,063,000","124,318,000","180,467,000","200,814,000","198,248,000","170,577,000","229,374,000","222,740,000","223,045,000","150,567,000","165,337,000","177,816,000","160,489,000","123,630,000","172,820,000","193,058,000","150,673,000","119,039,000","174,364,000","159,404,000","130,068,000","78,193,000","162,903,000","142,878,000","139,063,000","74,268,000","97,583,000","92,408,000","83,561,000","53,605,000","75,429,000","87,069,000","88,911,000","65,706,000","74,200,000","83,900,000","80,900,000","55,600,000","87,300,000","59,500,000","57,100,000","30,100,000","42,800,000","42,100,000","40,400,000","21,900,000","31,600,000","33,200,000","37,000,000","18,100,000","-7,600,000","19,600,000","19,300,000","16,700,000","18,100,000","28,300,000","28,000,000","23,900,000","17,200,000","15,100,000","10,500,000","6,300,000","10,800,000","7,700,000","5,900,000","2,000,000",,,,
TotalExpenses,"9,865,602,000","2,507,639,000","2,457,043,000","2,549,409,000","2,351,511,000","2,359,030,000","2,312,126,000","2,110,758,000","2,134,280,000","2,269,698,000","2,278,965,000","2,317,625,000","2,277,160,000","2,235,242,000","2,258,556,000","2,250,707,000","2,143,803,000","2,025,631,000","2,068,412,000","2,097,213,000","1,945,861,000","1,877,294,000","1,915,832,000","1,959,644,000","1,926,374,000","1,748,755,000","1,861,922,000","1,785,917,000","1,837,403,000","1,745,326,000","1,776,965,000","1,825,999,000","1,682,360,000","1,773,116,000","1,785,633,000","1,843,101,000","1,399,973,000","1,339,799,000","1,369,539,000","1,362,075,000","1,337,059,000","1,312,003,000","1,351,048,000","1,376,154,000","1,287,511,000","1,176,558,000","1,224,370,000","1,310,360,000","1,293,615,000","1,300,243,000","1,314,494,000","1,331,334,000","1,354,223,000","35,190,000","3,064,134,000","1,693,982,000","1,613,779,000","1,626,801,000","1,736,863,000","1,778,962,000","1,693,286,000","1,669,220,000","1,801,279,000","1,835,078,000","1,774,539,000","1,639,214,000","1,519,818,000","1,464,203,000","1,369,592,000","1,298,225,000","1,338,092,000","1,336,243,000","1,272,222,000","1,195,627,000","1,143,762,000","1,117,113,000","1,006,522,000","1,040,573,000","1,081,525,000","1,088,684,000","792,442,000","906,665,000","777,258,000","744,787,000","690,078,000","724,012,000","751,445,000","763,897,000","699,377,000","701,400,000","726,000,000","709,900,000","653,600,000","969,400,000","516,800,000","489,300,000","429,700,000","473,400,000","458,700,000","438,800,000","390,900,000","434,100,000","438,000,000","437,600,000","365,600,000","422,700,000","405,700,000","410,500,000","363,100,000","344,000,000","349,300,000","342,500,000","303,200,000","202,500,000","201,800,000","146,400,000","134,200,000","121,900,000","70,100,000","72,100,000","62,000,000",,,,
NetIncomeFromContinuingAndDiscontinuedOperation,"1,033,159,000","189,089,000","270,978,000","336,285,000","236,807,000","248,221,000","205,117,000","-48,257,000","110,514,000","264,667,000","155,518,000","202,441,000","121,585,000","230,314,000","226,343,000","196,586,000","208,461,000","240,378,000","269,979,000","260,681,000","200,554,000","233,678,000","269,825,000","255,188,000","171,548,000","191,556,000","214,874,000","186,332,000","22,346,000","146,868,000","151,266,000","152,750,000","81,081,000","94,651,000","119,068,000","84,572,000","50,495,000","66,389,000","70,304,000","73,188,000","40,377,000","42,931,000","46,646,000","60,903,000","23,442,000","45,758,000","51,094,000","68,081,000","20,538,000","19,779,000","34,348,000","46,261,000","-105,887,000","-127,615,000","-1,484,781,000","88,778,000","65,390,000","379,114,000","122,054,000","115,268,000","90,378,000","129,491,000","127,708,000","119,513,000","71,120,000","85,712,000","108,652,000","93,811,000","70,020,000","102,470,000","112,687,000","87,158,000","66,307,000","102,142,000","91,382,000","74,985,000","41,640,000","84,201,000","81,560,000","75,518,000","43,210,000","59,193,000","55,727,000","46,466,000","27,206,000","39,262,000","42,137,000","47,203,000","33,997,000","40,100,000","45,100,000","44,100,000","27,900,000","29,800,000","32,500,000","30,600,000","14,700,000","19,300,000","20,900,000","19,300,000","8,500,000","12,600,000","14,800,000","16,400,000","5,300,000","-10,200,000","6,600,000","5,600,000","4,300,000","7,600,000","13,400,000","12,500,000","-400,000","7,400,000","7,200,000","6,000,000","2,100,000","5,600,000","4,300,000","3,100,000","0","1,600,000","1,600,000","1,600,000","1,600,000"
NormalizedIncome,"1,038,203,698","191,599,934.196","273,442,110","337,263,600","235,461,060","245,002,281.449","207,714,770","-47,459,960","116,646,048","255,981,460","210,870,168","204,071,728","120,733,630","234,177,160","228,361,832","198,655,808","211,031,510","245,160,413.669","272,580,072","264,487,080","198,821,042","233,624,059.025","272,171,204","253,955,900","175,324,458","201,875,402.815","219,436,556","189,129,767","21,984,056","148,688,926.718","151,130,058","151,972,151","85,680,309","113,649,867.812","122,088,166","85,329,371","53,629,175","62,581,528.903","70,568,266.813","73,552,144.107","38,918,081.418","43,098,050","58,735,163.59","61,228,495.393","23,429,524.742","43,322,763.801","47,036,298.476","68,434,600","16,562,815.624","19,779,000","32,780,250.334","41,029,557.917","-104,822,950","962,279.464","-559,757,550","90,089,743.425","67,460,350.567","379,112,050","121,459,703.123","113,286,500.837","87,073,866.774","127,941,645.103","121,708,189.806","117,759,801.878","72,924,048.556","86,314,923.737","108,392,441.111","94,399,184.737","71,298,542.87","102,424,694.021","114,260,521.868","87,790,912.567","67,216,568.062","101,679,750.05","92,228,453.008","75,657,468.498","41,335,200.915","88,499,089.415","82,136,799.72","75,420,915.335","42,678,907.665","60,416,471.535","56,420,223.618","47,457,627.469","28,131,472.721","40,242,879.001","46,924,934.859","47,938,070.173","34,464,668.233","39,616,867.47","45,765,906.04","44,220,987.654","28,803,887.689","42,160,000","33,044,692.737","31,083,794.466","14,760,493.827","22,869,592.476","21,445,217.391","19,844,514.107","8,680,851.064","14,280,000","15,283,265.306","17,065,682.657","5,721,590.909","-9,589,221.557","6,722,222.222","6,030,769.231","4,668,571.429","9,691,743.119","13,400,000","12,860,576.923","6,260,000","7,520,000","6,060,000","4,860,000","2,040,000","5,415,384.615","4,300,000","3,100,000","120,000","1,600,000","1,600,000","1,600,000","1,600,000"
InterestExpense,"57,252,000","12,169,000","14,948,000","14,894,000","15,241,000","15,898,000","14,854,000","12,956,000","8,671,000","10,962,000","9,316,000","10,521,000","10,473,000","14,411,000","9,025,000","7,863,000","7,528,000","7,257,000","7,259,000","8,393,000","8,202,000","8,485,000","9,410,000","10,351,000","12,301,000","18,480,000","19,319,000","16,838,000","16,449,000","20,623,000","34,786,000","20,702,000","22,096,000","22,148,000","25,630,000","25,312,000","19,156,000","15,402,000","17,969,000","18,844,000","22,498,000","24,130,000","25,132,000","25,760,000","26,595,000","30,166,000","30,046,000","39,031,000","33,908,000","34,527,000","32,318,000","30,002,000","30,184,000",,,,,,,,,,,,,,,,,,,,,,,,,,,,,,,,,,,,,,,,,,,,,,,,,,,,,,,,,,,,,,,,,,,,,,,,
NetInterestIncome,"-57,252,000","-12,169,000","-14,948,000","-14,894,000","-15,241,000","-15,898,000","-14,854,000","-12,956,000","-8,671,000","-10,962,000","-9,316,000","-10,521,000","-10,473,000","-14,411,000","-9,025,000","-7,863,000","-7,528,000","-7,257,000","-7,259,000","-8,393,000","-8,202,000","-8,485,000","-9,410,000","-10,351,000","-12,301,000","-18,480,000","-19,319,000","-16,838,000","-16,449,000","-20,623,000","-34,786,000","-20,702,000","-22,096,000","-22,148,000","-25,630,000","-25,312,000","-19,156,000","-15,402,000","-17,969,000","-18,844,000","-22,498,000","-24,130,000","-25,132,000","-25,760,000","-26,595,000","-30,166,000","-30,046,000","-39,031,000","-33,908,000","-34,527,000","-32,318,000","-30,002,000","-30,184,000",,,,,,,,,,,,,,,,,,,,,,,,,,,,,,,,,,,,,,,,,,,,,,,,,,,,,,,,,,,,,,,,,,,,,,,,
EBIT,"1,347,245,000","251,958,000","359,953,000","415,592,000","319,742,000","289,475,000","263,470,000","-61,995,000","145,804,000","164,336,000","187,507,000","269,908,000","169,066,000","212,872,000","286,538,000","324,217,000","264,401,000","339,716,000","378,813,000","352,823,000","277,616,000","308,462,000","374,468,000","356,499,000","242,243,000","237,717,000","284,485,000","252,888,000","44,857,000","196,383,000","216,067,000","223,803,000","125,845,000","148,332,000","174,735,000","134,295,000","80,455,000","94,494,000","103,632,000","107,278,000","73,801,000","66,037,000","78,051,000","101,304,000","56,099,000","88,642,000","89,823,000","89,182,000","58,152,000","46,865,000","69,728,000","80,246,000","-147,521,000","-120,397,000","-1,301,100,000","146,063,000","124,318,000","180,467,000","200,814,000","198,248,000","170,577,000","229,374,000","222,740,000","223,045,000","150,567,000","165,337,000","177,816,000","160,489,000","123,630,000","172,820,000","193,058,000","150,673,000","119,039,000","174,364,000","159,404,000","130,068,000","78,193,000","162,903,000","142,878,000","139,063,000","74,268,000","97,583,000","92,408,000","83,561,000","53,605,000","75,429,000","87,069,000","88,911,000","65,706,000","74,200,000","83,900,000","80,900,000","55,600,000","87,300,000","59,500,000","57,100,000","30,100,000","42,800,000","42,100,000","40,400,000","21,900,000","31,600,000","33,200,000","37,000,000","18,100,000","-7,600,000","19,600,000","19,300,000","16,700,000","18,100,000","28,300,000","28,000,000","23,900,000","17,200,000","15,100,000","10,500,000","6,300,000","10,800,000","7,700,000","5,900,000","2,000,000","-204,300,000","75,000,000","75,000,000","75,000,000"
EBITDA,"1,938,956,000"
ReconciledCostOfRevenue,"7,931,879,000","2,023,294,000","1,979,702,000","2,051,626,000","1,877,257,000","1,903,680,000","1,868,671,000","1,679,833,000","1,669,323,000","1,801,705,000","1,827,494,000","1,847,867,000","1,817,563,000","1,802,228,000","1,825,367,000","1,810,459,000","1,707,510,000","1,615,473,000","1,665,209,000","1,673,902,000","1,540,292,000","1,491,567,000","1,567,580,000","1,554,748,000","1,532,367,000","1,375,787,000","1,489,252,000","1,426,604,000","1,369,234,000","1,409,843,000","1,434,236,000","1,473,435,000","1,331,740,000","1,411,307,000","1,444,646,000","1,462,243,000","1,109,749,000","1,066,328,000","1,100,656,000","1,081,329,000","1,049,609,000","1,042,880,000","1,084,889,000","1,095,607,000","1,002,003,000","920,532,000","964,620,000","1,025,330,000","1,005,990,000","1,005,414,000","1,013,106,000","1,038,624,000","1,054,650,000","1,129,210,000","1,323,963,000","1,357,153,000","1,278,258,000","1,318,005,000","1,392,294,000","1,420,512,000","1,340,423,000","1,344,516,000","1,455,508,000","1,465,745,000","1,422,096,000","1,349,496,000","1,245,766,000","1,193,183,000","1,108,520,000","1,025,975,000","1,104,340,000","1,093,686,000","1,035,530,000","990,400,000","938,280,000","907,078,000","809,919,000","860,800,000","883,746,000","888,561,000","652,115,000","786,734,000","649,023,000","611,628,000","565,658,000","576,322,000","604,702,000","615,982,000","553,645,000","552,000,000","581,900,000","560,700,000","506,000,000","788,000,000","416,200,000","388,000,000","338,900,000","382,700,000","369,000,000","349,400,000","303,800,000","338,800,000","347,600,000","344,100,000","282,700,000","311,500,000","321,300,000","326,600,000","285,700,000","274,200,000","281,000,000","272,300,000","230,900,000","162,600,000","159,200,000","117,100,000","104,700,000","100,100,000","58,200,000","58,500,000","47,900,000",,,,
ReconciledDepreciation,"591,711,000","143,412,000","148,618,000","148,465,000","151,216,000","156,555,000","151,342,000","154,094,000","145,516,000","153,759,000","144,920,000","140,482,000","137,291,000","139,092,000","132,971,000","127,048,000","122,654,000","118,372,000","113,515,000","109,761,000","105,024,000","104,379,000","103,680,000","101,214,000","100,194,000","94,025,000","94,955,000","88,011,000","85,656,000","95,665,000","85,167,000","83,754,000","80,984,000","86,329,000","81,550,000","80,643,000","60,349,000","63,878,000","71,298,000","71,831,000","73,286,000","74,930,000","74,207,000","74,344,000","74,253,000","74,522,000","72,956,000","72,497,000","76,798,000","81,827,000","76,435,000","77,062,000","67,680,000","69,034,000","77,712,000","75,052,000","73,256,000","81,573,000","75,636,000","75,382,000","73,846,000","72,278,000","68,040,000","69,781,000","64,853,000","54,429,000","31,138,000","31,497,000","32,265,000","30,014,000","31,964,000","30,100,000","31,010,000","29,171,000","26,006,000","26,389,000","25,049,000","26,442,000","25,024,000","28,868,000","21,608,000","21,471,000","20,677,000","21,076,000","20,943,000","20,935,000","19,592,000","20,944,000","20,875,000","29,200,000","24,800,000","27,800,000","23,500,000","19,300,000","15,900,000","16,700,000","16,000,000","14,000,000","15,300,000","14,900,000","15,100,000","13,800,000","14,300,000","13,300,000","13,800,000","11,600,000","12,700,000","13,400,000","14,900,000","12,700,000","12,500,000","12,300,000","12,000,000","6,800,000","7,400,000","4,200,000","4,700,000","2,600,000","1,700,000","1,300,000","1,800,000",,,,
NetIncomeFromContinuingOperationNetMinorityInterest,"1,033,159,000","189,089,000","270,978,000","336,285,000","236,807,000","248,221,000","205,117,000","-48,257,000","110,514,000","264,667,000","155,518,000","202,441,000","121,585,000","230,314,000","226,343,000","196,586,000","208,461,000","240,378,000","269,979,000","260,681,000","200,554,000","233,678,000","269,825,000","255,188,000","171,548,000","191,556,000","214,874,000","186,332,000","22,346,000","146,868,000","151,266,000","152,750,000","81,081,000","110,632,000","119,621,000","85,933,000","50,495,000","66,389,000","70,304,000","73,188,000","40,377,000","42,931,000","46,646,000","60,903,000","23,442,000","45,758,000","51,094,000","68,081,000","20,538,000","19,779,000","34,348,000","46,261,000","-105,887,000","-127,615,000","-1,484,781,000","88,778,000","65,390,000","379,114,000","122,054,000","115,268,000","90,378,000","129,491,000","127,708,000","119,513,000","71,120,000","85,712,000","108,652,000","93,811,000","70,020,000","102,470,000","112,687,000","87,158,000","66,307,000","102,142,000","91,382,000","74,985,000","41,640,000","84,201,000","81,560,000","75,518,000","43,210,000","59,193,000","55,727,000","46,466,000","27,206,000","39,262,000","42,137,000","47,203,000","33,997,000","40,100,000","45,100,000","44,100,000","27,900,000","29,800,000","32,500,000","30,600,000","14,700,000","19,300,000","20,900,000","19,300,000","8,500,000","12,600,000","14,800,000","16,400,000","5,300,000","-10,200,000","6,600,000","5,600,000","4,300,000","7,600,000","13,400,000","12,500,000","-400,000","7,400,000","7,200,000","6,000,000","2,100,000","5,600,000","4,300,000","3,100,000","0","1,600,000","1,600,000","1,600,000","1,600,000"
TotalUnusualItemsExcludingGoodwill,"-6,298,000","-3,184,000","-3,135,000","-1,165,000","1,730,000","3,545,000","-3,145,000","-1,230,000","-7,608,000","11,898,000","-63,332,000","-2,088,000","1,110,000","-5,292,000","-2,456,000","-3,317,000","-3,154,000","-6,601,000","-3,568,000","-5,008,000","2,323,000","69,000","-3,162,000","1,665,000","-5,042,000","-11,783,000","-5,612,000","-3,537,000","457,000","-2,176,000","163,000","1,033,000","-5,889,000","-3,438,000","-3,061,000","767,000","-3,799,000","4,536,000","-322,000","-440,000","1,825,000","-257,000","-13,413,000","-396,000","15,000","3,002,000","4,641,000","-544,000","4,531,000","0","1,657,000","5,568,000","-1,637,000","-142,837,000","-1,423,113,000","-1,650,000","-2,779,000","3,000","799,000","2,783,000","4,895,000","2,262,000","8,779,000","2,634,000","-2,727,000","-934,000","400,000","-922,000","-2,004,000","71,000","-2,467,000","-991,000","-1,422,000","728,000","-1,333,000","-1,059,000","480,000","-6,620,000","-888,000","154,000","843,000","-1,860,000","-1,051,000","-1,574,000","-1,469,000","-1,608,000","-7,846,000","-1,215,000","-773,000","800,000","-1,100,000","-200,000","-1,500,000","-20,600,000","-900,000","-800,000","-100,000","-5,900,000","-900,000","-900,000","-300,000","-2,800,000","-800,000","-1,100,000","-700,000","-1,000,000","-200,000","-700,000","-600,000","-3,000,000",,"-600,000","-11,100,000","-200,000","1,900,000","1,900,000","100,000","300,000",,,"-200,000",,,,
TotalUnusualItems,"-6,298,000","-3,184,000","-3,135,000","-1,165,000","1,730,000","3,545,000","-3,145,000","-1,230,000","-7,608,000","11,898,000","-63,332,000","-2,088,000","1,110,000","-5,292,000","-2,456,000","-3,317,000","-3,154,000","-6,601,000","-3,568,000","-5,008,000","2,323,000","69,000","-3,162,000","1,665,000","-5,042,000","-11,783,000","-5,612,000","-3,537,000","457,000","-2,176,000","163,000","1,033,000","-5,889,000","-3,438,000","-3,061,000","767,000","-3,799,000","4,536,000","-322,000","-440,000","1,825,000","-257,000","-13,413,000","-396,000","15,000","3,002,000","4,641,000","-544,000","4,531,000","0","1,657,000","5,568,000","-1,637,000","-142,837,000","-1,423,113,000","-1,650,000","-2,779,000","3,000","799,000","2,783,000","4,895,000","2,262,000","8,779,000","2,634,000","-2,727,000","-934,000","400,000","-922,000","-2,004,000","71,000","-2,467,000","-991,000","-1,422,000","728,000","-1,333,000","-1,059,000","480,000","-6,620,000","-888,000","154,000","843,000","-1,860,000","-1,051,000","-1,574,000","-1,469,000","-1,608,000","-7,846,000","-1,215,000","-773,000","800,000","-1,100,000","-200,000","-1,500,000","-20,600,000","-900,000","-800,000","-100,000","-5,900,000","-900,000","-900,000","-300,000","-2,800,000","-800,000","-1,100,000","-700,000","-1,000,000","-200,000","-700,000","-600,000","-3,000,000",,"-600,000","-11,100,000","-200,000","1,900,000","1,900,000","100,000","300,000",,,"-200,000",,,,
NormalizedEBITDA,"1,945,254,000","398,554,000","511,706,000","565,222,000","469,228,000","442,485,000","417,957,000","93,329,000","298,928,000","306,197,000","395,759,000","412,478,000","305,247,000","357,256,000","421,965,000","454,582,000","390,209,000","464,689,000","495,896,000","467,592,000","380,317,000","412,772,000","481,310,000","456,048,000","347,479,000","343,525,000","385,052,000","344,436,000","130,056,000","294,224,000","301,071,000","306,524,000","212,718,000","238,099,000","259,346,000","214,171,000","144,603,000","153,836,000","175,252,000","179,549,000","145,262,000","141,224,000","165,671,000","176,044,000","130,337,000","160,162,000","158,138,000","162,223,000","130,419,000","128,692,000","144,506,000","151,740,000","-78,204,000","91,474,000","199,725,000","222,765,000","200,353,000","262,037,000","275,651,000","270,847,000","239,528,000","299,390,000","282,001,000","290,192,000","218,147,000","220,700,000","208,554,000","192,908,000","157,899,000","202,763,000","227,489,000","181,764,000","151,471,000","202,807,000","186,743,000","157,516,000","102,762,000","195,965,000","168,790,000","167,777,000","95,033,000","120,914,000","114,136,000","106,211,000","76,017,000","97,972,000","114,507,000","111,070,000","87,354,000","102,600,000","109,800,000","108,900,000","80,600,000","127,200,000","76,400,000","74,600,000","46,200,000","62,700,000","58,300,000","56,200,000","37,300,000","48,200,000","48,300,000","51,400,000","32,600,000","5,000,000","32,500,000","33,400,000","32,200,000","33,800,000","40,800,000","40,900,000","47,000,000","24,200,000","20,600,000","12,800,000","10,900,000","13,100,000","9,400,000","7,500,000","4,000,000","-204,300,000","75,000,000","75,000,000","75,000,000"
TaxRateForCalcs,"0.199","0.211","0.214","0.16","0.222","0.092","0.174","0.352","0.194","0.27","0.126","0.219","0.233","0.27","0.178","0.376","0.185","0.276","0.271","0.24","0.254","0.218","0.258","0.26","0.251","0.124","0.187","0.209","0.208","0.163","0.166","0.247","0.219","0.122","0.194","0.213","0.175","0.161","0.179","0.172","0.201","0.35","0.099","0.178","0.168","0.189","0.126","0.35","0.123","0.35","0.054","0.06","0.35","0.1","0.35","0.205","0.255","0.35","0.256","0.288","0.325","0.315","0.317","0.334","0.338","0.354","0.351","0.362","0.362","0.362","0.362","0.361","0.36","0.365","0.365","0.365","0.365","0.351","0.35","0.37","0.37","0.342","0.34","0.37","0.37","0.39","0.39","0.395","0.395","0.396","0.395","0.395","0.397","0.4","0.395","0.395","0.395","0.395","0.394","0.395","0.397","0.4","0.396","0.395","0.398","0.389","0.389","0.385","0.386","0.303","0.346","0.399","0.4","0.4","0.4","0.4","0.4","0.385","0.394","0.4","0.4","0.4","0.4","0.4","0.4"
TaxEffectOfUnusualItems,"-1,253,302","-673,065.804","-670,890","-186,400","384,060","326,281.449","-547,230","-432,960","-1,475,952","3,212,460","-7,979,832","-457,272","258,630","-1,428,840","-437,168","-1,247,192","-583,490","-1,818,586.331","-966,928","-1,201,920","590,042","15,059.025","-815,796","432,900","-1,265,542","-1,463,597.185","-1,049,444","-739,233","95,056","-355,073.282","27,058","255,151","-1,289,691","-420,132.188","-593,834","163,371","-664,825","728,528.903","-57,733.187","-75,855.893","366,081.418","-89,950","-1,323,836.41","-70,504.607","2,524.742","566,763.801","583,298.476","-190,400","555,815.624","0","89,250.334","336,557.917","-572,950","-14,259,720.536","-498,089,550","-338,256.575","-708,649.433","1,050","204,703.123","801,500.837","1,590,866.774","712,645.103","2,779,189.806","880,801.878","-922,951.444","-331,076.263","140,441.111","-333,815.263","-725,457.13","25,694.021","-893,478.132","-358,087.433","-512,431.938","265,750.05","-486,546.992","-386,531.502","175,200.915","-2,321,910.585","-311,200.28","56,915.335","311,907.665","-636,528.465","-357,776.382","-582,372.531","-543,527.279","-627,120.999","-3,058,065.141","-479,929.827","-305,331.767","316,867.47","-434,093.96","-79,012.346","-596,112.311","-8,240,000","-355,307.263","-316,205.534","-39,506.173","-2,330,407.524","-354,782.609","-355,485.893","-119,148.936","-1,120,000","-316,734.694","-434,317.343","-278,409.091","-389,221.557","-77,777.778","-269,230.769","-231,428.571","-908,256.881","0","-239,423.077","-4,440,000","-80,000","760,000","760,000","40,000","115,384.615","0","0","-80,000","0","0","0","0"