name,ttm,02/28/2022,11/30/2021,08/31/2021,05/31/2021,02/28/2021,11/30/2020,08/31/2020,05/31/2020,02/29/2020,11/30/2019,08/31/2019,05/31/2019,02/28/2019,11/30/2018,08/31/2018,05/31/2018,02/28/2018,11/30/2017,08/31/2017,05/31/2017,02/28/2017,11/30/2016,08/31/2016,05/31/2016,02/29/2016,11/30/2015,08/31/2015,05/31/2015,02/28/2015,11/30/2014,08/31/2014,05/31/2014,02/28/2014,11/30/2013,08/31/2013,05/31/2013,02/28/2013,11/30/2012,08/31/2012,05/31/2012,02/29/2012,11/30/2011,08/31/2011,05/31/2011,02/28/2011,11/30/2010,08/31/2010,05/31/2010,02/28/2010,11/30/2009,08/31/2009,05/31/2009,02/28/2009,11/30/2008,08/31/2008,05/31/2008,02/29/2008,11/30/2007,08/31/2007,05/31/2007,02/28/2007,11/30/2006,08/31/2006,05/31/2006,02/28/2006,11/30/2005,08/31/2005,05/31/2005,02/28/2005,11/30/2004,08/31/2004,05/31/2004,02/29/2004,11/30/2003,08/31/2003,05/31/2003,02/28/2003,11/30/2002,08/31/2002,05/31/2002,02/28/2002,11/30/2001,08/31/2001,05/31/2001,02/28/2001,11/30/2000,08/31/2000,05/31/2000,02/29/2000,11/30/1999,08/31/1999,05/31/1999,02/28/1999,11/30/1998,08/31/1998,05/31/1998,02/28/1998,11/30/1997,08/31/1997,05/31/1997,02/28/1997,11/30/1996,08/31/1996,05/31/1996,02/29/1996,11/30/1995,08/31/1995,05/31/1995,02/28/1995,11/30/1994,08/31/1994,05/31/1994,02/28/1994,11/30/1993,08/31/1993,05/31/1993,02/28/1993,11/30/1992,08/31/1992,05/31/1992,02/29/1992,11/30/1991,08/31/1991,05/31/1991,02/28/1991,11/30/1990,08/31/1990,05/31/1990,02/28/1990,11/30/1989,08/31/1989,05/31/1989,02/28/1989,11/30/1988,08/31/1988,05/31/1988,02/29/1988,11/30/1987,08/31/1987,05/31/1987,02/28/1987,11/30/1986,08/31/1986,05/31/1986,02/28/1986,11/30/1985,08/31/1985
TotalRevenue,"6,358,800,000","1,522,400,000","1,730,300,000","1,549,400,000","1,556,700,000","1,481,500,000","1,557,900,000","1,430,300,000","1,401,100,000","1,212,000,000","1,484,800,000","1,329,200,000","1,301,900,000","1,231,500,000","1,499,200,000","1,345,300,000","1,327,300,000","1,237,100,000","1,490,900,000","1,185,200,000","1,114,300,000","1,043,700,000","1,227,000,000","1,091,000,000","1,063,300,000","1,030,200,000","1,201,900,000","1,059,900,000","1,024,100,000","1,010,400,000","1,173,600,000","1,042,800,000","1,033,400,000","993,400,000","1,170,000,000","1,016,400,000","1,002,600,000","934,400,000","1,145,800,000","977,700,000","984,000,000","906,700,000","1,110,700,000","920,400,000","883,700,000","782,800,000","979,400,000","794,600,000","798,300,000","764,500,000","924,600,000","791,700,000","757,300,000","718,500,000","906,900,000","781,600,000","764,100,000","723,950,000","860,119,000","716,227,000","687,214,000","652,639,000","803,698,000","663,095,000","639,906,000","609,701,000","737,074,000","622,731,000","628,571,000","603,623,000","744,131,000","613,544,000","596,164,000","572,362,000","698,627,000","557,612,000","596,125,000","555,147,000","703,463,000","545,011,000","552,620,000","518,906,000","701,946,000","570,710,000","567,140,000","533,504,000","679,507,000","495,866,000","485,724,000","462,403,000","620,400,000","476,800,000","468,200,000","441,500,000","585,700,000","444,800,000","435,500,000","415,200,000","557,000,000","422,900,000","413,700,000","407,400,000","537,400,000","405,500,000","435,700,000","431,800,000","556,300,000","432,000,000","445,000,000","425,400,000","508,600,000","422,200,000","396,300,000","367,700,000","460,800,000","394,900,000","361,300,000","339,600,000","452,200,000","360,300,000","336,600,000","322,300,000","429,900,000","341,800,000","332,600,000","323,600,000","399,200,000","321,500,000","301,700,000","300,500,000","361,600,000","314,900,000","291,700,000","277,900,000","349,300,000","285,300,000","277,200,000","272,100,000","324,500,000","261,200,000","260,800,000","232,000,000","293,800,000","235,200,000","223,500,000","223,200,000","267,200,000","205,700,000"
	OperatingRevenue,"6,358,800,000","1,522,400,000","1,730,300,000","1,549,400,000","1,556,700,000","1,481,500,000","1,557,900,000","1,430,300,000","1,401,100,000","1,212,000,000","1,484,800,000","1,329,200,000","1,301,900,000","1,231,500,000","1,499,200,000","1,345,300,000","1,327,300,000","1,237,100,000","1,490,900,000","1,185,200,000","1,114,300,000","1,043,700,000","1,227,000,000","1,091,000,000","1,063,300,000","1,030,200,000","1,201,900,000","1,059,900,000","1,024,100,000","1,010,400,000","1,173,600,000","1,042,800,000","1,033,400,000","993,400,000","1,170,000,000","1,016,400,000","1,002,600,000","934,400,000","1,145,800,000","977,700,000","984,000,000","906,700,000","1,110,700,000","920,400,000","883,700,000","782,800,000","979,400,000","794,600,000","798,300,000","764,500,000","924,600,000","791,700,000","757,300,000","718,500,000","906,900,000","781,600,000","764,100,000","723,950,000","860,119,000","716,227,000","687,214,000","652,639,000","803,698,000","663,095,000","639,906,000","609,701,000","737,074,000","622,731,000","628,571,000","603,623,000","744,131,000","613,544,000","596,164,000","572,362,000","698,627,000","557,612,000","596,125,000","555,147,000","703,463,000","545,011,000","552,620,000","518,906,000","700,946,000","570,710,000","567,140,000","533,504,000","679,507,000","495,866,000","485,724,000","462,403,000","620,400,000","476,800,000","468,200,000","441,500,000","585,700,000","444,800,000","435,500,000","415,200,000","557,000,000","422,900,000","413,700,000","407,400,000","537,400,000","405,500,000","435,700,000","431,800,000","556,300,000","432,000,000","445,000,000","425,400,000","508,600,000","422,200,000","396,300,000","367,700,000","460,800,000","394,900,000","361,300,000","339,600,000","452,200,000","360,300,000","336,600,000","322,300,000","429,900,000","341,800,000","332,600,000","323,600,000","399,200,000","321,500,000","301,700,000","300,500,000","361,600,000","314,900,000","291,700,000","277,900,000","349,300,000","285,300,000","277,200,000","272,100,000","324,500,000","261,200,000","260,800,000","232,000,000","293,800,000","235,200,000","223,500,000","223,200,000","267,200,000","205,700,000"
CostOfRevenue,"3,881,300,000","962,000,000","1,027,400,000","949,800,000","942,100,000","904,000,000","897,200,000","840,000,000","821,600,000","742,100,000","854,800,000","789,300,000","793,400,000","764,600,000","817,700,000","750,400,000","752,100,000","717,100,000","822,700,000","700,800,000","669,700,000","630,700,000","687,000,000","637,100,000","630,500,000","625,200,000","680,200,000","638,000,000","620,100,000","620,700,000","667,500,000","622,700,000","620,900,000","601,900,000","667,800,000","608,800,000","608,200,000","572,700,000","663,400,000","586,000,000","595,600,000","551,400,000","631,600,000","555,900,000","533,000,000","454,600,000","533,400,000","459,800,000","471,600,000","454,300,000","502,900,000","472,700,000","455,100,000","434,300,000","510,800,000","473,200,000","466,200,000","438,200,000","488,800,000","431,898,000","415,414,000","388,287,000","448,025,000","393,818,000","389,342,000","370,616,000","413,325,000","379,394,000","387,225,000","375,455,000","429,002,000","374,385,000","364,238,000","350,676,000","396,413,000","345,131,000","382,750,000","355,307,000","414,696,000","355,124,000","359,925,000","333,655,000","388,599,000","341,765,000","345,627,000","325,009,000","363,329,000","308,635,000","301,329,000","284,107,000","355,100,000","299,000,000","295,500,000","282,600,000","342,300,000","285,000,000","281,100,000","269,000,000","326,100,000","271,500,000","267,500,000","257,900,000","307,300,000","254,000,000","284,900,000","272,700,000","327,900,000","274,400,000","278,100,000","267,500,000","294,900,000","247,200,000","240,200,000","221,900,000","254,900,000","226,900,000","216,400,000","204,700,000","249,200,000","208,400,000","198,000,000","188,600,000","236,200,000","205,100,000","205,700,000","199,000,000","225,600,000","196,700,000","190,800,000","188,500,000",,,,,,,,,,,,,,,,,,
GrossProfit,"2,477,500,000","560,400,000","702,900,000","599,600,000","614,600,000","577,500,000","660,700,000","590,300,000","579,500,000","469,900,000","630,000,000","539,900,000","508,500,000","466,900,000","681,500,000","594,900,000","575,200,000","520,000,000","668,200,000","484,400,000","444,600,000","413,000,000","540,000,000","453,900,000","432,800,000","405,000,000","521,700,000","421,900,000","404,000,000","389,700,000","506,100,000","420,100,000","412,500,000","391,500,000","502,200,000","407,600,000","394,400,000","361,700,000","482,400,000","391,700,000","388,400,000","355,300,000","479,100,000","364,500,000","350,700,000","328,200,000","446,000,000","334,800,000","326,700,000","310,200,000","421,700,000","319,000,000","302,200,000","284,200,000","396,100,000","308,400,000","297,900,000","285,750,000","371,319,000","284,329,000","271,800,000","264,352,000","355,673,000","269,277,000","250,564,000","239,085,000","323,749,000","243,337,000","241,346,000","228,168,000","315,129,000","239,159,000","231,926,000","221,686,000","302,214,000","212,481,000","213,375,000","199,840,000","288,767,000","189,887,000","192,695,000","185,251,000","313,347,000","228,945,000","221,513,000","208,495,000","316,178,000","187,231,000","184,395,000","178,296,000","265,300,000","177,800,000","172,700,000","158,900,000","243,400,000","159,800,000","154,400,000","146,200,000","230,900,000","151,400,000","146,200,000","149,500,000","230,100,000","151,500,000","150,800,000","159,100,000","228,400,000","157,600,000","166,900,000","157,900,000","213,700,000","175,000,000","156,100,000","145,800,000","205,900,000","168,000,000","144,900,000","134,900,000","203,000,000","151,900,000","138,600,000","133,700,000","193,700,000","136,700,000","126,900,000","124,600,000","173,600,000","124,800,000","110,900,000","112,000,000",,,,,,,,,,,,,,,,,,
OperatingExpense,"1,416,100,000","333,300,000","398,900,000","327,300,000","356,600,000","321,300,000","370,500,000","317,200,000","319,200,000","274,700,000","326,900,000","278,700,000","293,300,000","267,900,000","383,800,000","353,000,000","367,300,000","325,400,000","375,800,000","286,500,000","307,300,000","275,200,000","315,000,000","281,800,000","303,900,000","274,300,000","307,100,000","271,500,000","281,200,000","267,600,000","303,800,000","260,500,000","290,800,000","266,900,000","303,100,000","259,200,000","278,400,000","249,700,000","282,100,000","247,500,000","267,100,000","242,800,000","287,100,000","236,100,000","241,400,000","217,600,000","260,600,000","208,800,000","229,200,000","209,400,000","238,300,000","201,500,000","212,900,000","193,900,000","260,000,000","212,900,000","222,000,000","204,725,000","225,213,000","192,596,000","198,452,000","190,637,000","216,048,000","187,576,000","195,866,000","214,792,000","188,259,000","164,437,000","170,194,000","170,210,000","187,536,000","165,158,000","162,204,000","160,302,000","180,832,000","149,752,000","153,394,000","140,958,000","175,871,000","132,683,000","137,193,000","133,153,000","222,695,000","172,506,000","171,943,000","163,556,000","223,107,000","134,779,000","141,712,000","140,402,000","182,700,000","133,800,000","137,000,000","126,300,000","158,400,000","120,800,000","123,300,000","116,100,000","153,000,000","119,000,000","117,500,000","120,800,000","156,200,000","118,300,000","122,500,000","134,000,000","154,700,000","113,900,000","127,200,000","114,000,000","139,300,000","124,500,000","118,500,000","109,600,000","138,200,000","119,300,000","111,900,000","103,800,000","141,600,000","109,200,000","106,300,000","103,000,000","138,700,000","100,000,000","100,700,000","96,900,000","125,200,000","89,500,000","89,800,000","89,800,000",,,,,,,,,,,,,,,,,,
	SellingGeneralAndAdministration,"1,416,100,000","333,300,000","398,900,000","327,300,000","356,600,000","321,300,000","370,500,000","317,200,000","319,200,000","274,700,000","326,900,000","278,700,000","293,300,000","267,900,000","383,800,000","353,000,000","367,300,000","325,400,000","375,800,000","286,500,000","307,300,000","275,200,000","315,000,000","281,800,000","303,900,000","274,300,000","307,100,000","271,500,000","281,200,000","267,600,000","303,800,000","260,500,000","290,800,000","266,900,000","303,100,000","259,200,000","278,400,000","249,700,000","282,100,000","247,500,000","267,100,000","242,800,000","287,100,000","236,100,000","241,400,000","217,600,000","260,600,000","208,800,000","229,200,000","209,400,000","238,300,000","201,500,000","212,900,000","193,900,000","231,000,000","212,900,000","222,000,000","204,725,000","225,213,000","192,596,000","198,452,000","190,637,000","216,048,000","187,576,000","187,347,000","181,628,000","177,689,000","164,437,000","170,864,000","168,910,000","183,852,000","164,963,000","168,652,000","160,233,000","177,274,000","148,403,000","152,152,000","140,880,000","172,815,000","129,765,000","135,534,000","132,786,000","211,895,000","172,506,000","171,943,000","163,556,000","204,560,000","120,403,000","127,799,000","125,938,000","167,300,000","120,300,000","122,100,000","112,700,000","143,200,000","107,300,000","110,200,000","103,100,000","141,100,000","106,200,000","105,700,000","108,000,000","140,500,000","103,200,000","105,600,000","117,900,000","136,700,000","99,900,000","111,600,000","97,900,000","121,300,000","107,600,000","104,000,000","96,500,000","125,000,000","106,500,000","99,400,000","91,800,000","129,400,000","98,700,000","95,800,000","92,900,000","127,700,000","89,500,000","91,000,000","87,600,000","115,500,000","80,600,000","80,500,000","81,100,000",,,,,,,,,,,,,,,,,,
		GeneralAndAdministrativeExpense,,,,,,"321,300,000","370,500,000",,,,"326,900,000","278,700,000",,,,"353,000,000",,"325,400,000","375,800,000",,"307,300,000",,"315,000,000","281,800,000","303,900,000","274,300,000","307,100,000","271,500,000",,"267,600,000","303,800,000",,"290,800,000","266,900,000",,,,,,,,,,,,,,,,,,,,,,,,,,,,,,,,,,,,,,,,,,,,,,,,,,,,,,,,,,,,,,,,,,,,,,,,,,,,,,,,,,,,,,,,,,,,,,,,,,,,,,,,,,,,,,,,,,
			SalariesAndWages,,,,,,,,,,,,,,,,,,,,,,,,,,,,,,,"0",,,,,,,,,,,,,,,,,,,,,,,,,,,,,,,,,,,,,,,,,,,,,,,,,,,,,,,,,,,,,,,,,,,,,,,,,,,,,,,,,,,,,,,,,,,,,,,,,,,,,,,,,,,,,,,,,,,,,
			OtherGandA,,,,,,"321,300,000","370,500,000",,,,"326,900,000","278,700,000",,,,"353,000,000",,"325,400,000","375,800,000",,"307,300,000",,"315,000,000","281,800,000","303,900,000","274,300,000","307,100,000","271,500,000",,"267,600,000","303,800,000",,"290,800,000","266,900,000",,,,,,,,,,,,,,,,,,,,,,,,,,,,,,,,,,,,,,,,,,,,,,,,,,,,,,,,,,,,,,,,,,,,,,,,,,,,,,,,,,,,,,,,,,,,,,,,,,,,,,,,,,,,,,,,,,
	DepreciationAmortizationDepletionIncomeStatement,,,,,,,,,,,,,,,,,,,,,,,,,,,,,,,,,,,,,,,,,,,,,,,,,,,,,,,,,,,,,,,,,,,,,,,,,,,,,,,,,,,,,,,"18,547,000","14,376,000","13,913,000","14,464,000","15,400,000","13,500,000","14,900,000","13,600,000","15,200,000","13,500,000","13,100,000","13,000,000","11,900,000","12,800,000","11,800,000","12,800,000","15,700,000","15,100,000","16,900,000","16,100,000","18,000,000","14,000,000","15,600,000","16,100,000","18,000,000","16,900,000","14,500,000","13,100,000","13,200,000","12,800,000","12,500,000","12,000,000","12,200,000","10,500,000","10,500,000","10,100,000","11,000,000","10,500,000","9,700,000","9,300,000","9,700,000","8,900,000","9,300,000","8,700,000",,,,,,,,,,,,,,,,,,
		DepreciationAndAmortizationInIncomeStatement,,,,,,,,,,,,,,,,,,,,,,,,,,,,,,,,,,,,,,,,,,,,,,,,,,,,,,,,,,,,,,,,,,,,,,,,,,,,,,,,,,,,,,,"18,547,000","14,376,000","13,913,000","14,464,000","15,400,000","13,500,000","14,900,000","13,600,000","15,200,000","13,500,000","13,100,000","13,000,000","11,900,000","12,800,000","11,800,000","12,800,000","15,700,000","15,100,000","16,900,000","16,100,000","18,000,000","14,000,000","15,600,000","16,100,000","18,000,000","16,900,000","14,500,000","13,100,000","13,200,000","12,800,000","12,500,000","12,000,000","12,200,000","10,500,000","10,500,000","10,100,000","11,000,000","10,500,000","9,700,000","9,300,000","9,700,000","8,900,000","9,300,000","8,700,000",,,,,,,,,,,,,,,,,,
	OtherOperatingExpenses,"11,100,000",,,,,,,,"1,000,000","700,000","2,800,000","6,600,000","3,700,000","1,500,000","2,400,000","2,700,000","7,700,000","1,800,000","13,500,000","2,100,000","4,700,000","3,600,000","5,900,000","4,300,000","3,900,000","1,600,000","2,400,000","11,700,000","19,000,000","28,400,000","2,900,000","2,300,000",,,,,,,,,,,,,,,,,,,,,,,,,,,,,,,,,"8,519,000","33,164,000","10,570,000",,"-670,000","1,300,000","3,684,000","195,000","-6,448,000","69,000","3,558,000","1,349,000","1,242,000","78,000","3,056,000","2,918,000","1,659,000","367,000",,,,,,,,,,,,,,,,,,,,,,,,,,,,,,,,,,,,,,,,,,,,,,,,,,,,,,,,,,,,,,,,,,
OperatingIncome,"1,061,400,000","227,100,000","304,000,000","272,300,000","258,000,000","256,200,000","290,200,000","273,100,000","260,300,000","195,200,000","303,100,000","261,200,000","215,200,000","199,000,000","297,700,000","241,900,000","207,900,000","194,600,000","292,400,000","197,900,000","137,300,000","137,800,000","225,000,000","172,100,000","128,900,000","130,700,000","214,600,000","150,400,000","122,800,000","122,100,000","202,300,000","159,600,000","121,700,000","124,600,000","199,100,000","148,400,000","116,000,000","112,000,000","200,300,000","144,200,000","121,300,000","112,500,000","192,000,000","128,400,000","109,300,000","110,600,000","185,400,000","126,000,000","97,500,000","100,800,000","183,400,000","117,500,000","89,300,000","90,300,000","136,100,000","95,500,000","75,900,000","81,025,000","146,106,000","91,733,000","73,348,000","73,715,000","139,625,000","81,701,000","54,698,000","24,293,000","135,490,000","78,900,000","71,152,000","57,958,000","127,593,000","74,001,000","69,722,000","61,384,000","121,382,000","62,729,000","59,981,000","58,882,000","112,896,000","57,204,000","55,502,000","52,098,000","90,652,000","56,439,000","49,570,000","44,939,000","93,071,000","52,452,000","42,683,000","37,894,000","82,600,000","44,000,000","35,700,000","32,600,000","85,000,000","39,000,000","31,100,000","30,100,000","77,900,000","32,400,000","28,700,000","28,700,000","73,900,000","33,200,000","28,300,000","25,100,000","73,700,000","43,700,000","39,700,000","43,900,000","74,400,000","50,500,000","37,600,000","36,200,000","67,700,000","48,700,000","33,000,000","31,100,000","61,400,000","42,700,000","32,300,000","30,700,000","55,000,000","36,700,000","26,200,000","27,700,000","48,400,000","35,300,000","21,100,000","22,200,000","-782,500,000","314,900,000","291,700,000","277,900,000","-756,300,000","285,300,000","277,200,000","272,100,000","-690,900,000","261,200,000","260,800,000","232,000,000","-615,000,000","235,200,000","223,500,000","223,200,000","-545,200,000","205,700,000"
NetNonOperatingInterestIncomeExpense,"-126,600,000","-33,100,000","-24,000,000","-33,900,000","-35,600,000","-33,800,000","-24,600,000","-33,500,000","-34,400,000","-35,300,000","-38,500,000","-41,300,000","-42,400,000","-43,000,000","-43,900,000","-44,700,000","-44,200,000","-41,800,000","-44,800,000","-36,900,000","-14,900,000","-14,500,000","-14,300,000","-14,100,000","-13,700,000","-13,900,000","-13,800,000","-13,600,000","-13,000,000","-12,900,000","-12,400,000","-12,400,000","-12,500,000","-12,400,000","-11,900,000","-14,000,000","-13,500,000","-13,900,000","-13,900,000","-13,200,000","-13,900,000","-13,500,000","-13,600,000","-13,100,000","-12,300,000","-12,200,000","-12,300,000","-12,400,000","-12,300,000","-12,300,000","-12,600,000","-12,800,000","-13,000,000",,,,,,,,,,,,,,,,,,,,,,,,,,,,,,,,,,,,,,,,,,,,,,,,,,,,,,,,,,,,,,,,,,,,,,,,,,,,,,,,,,,,,,,,,,,,,,,
	InterestExpenseNonOperating,"135,900,000","33,100,000","33,300,000","33,900,000","35,600,000","33,800,000","32,400,000","33,500,000","34,400,000","35,300,000","38,500,000","41,300,000","42,400,000","43,000,000","43,900,000","44,700,000","44,200,000","41,800,000","44,800,000","21,500,000","14,900,000","14,500,000","14,300,000","14,100,000","13,700,000","13,900,000","13,800,000","13,600,000","13,000,000","12,900,000","12,400,000","12,400,000","12,500,000","12,400,000","11,900,000","14,000,000","13,500,000","13,900,000","13,900,000","13,200,000","13,900,000","13,500,000","13,600,000","13,100,000","12,300,000","12,200,000","12,300,000","12,400,000","12,300,000","12,300,000","12,600,000","12,800,000","13,000,000",,,,,,,,,,,,,,,,,,,,,,,,,,,,,,,,,,,,,,,,,,,,,,,,,,,,,,,,,,,,,,,,,,,,,,,,,,,,,,,,,,,,,,,,,,,,,,,
	TotalOtherFinanceCost,,,,,,,,,,,,,,,,,,,"0","15,400,000",,,,,,,,,,,,,,,,,,,,,,,,,,,,,,,,,,,,,,,,,,,,,,,,,,,,,,,,,,,,,,,,,,,,,,,,,,,,,,,,,,,,,,,,,,,,,,,,,,,,,,,,,,,,,,,,,,,,,,,,,,,,,,,,
OtherIncomeExpense,"-66,100,000","-14,000,000","-31,800,000","-3,600,000","-16,700,000","-15,300,000","-18,000,000","3,800,000","200,000","4,500,000","3,500,000","-800,000","-800,000","4,000,000","5,100,000","-7,200,000","-14,700,000","-9,400,000","-24,500,000","-28,000,000","-3,500,000","-3,500,000","-3,700,000","-4,100,000","-3,200,000","-500,000","-1,900,000","-11,500,000","-18,400,000","-28,200,000","-2,600,000","-2,000,000","300,000","200,000","-24,500,000","300,000","800,000","600,000","600,000","900,000","-100,000","900,000","-200,000","1,100,000","900,000","500,000","1,200,000","500,000",,"600,000","-4,900,000","-600,000","-5,600,000","3,200,000","-52,800,000","12,700,000","12,100,000","5,093,000","-6,515,000","4,196,000","255,000","762,000","-7,605,000","-10,806,000","24,549,000","-24,737,000","-3,843,000","5,058,000","4,375,000","4,210,000","3,491,000","3,559,000","8,809,000","3,340,000","8,897,000","3,755,000","7,209,000","3,410,000","4,815,000","1,842,000","2,085,000","6,358,000","-2,769,000","6,009,000","3,108,000","7,052,000","22,746,000","-1,380,000","1,481,000","4,118,000","7,000,000","2,600,000","-11,400,000","2,800,000","2,200,000","3,000,000","2,400,000","2,800,000","5,700,000","7,100,000","3,100,000","2,900,000","4,700,000","-56,500,000","300,000","1,500,000","2,800,000","300,000","-800,000","1,000,000","-76,000,000","800,000","1,200,000","1,000,000","3,400,000","1,400,000","-200,000","500,000","-1,600,000","300,000","3,100,000","200,000","-1,500,000","1,500,000","3,100,000","2,500,000","900,000","100,000","8,600,000","600,000",,,,,,,,,,,,,,,,,,
	EarningsFromEquityInterest,,,,,,,,,,,,,,,,,,,,,,,,,,,,,,,,,,,,,,,,,,,,,,,,,,,,,,"3,200,000",,"5,300,000","4,500,000","5,429,000","5,208,000","4,596,000","5,023,000","6,573,000","3,458,000","4,398,000",,,,,,,,,,,,,,,,,,,,,,,,,,,,,,,,,,,,,,,,,,,,,,,,,,,,,,,,,,,,,,,,,,,,,,,,,,,,,,,,,,,,
	SpecialIncomeCharges,"-75,700,000","-20,200,000","-27,800,000","-7,100,000","-20,600,000","-18,800,000","-15,300,000","-100,000","-2,900,000","-1,000,000","-3,900,000","-7,700,000","-7,100,000","-2,100,000","-2,800,000","-8,900,000","-16,200,000","-10,900,000","-3,300,000","-29,200,000","-4,700,000","-3,600,000","-5,900,000","-4,300,000","-3,900,000","-1,600,000","-2,400,000","-11,700,000","-19,000,000","-28,400,000","-2,900,000","-2,300,000",,,,,,,"600,000","900,000","-100,000","900,000","-200,000","1,100,000","900,000","500,000","1,200,000","500,000","0","600,000","-4,900,000","-600,000","-5,600,000","0","-37,800,000","7,400,000","7,600,000","-336,000","-11,723,000","-400,000","-4,768,000","-5,811,000","-11,063,000","-15,204,000","24,549,000","-24,737,000","-3,843,000","5,058,000","4,375,000","4,210,000","3,491,000","3,559,000","8,809,000","3,340,000","8,897,000","3,755,000","7,209,000","3,410,000","4,815,000","1,842,000","2,085,000","6,358,000","-2,769,000","6,009,000","3,108,000","7,052,000","22,746,000","-1,380,000","1,481,000","4,118,000","7,000,000","2,600,000","-11,400,000","2,800,000","2,200,000","3,000,000","2,400,000","2,800,000","5,700,000","7,100,000","3,100,000","2,900,000","4,700,000","-56,500,000","300,000","1,500,000","2,800,000","300,000","-800,000","1,000,000","-76,000,000","800,000","1,200,000","1,000,000","3,400,000","1,400,000","-200,000","500,000","-1,600,000","300,000","3,100,000","200,000","-1,500,000","1,500,000","3,100,000","2,500,000","900,000","100,000","8,600,000","600,000",,,,,,,,,,,,,,,,,,
		RestructuringAndMergernAcquisition,"35,300,000","14,900,000","4,900,000","4,100,000","11,400,000","18,800,000","14,300,000","0","1,900,000","300,000","1,100,000","1,100,000","3,400,000","600,000","2,300,000","6,200,000","8,500,000","9,100,000","12,000,000","27,100,000",,,,,,,,,,,,,,,,,,,,,,,,,,,"0","0","0","0","5,500,000","900,000","6,800,000","500,000","10,400,000","2,600,000","-4,600,000","3,636,000","14,052,000","2,845,000","6,440,000","7,364,000","13,182,000","17,535,000",,,,,,,,,,,,,,,,,,,,,,,,,,,,,,,,,,,,,,,,,,,,,,,,,,,,,,,,,,,,,,,,,,,,,,,,,,,,,,,,,,,,
		OtherSpecialCharges,"40,400,000","5,300,000","22,900,000","3,000,000","9,200,000",,"1,000,000","100,000","1,000,000","700,000","2,800,000","6,600,000","3,700,000","1,500,000","-2,500,000","2,700,000","7,700,000","1,800,000","13,500,000","2,100,000","4,700,000","3,600,000","5,900,000","4,300,000","3,900,000","1,600,000","2,400,000","11,700,000","19,000,000","28,400,000","2,900,000","2,300,000",,,,,,,,,,,,,,,"-1,200,000","-500,000",,"-600,000","-600,000","-300,000","-1,200,000","-500,000","27,400,000","-10,000,000","-3,000,000","-3,300,000","-2,329,000","-2,445,000","-1,672,000","-1,553,000","-2,119,000","-2,331,000",,,,,,,,,,,,,,,,,,,,,,,,,,,,,,,,,,,,,,,,,,,,,,,,,,,,,,,,,,,,,,,,,,,,,,,,,,,,,,,,,,,,
	OtherNonOperatingIncomeExpenses,"9,600,000","6,200,000","-4,000,000","3,500,000","3,900,000","3,500,000","-2,700,000","3,900,000","3,100,000","5,500,000","7,400,000","6,900,000","6,300,000","6,100,000","7,900,000","1,700,000","1,500,000","1,500,000","-21,200,000","1,200,000","-3,500,000","-3,500,000","-3,700,000","-4,100,000","-3,200,000","-500,000","-1,900,000","-11,500,000","-18,400,000","-28,200,000","-2,600,000","-2,000,000","300,000","200,000","-24,500,000","300,000","800,000","600,000","700,000",,,,,,,,,,,,,,,,,,,,,,,,,,,,,,,,,,,,,,,,,,,,,,,,,,,,,,,,,,,,,,,,,,,,,,,,,,,,,,,,,,,,,,,,,,,,,,,,,,,,,,,,,,,,,
PretaxIncome,"868,700,000","180,000,000","248,200,000","234,800,000","205,700,000","207,100,000","247,600,000","243,400,000","226,100,000","164,400,000","268,100,000","219,100,000","172,000,000","160,000,000","258,900,000","190,000,000","149,000,000","143,400,000","223,100,000","133,000,000","118,900,000","119,800,000","207,000,000","153,900,000","112,000,000","116,300,000","198,900,000","125,300,000","91,400,000","80,600,000","187,300,000","145,200,000","109,500,000","112,400,000","162,700,000","134,700,000","103,300,000","98,700,000","187,000,000","131,900,000","107,300,000","99,900,000","178,200,000","116,400,000","97,900,000","98,900,000","174,300,000","114,100,000","85,200,000","89,100,000","165,900,000","104,100,000","70,700,000","75,900,000","110,900,000","90,100,000","70,800,000","65,932,000","118,662,000","75,494,000","53,903,000","54,341,000","114,077,000","52,196,000","44,149,000","12,577,000","122,808,000","66,851,000","59,113,000","46,928,000","117,303,000","63,975,000","60,563,000","51,960,000","117,781,000","53,405,000","55,276,000","49,007,000","101,756,000","46,975,000","43,987,000","42,082,000","77,952,000","45,110,000","35,713,000","31,625,000","100,925,000","41,983,000","35,851,000","34,606,000","81,700,000","38,300,000","16,100,000","27,400,000","77,600,000","32,400,000","24,100,000","24,500,000","74,200,000","30,100,000","22,700,000","23,100,000","69,600,000","-31,500,000","16,500,000","14,400,000","63,000,000","30,000,000","24,800,000","31,300,000","-13,400,000","41,400,000","29,800,000","29,100,000","63,000,000","42,300,000","24,900,000","24,400,000","52,600,000","35,100,000","26,800,000","23,800,000","46,300,000","32,000,000","22,200,000","23,300,000","40,600,000","28,400,000","22,900,000","16,100,000",,,,,,,,,,,,,,,,,,
TaxProvision,"168,500,000","34,400,000","57,200,000","31,500,000","45,400,000","58,600,000","57,500,000","46,900,000","40,400,000","30,100,000","66,400,000","36,800,000","32,100,000","22,100,000","55,800,000","24,900,000","33,100,000","-271,100,000","57,700,000","33,000,000","27,300,000","33,300,000","61,500,000","34,300,000","25,900,000","31,300,000","59,400,000","37,400,000","14,500,000","20,000,000","48,600,000","31,100,000","31,200,000","35,000,000","39,600,000","35,300,000","30,600,000","28,100,000","46,000,000","33,000,000","30,800,000","30,000,000","50,900,000","31,200,000","30,400,000","30,000,000","46,600,000","18,300,000","25,700,000","27,500,000","55,800,000","32,100,000","23,800,000","21,400,000","32,100,000","26,800,000","21,800,000","19,873,000","36,256,000","23,200,000","16,755,000","15,989,000","33,961,000","13,647,000","13,068,000","4,025,000","40,164,000","22,603,000","18,916,000","15,017,000","34,462,000","19,769,000","18,713,000","16,056,000","36,412,000","17,098,000","16,845,000","15,340,000","31,873,000","15,387,000","13,794,000","13,246,000","25,680,000","14,931,000","11,821,000","10,468,000","29,812,000","14,950,000","11,649,000","10,189,000","27,700,000","12,900,000","10,300,000","9,200,000","27,600,000","10,900,000","8,000,000","8,300,000","26,000,000","10,900,000","7,900,000","7,900,000","23,700,000","-9,900,000","5,500,000","5,000,000","22,800,000","10,100,000","8,800,000","12,000,000","-2,700,000","15,000,000","10,700,000","10,800,000","24,100,000","17,400,000","9,600,000","9,400,000","20,100,000","13,500,000","10,300,000","9,100,000","16,300,000","11,200,000","7,300,000","8,100,000","15,100,000","10,500,000","6,800,000","6,200,000",,,,,,,,,,,,,,,,,,
EarningsFromEquityInterestNetOfTax,"48,200,000","9,300,000","6,400,000","9,100,000","23,400,000","13,300,000","10,600,000","9,600,000","10,200,000","10,400,000","11,700,000","9,600,000","9,500,000","10,100,000","10,900,000","8,400,000","7,400,000","8,100,000","10,300,000","8,200,000","8,400,000","7,000,000","11,900,000","8,100,000","7,700,000","8,400,000","9,700,000","9,700,000","7,400,000","9,900,000","9,300,000","8,800,000","6,200,000","5,100,000","6,900,000","5,000,000","5,900,000","5,400,000","7,600,000",,,,,,,,,,,,,,,,,,,,,,,,,,,,,,,,,,,,,,,,,,,,,,,,,,,,,,,,,,,,,,,,,,,,,,,,,,,,,,,,,,,,,,,,,,,,,,,,,,,,,,,,,,,,,
NetIncomeCommonStockholders,"748,400,000","154,900,000","197,400,000","212,400,000","183,700,000","161,800,000","200,700,000","206,100,000","195,900,000","144,700,000","213,400,000","191,900,000","149,400,000","148,000,000","214,000,000","173,500,000","123,300,000","422,600,000","175,700,000","108,200,000","100,000,000","93,500,000","157,400,000","127,700,000","93,800,000","93,400,000","149,200,000","97,600,000","84,300,000","70,500,000","148,000,000","122,900,000","84,500,000","82,500,000","130,000,000","104,400,000","78,600,000","76,000,000","146,900,000","104,800,000","80,900,000","74,500,000","131,800,000","92,000,000","73,600,000","76,800,000","133,700,000","102,400,000","66,200,000","67,900,000","116,300,000","75,100,000","50,700,000","57,700,000","82,400,000","68,600,000","53,300,000","51,423,000","87,598,000","56,848,000","41,425,000","44,228,000","83,100,000","43,068,000","61,644,000","14,388,000","88,101,000","47,970,000","42,794,000","36,035,000","87,345,000","46,196,000","42,853,000","38,106,000","84,396,000","51,306,000","39,959,000","35,139,000","77,169,000","35,177,000","33,613,000","33,841,000","59,066,000","34,312,000","26,636,000","26,586,000","57,616,000","31,265,000","24,202,000","24,417,000","54,000,000","25,400,000","5,800,000","18,200,000","50,000,000","21,500,000","16,100,000","16,200,000","48,200,000","20,200,000","14,800,000","15,200,000","45,900,000","-24,300,000","11,000,000","9,400,000","42,300,000","19,900,000","16,000,000","19,300,000","-2,800,000","26,400,000","19,100,000","18,300,000","12,300,000","24,900,000","18,100,000","17,800,000","35,000,000","24,000,000","18,900,000","17,400,000","30,000,000","20,800,000","14,900,000","15,200,000","25,500,000","17,900,000","16,100,000","9,900,000",,,,,,,,,,,,,,,,,,
	NetIncome,"748,400,000","154,900,000","197,400,000","212,400,000","183,700,000","161,800,000","200,700,000","206,100,000","195,900,000","144,700,000","213,400,000","191,900,000","149,400,000","148,000,000","214,000,000","173,500,000","123,300,000","422,600,000","175,700,000","108,200,000","100,000,000","93,500,000","157,400,000","127,700,000","93,800,000","93,400,000","149,200,000","97,600,000","84,300,000","70,500,000","148,000,000","122,900,000","84,500,000","82,500,000","130,000,000","104,400,000","78,600,000","76,000,000","146,900,000","104,800,000","80,900,000","74,500,000","131,800,000","92,000,000","73,600,000","76,800,000","133,700,000","102,400,000","66,200,000","67,900,000","116,300,000","75,100,000","50,700,000","57,700,000","82,400,000","68,600,000","53,300,000","51,423,000","87,598,000","56,848,000","41,425,000","44,228,000","83,100,000","43,068,000","61,644,000","14,388,000","88,101,000","47,970,000","42,794,000","36,035,000","87,345,000","46,196,000","42,853,000","38,106,000","84,396,000","51,306,000","39,959,000","35,139,000","77,169,000","35,177,000","33,613,000","33,841,000","59,066,000","34,312,000","26,636,000","26,586,000","57,616,000","31,265,000","24,202,000","24,417,000","54,000,000","25,400,000","5,800,000","18,200,000","50,000,000","21,500,000","16,100,000","16,200,000","48,200,000","20,200,000","14,800,000","15,200,000","45,900,000","-24,300,000","11,000,000","9,400,000","42,300,000","19,900,000","16,000,000","19,300,000","-2,800,000","26,400,000","19,100,000","18,300,000","12,300,000","24,900,000","18,100,000","17,800,000","35,000,000","24,000,000","18,900,000","17,400,000","30,000,000","20,800,000","14,900,000","15,200,000","25,500,000","17,900,000","16,100,000","9,900,000",,,,,,,,,,,,,,,,,,
		NetIncomeIncludingNoncontrollingInterests,"748,400,000","154,900,000","197,400,000","212,400,000","183,700,000","161,800,000","200,700,000","206,100,000","195,900,000","144,700,000","213,400,000","191,900,000","149,400,000","148,000,000","214,000,000","173,500,000","123,300,000","422,600,000","175,700,000","108,200,000","100,000,000","93,500,000","157,400,000","127,700,000","93,800,000","93,400,000","149,200,000","97,600,000","84,300,000","70,500,000","148,000,000","122,900,000","84,500,000","82,500,000","130,000,000","104,400,000","78,600,000","76,000,000","148,500,000","104,400,000","80,400,000","74,500,000","131,800,000","92,000,000","73,600,000","76,800,000","133,700,000","102,400,000","66,200,000","67,900,000","116,300,000","75,100,000","50,700,000","57,700,000","82,400,000","68,600,000","53,500,000","51,488,000","87,625,000","56,924,000","41,616,000","44,635,000","83,593,000","43,200,000","62,374,000","15,832,000","89,415,000","48,819,000","43,999,000","37,367,000","89,132,000","47,428,000","43,675,000","39,165,000","85,242,000","51,934,000","40,910,000","36,514,000","78,088,000","35,964,000","34,334,000","34,514,000","59,873,000","34,818,000","27,073,000","27,236,000","57,616,000","31,265,000","24,202,000","24,417,000","54,000,000","25,400,000","5,800,000","18,200,000","50,000,000","21,500,000","16,100,000","16,200,000","48,200,000","20,200,000","14,800,000","15,200,000","45,900,000","-24,300,000","11,000,000","9,400,000","42,300,000","19,900,000","16,000,000","19,300,000","-2,800,000","26,400,000","19,100,000","18,300,000","12,300,000","24,900,000","18,100,000","17,800,000","35,000,000","24,000,000","18,900,000","17,400,000","30,000,000","20,800,000","14,900,000","15,200,000","25,500,000","17,900,000","16,100,000","9,900,000","20,300,000","16,700,000","8,000,000","7,500,000","16,400,000","11,900,000","3,600,000","4,400,000","14,700,000","4,200,000","7,400,000","4,400,000","21,200,000","3,000,000","3,900,000","4,200,000","16,900,000","3,800,000"
			NetIncomeContinuousOperations,"748,400,000","154,900,000","197,400,000","212,400,000","183,700,000","161,800,000","200,700,000","206,100,000","195,900,000","144,700,000","213,400,000","191,900,000","149,400,000","148,000,000","214,000,000","173,500,000","123,300,000","422,600,000","175,700,000","108,200,000","100,000,000","93,500,000","157,400,000","127,700,000","93,800,000","93,400,000","149,200,000","97,600,000","84,300,000","70,500,000","148,000,000","122,900,000","84,500,000","82,500,000","130,000,000","104,400,000","78,600,000","76,000,000","141,000,000","98,900,000","76,500,000","69,900,000","127,300,000","85,200,000","67,500,000","68,900,000","127,700,000","95,800,000","59,500,000","61,600,000","110,100,000","72,000,000","46,900,000","57,700,000","63,800,000","68,600,000","53,300,000","51,423,000","87,598,000","56,848,000","41,425,000","44,228,000","83,100,000","43,068,000","61,644,000","14,388,000","88,101,000","47,970,000","42,794,000","36,035,000","87,345,000","46,196,000","42,853,000","38,106,000","87,195,000","40,080,000","39,959,000","35,139,000","77,169,000","35,177,000","33,613,000","33,841,000","59,066,000","34,312,000","26,636,000","26,586,000","71,113,000","27,033,000","24,202,000","24,417,000","54,000,000","25,400,000","5,800,000","18,200,000","50,000,000","21,500,000","16,100,000","16,200,000","48,200,000","19,200,000","14,800,000","15,200,000","45,900,000","-21,600,000","11,000,000","9,400,000","40,200,000","19,900,000","16,000,000","19,300,000","-10,700,000","26,400,000","19,100,000","18,300,000","38,900,000","24,900,000","15,300,000","15,000,000","32,500,000","21,600,000","16,500,000","14,700,000","30,000,000","20,800,000","14,900,000","15,200,000","25,500,000","17,900,000","16,100,000","9,900,000","20,300,000","16,700,000","8,000,000","7,500,000","17,300,000","11,000,000","3,600,000","4,400,000","14,700,000","4,200,000","7,400,000","4,400,000","21,200,000","3,000,000","3,900,000","4,200,000","16,900,000","3,800,000"
			NetIncomeDiscontinuousOperations,,,,,,,,,,,,,,,,,,,,,,,,,,,,,,,,,,,,,,,"7,500,000","5,500,000","3,900,000","4,600,000","4,500,000","6,800,000","6,100,000","7,900,000","6,000,000","6,600,000","6,700,000","6,300,000","6,200,000","3,100,000","3,800,000",,,,,,,,,,,,,,,,,,,,,,"-699,000","11,226,000",,,,,,,,,,,,"4,232,000",,,,,,,,,,,"0","1,000,000",,,"0","5,100,000",,,,,,,,,,,,,"2,800,000","2,800,000","2,500,000","2,400,000","2,400,000","2,700,000",,,,,,,,,,,,,"-900,000","900,000",,,,,,,,,,,,
			NetIncomeFromTaxLossCarryforward,,,,,,,,,,,,,,,,,,,,,,,,,,,,,,,,,,,,,,,,,,,,,,,,,,,,,,,,,,,,,,,,,,,,,,,,,,,,,,,,,,,,,,,,,,,,,,,,,,,,,,,"0","-7,800,000",,,,,,,,,,,,,,,,,,,,,,,,,,,,,,,,,,,,,,,,,,,,
		MinorityInterests,,,,,,,,,,,,,,,,,,,,,,,,,,,,,,,,,,,,,,,,"400,000","500,000",,,,,,,,,,,,,,,,"-200,000","-65,000","-27,000","-76,000","-191,000","-407,000","-493,000","-132,000","-730,000","-1,444,000","-1,314,000","-849,000","-1,205,000","-1,332,000","-1,787,000","-1,232,000","-822,000","-1,059,000","-846,000","-628,000","-951,000","-1,375,000","-919,000","-787,000","-721,000","-673,000","-807,000","-506,000","-437,000","-650,000",,,,,,,,,,,,,,,,,,,,,,,,,,,,,,,,,,,,,,,,,,,,,,,,,,,,,,,,,,,,,,
DilutedNIAvailtoComStockholders,"748,400,000","154,900,000","197,400,000","212,400,000","183,700,000","161,800,000","200,700,000","206,100,000","195,900,000","144,700,000","213,400,000","191,900,000","149,400,000","148,000,000","214,000,000","173,500,000","123,300,000","422,600,000","175,700,000","108,200,000","100,000,000","93,500,000","157,400,000","127,700,000","93,800,000","93,400,000","149,200,000","97,600,000","84,300,000","70,500,000","148,000,000","122,900,000","84,500,000","82,500,000","130,000,000","104,400,000","78,600,000","76,000,000","146,900,000","104,800,000","80,900,000","74,500,000","131,800,000","92,000,000","73,600,000","76,800,000","133,700,000","102,400,000","66,200,000","67,900,000","116,300,000","75,100,000","50,700,000","57,700,000","82,400,000","68,600,000","53,300,000","51,423,000","87,598,000","56,848,000","41,425,000","44,228,000","83,100,000","43,068,000","61,644,000","14,388,000","88,101,000","47,970,000","42,794,000","36,035,000","87,345,000","46,196,000","42,853,000","38,106,000","84,396,000","51,306,000","39,959,000","35,139,000","77,169,000","35,177,000","33,613,000","33,841,000","59,066,000","34,312,000","26,636,000","26,586,000","57,616,000","31,265,000","24,202,000","24,417,000","54,000,000","25,400,000","5,800,000","18,200,000","50,000,000","21,500,000","16,100,000","16,200,000","48,200,000","20,200,000","14,800,000","15,200,000","45,900,000","-24,300,000","11,000,000","9,400,000","42,300,000","19,900,000","16,000,000","19,300,000","-2,800,000","26,400,000","19,100,000","18,300,000","12,300,000","24,900,000","18,100,000","17,800,000","35,000,000","24,000,000","18,900,000","17,400,000","30,000,000","20,800,000","14,900,000","15,200,000","25,500,000","17,900,000","16,100,000","9,900,000",,,,,,,,,,,,,,,,,,
BasicEPS,,"0.58",,"0.79","0.69","0.61","0.75","0.775","0.735","0.545","0.8","0.725","0.565","0.56","0.81","0.66","0.47","1.61","0.67","0.43","0.4","0.375","0.625","0.505","0.37","0.365","0.585","0.38","0.33","0.275","0.575","0.475","0.325","0.315",,"0.395","0.3","0.285","0.56","0.395","0.305","0.28","0.495","0.345","0.28","0.29",,"0.385","0.25","0.255",,"0.285","0.195","0.22",,"0.265","0.205","0.2",,"0.22","0.16","0.17",,"0.165","0.235","0.055",,"0.18","0.16","0.135",,"0.17","0.155","0.14",,"0.185","0.145","0.125",,"0.125","0.12","0.06",,"0.125","0.098","0.098",,"0.115","0.088","0.044",,"0.045","0.01","0.031",,"0.036","0.028","0.028",,"0.034","0.025","0.025",,"-0.038","0.018","0.015",,"0.031","0.025","0.03",,"0.041","0.03","0.029",,"0.038","0.028","0.028",,"0.036","0.029","0.026",,"0.016","0.011","0.012",,"0.014","0.012","0.008",,"0.006","0.003","0.003",,"0.004","0.001","0.001",,"0.001","0.001","0.001",,"0.001","0.001","0.001",,"0.001"
DilutedEPS,,"0.57",,"0.79","0.68","0.6","0.74","0.765","0.73","0.54","0.795","0.715","0.56","0.555","0.8","0.65","0.465","1.59","0.66","0.425","0.395","0.37","0.62","0.5","0.365","0.365","0.58","0.38","0.325","0.275","0.57","0.47","0.32","0.31",,"0.39","0.295","0.285","0.555","0.39","0.3","0.275","0.49","0.345","0.275","0.285",,"0.38","0.245","0.255",,"0.285","0.19","0.22",,"0.26","0.205","0.195",,"0.215","0.155","0.165",,"0.16","0.23","0.055",,"0.175","0.155","0.13",,"0.165","0.15","0.135",,"0.18","0.14","0.125",,"0.125","0.12","0.06",,"0.123","0.095","0.095",,"0.113","0.088","0.044",,"0.044","0.01","0.031",,"0.036","0.028","0.028",,"0.034","0.025","0.025",,"-0.038","0.018","0.015",,"0.031","0.025","0.03",,"0.041","0.03","0.029",,"0.038","0.028","0.028",,"0.036","0.029","0.026",,"0.016","0.011","0.012",,"0.014","0.012","0.008",,"0.006","0.003","0.003",,"0.004","0.001","0.001",,"0.001","0.001","0.001",,"0.001","0.001","0.001",,"0.001"
BasicAverageShares,,"267,800,000",,"267,400,000","267,300,000","267,100,000","267,000,000","266,600,000","266,200,000","266,000,000","266,000,000","265,600,000","264,600,000","264,400,000","264,197,531","263,200,000","262,800,000","262,400,000","262,200,000","252,600,000","249,400,000","250,200,000","251,600,000","252,800,000","253,800,000","254,200,000","255,600,000","256,000,000","255,800,000","256,400,000","257,600,000","259,200,000","260,400,000","262,200,000",,"264,200,000","264,200,000","265,000,000","265,000,000","265,400,000","265,200,000","266,200,000","265,800,000","265,200,000","264,800,000","265,800,000",,"266,600,000","266,200,000","264,600,000",,"261,800,000","261,200,000","260,600,000",,"258,600,000","257,400,000","255,900,000",,"258,192,000","260,300,000","260,688,000",,"263,174,000","264,364,000","265,222,000",,"267,912,000","269,484,000","271,298,000",,"273,922,000","275,358,000","274,714,000",,"278,894,000","278,404,000","281,112,000",,"281,416,000","280,108,333","278,428,356",,"274,496,000","273,189,744","272,676,923",,"271,869,565","276,594,286","556,296,000",,"283,164,000","289,672,000","285,792,000",,"290,796,000","293,616,000","293,868,000",,"298,372,000","300,860,000","303,924,000",,"317,916,000","325,260,000","325,260,000",,"324,700,000","324,644,000","324,764,000",,"325,168,000","325,412,000","325,484,000",,"323,984,000","323,680,000","322,952,000",,"320,820,000","320,456,000","321,180,000",,"319,552,000","319,544,000","319,464,000",,"321,856,000","338,136,000","333,088,000",,"331,664,000","331,664,000","331,664,000",,"374,432,000","374,432,000","373,344,000",,"384,448,000","384,448,000","384,448,000",,"385,920,000","390,496,000","390,496,000",,"390,688,000"
DilutedAverageShares,,"270,500,000",,"270,000,000","270,000,000","269,900,000","269,700,000","269,600,000","268,600,000","268,600,000","268,600,000","268,400,000","267,800,000","267,600,000","267,500,000","266,400,000","265,800,000","265,800,000","265,200,000","255,600,000","252,800,000","253,800,000","254,400,000","255,800,000","256,600,000","256,600,000","258,000,000","258,400,000","258,000,000","258,600,000","259,600,000","261,200,000","262,400,000","264,400,000",,"267,000,000","267,200,000","268,000,000","268,200,000","268,600,000","268,200,000","269,000,000","268,600,000","268,200,000","268,200,000","269,200,000",,"269,800,000","269,600,000","268,000,000",,"264,800,000","263,600,000","263,800,000",,"264,600,000","263,000,000","262,134,000",,"264,810,000","267,274,000","268,390,000",,"269,658,000","270,840,000","270,606,000",,"274,764,000","277,478,000","280,914,000",,"283,374,000","284,988,000","283,634,000",,"286,174,000","284,820,000","281,112,000",,"281,416,000","280,108,333","278,428,356",,"280,097,959","280,378,947","279,852,632",,"277,911,111","558,544,000","558,544,000",,"283,164,000","289,672,000","285,792,000",,"290,796,000","293,616,000","293,868,000",,"298,372,000","300,860,000","303,924,000",,"317,916,000","325,260,000","325,260,000",,"324,700,000","324,644,000","324,764,000",,"325,168,000","325,412,000","325,484,000",,"323,984,000","323,680,000","322,952,000",,"320,820,000","320,456,000","321,180,000",,"319,552,000","319,544,000","319,464,000",,"321,856,000","338,136,000","333,088,000",,"331,664,000","331,664,000","331,664,000",,"374,432,000","374,432,000","373,344,000",,"384,448,000","384,448,000","384,448,000",,"385,920,000","390,496,000","390,496,000",,"390,688,000"
TotalOperatingIncomeAsReported,"985,700,000","206,900,000","276,200,000","265,200,000","237,400,000","236,300,000","274,900,000","273,000,000","257,400,000","194,200,000","299,200,000","253,500,000","208,100,000","196,900,000","294,900,000","233,000,000","191,700,000","183,700,000","266,900,000","168,700,000","132,600,000","134,200,000","219,100,000","167,800,000","125,000,000","129,100,000","212,200,000","138,700,000","103,800,000","93,700,000","199,400,000","157,300,000","121,700,000","124,600,000","174,100,000","148,400,000","116,000,000","112,000,000","200,300,000","144,200,000","121,300,000","112,500,000","192,000,000","128,400,000","109,300,000","110,600,000","185,400,000","126,000,000","97,500,000","100,800,000","177,900,000","116,600,000","82,500,000","89,800,000","125,700,000","92,900,000","80,500,000","77,389,000","132,054,000","88,888,000","66,908,000","66,351,000","126,443,000","64,166,000","54,698,000","24,293,000","135,490,000","78,900,000","71,152,000","57,958,000","127,593,000","74,001,000","69,722,000","61,384,000","121,382,000","62,729,000","59,981,000","58,882,000","112,896,000","57,204,000","55,502,000","52,098,000","89,652,000","56,439,000","49,570,000","44,939,000","93,071,000","52,452,000","42,683,000","37,894,000","82,600,000","44,000,000","35,700,000","32,600,000","85,000,000","39,000,000","31,100,000","30,100,000","77,900,000","32,400,000","28,700,000","28,700,000","73,900,000","33,200,000","28,300,000","25,100,000","73,700,000","43,700,000","39,700,000","43,900,000","74,400,000","50,500,000","37,600,000","36,200,000","67,700,000","48,700,000","33,000,000","31,100,000","61,400,000","42,700,000","32,300,000","30,700,000","55,000,000","36,700,000","26,200,000","27,700,000","48,400,000","35,300,000","21,100,000","22,200,000",,,,,,,,,,,,,,,,,,
TotalExpenses,"5,297,400,000","1,295,300,000","1,426,300,000","1,277,100,000","1,298,700,000","1,225,300,000","1,267,700,000","1,157,200,000","1,140,800,000","1,016,800,000","1,181,700,000","1,068,000,000","1,086,700,000","1,032,500,000","1,201,500,000","1,103,400,000","1,119,400,000","1,042,500,000","1,198,500,000","987,300,000","977,000,000","905,900,000","1,002,000,000","918,900,000","934,400,000","899,500,000","987,300,000","909,500,000","901,300,000","888,300,000","971,300,000","883,200,000","911,700,000","868,800,000","970,900,000","868,000,000","886,600,000","822,400,000","945,500,000","833,500,000","862,700,000","794,200,000","918,700,000","792,000,000","774,400,000","672,200,000","794,000,000","668,600,000","700,800,000","663,700,000","741,200,000","674,200,000","668,000,000","628,200,000","770,800,000","686,100,000","688,200,000","642,925,000","714,013,000","624,494,000","613,866,000","578,924,000","664,073,000","581,394,000","585,208,000","585,408,000","601,584,000","543,831,000","557,419,000","545,665,000","616,538,000","539,543,000","526,442,000","510,978,000","577,245,000","494,883,000","536,144,000","496,265,000","590,567,000","487,807,000","497,118,000","466,808,000","611,294,000","514,271,000","517,570,000","488,565,000","586,436,000","443,414,000","443,041,000","424,509,000","537,800,000","432,800,000","432,500,000","408,900,000","500,700,000","405,800,000","404,400,000","385,100,000","479,100,000","390,500,000","385,000,000","378,700,000","463,500,000","372,300,000","407,400,000","406,700,000","482,600,000","388,300,000","405,300,000","381,500,000","434,200,000","371,700,000","358,700,000","331,500,000","393,100,000","346,200,000","328,300,000","308,500,000","390,800,000","317,600,000","304,300,000","291,600,000","374,900,000","305,100,000","306,400,000","295,900,000","350,800,000","286,200,000","280,600,000","278,300,000",,,,,,,,,,,,,,,,,,
NetIncomeFromContinuingAndDiscontinuedOperation,"748,400,000","154,900,000","197,400,000","212,400,000","183,700,000","161,800,000","200,700,000","206,100,000","195,900,000","144,700,000","213,400,000","191,900,000","149,400,000","148,000,000","214,000,000","173,500,000","123,300,000","422,600,000","175,700,000","108,200,000","100,000,000","93,500,000","157,400,000","127,700,000","93,800,000","93,400,000","149,200,000","97,600,000","84,300,000","70,500,000","148,000,000","122,900,000","84,500,000","82,500,000","130,000,000","104,400,000","78,600,000","76,000,000","146,900,000","104,800,000","80,900,000","74,500,000","131,800,000","92,000,000","73,600,000","76,800,000","133,700,000","102,400,000","66,200,000","67,900,000","116,300,000","75,100,000","50,700,000","57,700,000","63,800,000","68,600,000","53,300,000","51,423,000","87,598,000","56,848,000","41,425,000","44,228,000","83,100,000","43,068,000","61,644,000","14,388,000","88,101,000","47,970,000","42,794,000","36,035,000","87,345,000","46,196,000","42,853,000","38,106,000","86,496,000","51,306,000","39,959,000","35,139,000","77,169,000","35,177,000","33,613,000","33,841,000","59,066,000","34,312,000","26,636,000","26,586,000","57,616,000","31,265,000","24,202,000","24,417,000","54,000,000","25,400,000","5,800,000","18,200,000","50,000,000","21,500,000","16,100,000","16,200,000","48,200,000","20,200,000","14,800,000","15,200,000","45,900,000","-16,500,000","11,000,000","9,400,000","42,300,000","19,900,000","16,000,000","19,300,000","-2,800,000","26,400,000","19,100,000","18,300,000","38,900,000","24,900,000","18,100,000","17,800,000","35,000,000","24,000,000","18,900,000","17,400,000","30,000,000","20,800,000","14,900,000","15,200,000","25,500,000","17,900,000","16,100,000","9,900,000",,,,,,,,,,,,,,,,,,
NormalizedIncome,"809,416,622.539","171,241,800","218,793,231.265","218,548,600","199,747,400","175,279,600","212,446,890.145","206,180,700","198,280,900","145,517,000","216,334,091.757","198,306,400","155,172,300","149,810,200","216,196,523.754","181,234,100","135,903,600","430,557,000","178,146,526.221","130,158,400","100,000,000","93,500,000","157,400,000","127,700,000","93,800,000","93,400,000","149,200,000","97,600,000","84,300,000","70,500,000","148,000,000","122,900,000","84,500,000","82,500,000","130,000,000","104,400,000","78,600,000","76,000,000","138,947,593.583","98,625,170.584","77,071,295.433","69,270,270.27","127,442,873.176","84,394,845.361","66,879,468.846","68,551,668.352","126,820,826.162","95,380,192.813","59,500,000","61,185,185.185","113,351,898.734","72,414,985.591","50,614,851.485","57,700,000","90,658,791.704","63,401,109.878","48,040,112.994","51,657,724.019","95,739,153.343","57,125,076.324","44,710,933.325","48,329,202.996","90,869,518.027","54,296,810.56","44,361,446.171","31,208,451.936","90,687,158.003","44,622,161.015","39,818,988.158","33,172,203.588","84,879,607.546","43,736,771.333","36,765,840.348","35,798,083.141","81,048,507.841","37,527,190.619","34,946,895.669","32,796,386.292","73,862,200.941","33,938,360.383","32,181,840.68","29,484,284.825","60,922,798.645","30,291,924.385","24,556,747.739","21,868,239.874","55,085,887.808","27,921,586.809","23,202,218.627","21,511,457.435","49,373,317.013","23,675,718.016","12,640,000","16,340,145.985","48,582,474.227","19,509,259.259","14,496,680.498","14,348,571.429","44,497,304.582","14,671,096.346","12,778,854.626","13,291,774.892","42,800,431.034","17,142,857.143","10,800,000","8,420,833.333","38,413,333.333","19,701,000","16,516,129.032","18,683,386.581","49,986,567.164","25,889,855.072","18,330,872.483","17,671,134.021","36,800,634.921","24,060,000","15,422,891.566","14,692,622.951","33,488,593.156","21,415,384.615","14,591,417.91","14,576,470.588","30,971,922.246","19,825,000","12,819,369.369","13,569,098.712","24,934,729.064","17,836,971.831","10,053,711.79","9,531,055.901",,,,,,,,,,,,,,,,,,
InterestExpense,"135,900,000","33,100,000","33,300,000","33,900,000","35,600,000","33,800,000","32,400,000","33,500,000","34,400,000","35,300,000","38,500,000","41,300,000","42,400,000","43,000,000","43,900,000","44,700,000","44,200,000","41,800,000","44,800,000","21,500,000","14,900,000","14,500,000","14,300,000","14,100,000","13,700,000","13,900,000","13,800,000","13,600,000","13,000,000","12,900,000","12,400,000","12,400,000","12,500,000","12,400,000","11,900,000","14,000,000","13,500,000","13,900,000","13,900,000","13,200,000","13,900,000","13,500,000","13,600,000","13,100,000","12,300,000","12,200,000","12,300,000","12,400,000","12,300,000","12,300,000","12,600,000","12,800,000","13,000,000",,,,,,,,,,,,,,,,,,,,,,,,,,,,,,,,,,,,,,,,,,,,,,,,,,,,,,,,,,,,,,,,,,,,,,,,,,,,,,,,,,,,,,,,,,,,,,,
NetInterestIncome,"-126,600,000","-33,100,000","-24,000,000","-33,900,000","-35,600,000","-33,800,000","-24,600,000","-33,500,000","-34,400,000","-35,300,000","-38,500,000","-41,300,000","-42,400,000","-43,000,000","-43,900,000","-44,700,000","-44,200,000","-41,800,000","-44,800,000","-36,900,000","-14,900,000","-14,500,000","-14,300,000","-14,100,000","-13,700,000","-13,900,000","-13,800,000","-13,600,000","-13,000,000","-12,900,000","-12,400,000","-12,400,000","-12,500,000","-12,400,000","-11,900,000","-14,000,000","-13,500,000","-13,900,000","-13,900,000","-13,200,000","-13,900,000","-13,500,000","-13,600,000","-13,100,000","-12,300,000","-12,200,000","-12,300,000","-12,400,000","-12,300,000","-12,300,000","-12,600,000","-12,800,000","-13,000,000",,,,,,,,,,,,,,,,,,,,,,,,,,,,,,,,,,,,,,,,,,,,,,,,,,,,,,,,,,,,,,,,,,,,,,,,,,,,,,,,,,,,,,,,,,,,,,,
EBIT,"1,004,600,000","213,100,000","281,500,000","268,700,000","241,300,000","240,900,000","280,000,000","276,900,000","260,500,000","199,700,000","306,600,000","260,400,000","214,400,000","203,000,000","302,800,000","234,700,000","193,200,000","185,200,000","267,900,000","154,500,000","133,800,000","134,300,000","221,300,000","168,000,000","125,700,000","130,200,000","212,700,000","138,900,000","104,400,000","93,500,000","199,700,000","157,600,000","122,000,000","124,800,000","174,600,000","148,700,000","116,800,000","112,600,000","200,900,000","145,100,000","121,200,000","113,400,000","191,800,000","129,500,000","110,200,000","111,100,000","186,600,000","126,500,000","97,500,000","101,400,000","178,500,000","116,900,000","83,700,000","90,300,000","136,100,000","95,500,000","75,900,000","81,025,000","146,106,000","91,733,000","73,348,000","73,715,000","139,625,000","81,701,000","54,698,000","24,293,000","135,490,000","78,900,000","71,152,000","57,958,000","127,593,000","74,001,000","69,722,000","61,384,000","121,382,000","62,729,000","59,981,000","58,882,000","112,896,000","57,204,000","55,502,000","52,098,000","90,652,000","56,439,000","49,570,000","44,939,000","93,071,000","52,452,000","42,683,000","37,894,000","82,600,000","44,000,000","35,700,000","32,600,000","85,000,000","39,000,000","31,100,000","30,100,000","77,900,000","32,400,000","28,700,000","28,700,000","73,900,000","33,200,000","28,300,000","25,100,000","73,700,000","43,700,000","39,700,000","43,900,000","74,400,000","50,500,000","37,600,000","36,200,000","67,700,000","48,700,000","33,000,000","31,100,000","61,400,000","42,700,000","32,300,000","30,700,000","55,000,000","36,700,000","26,200,000","27,700,000","48,400,000","35,300,000","21,100,000","22,200,000","-782,500,000","314,900,000","291,700,000","277,900,000","-756,300,000","285,300,000","277,200,000","272,100,000","-690,900,000","261,200,000","260,800,000","232,000,000","-615,000,000","235,200,000","223,500,000","223,200,000","-545,200,000","205,700,000"
EBITDA,"1,191,800,000"
ReconciledCostOfRevenue,"3,881,300,000","962,000,000","1,027,400,000","949,800,000","942,100,000","904,000,000","897,200,000","840,000,000","821,600,000","742,100,000","854,800,000","789,300,000","793,400,000","764,600,000","817,700,000","750,400,000","752,100,000","717,100,000","822,700,000","700,800,000","669,700,000","630,700,000","687,000,000","637,100,000","630,500,000","625,200,000","680,200,000","638,000,000","620,100,000","620,700,000","667,500,000","622,700,000","620,900,000","601,900,000","667,800,000","608,800,000","608,200,000","572,700,000","663,400,000","586,000,000","595,600,000","551,400,000","631,600,000","555,900,000","533,000,000","454,600,000","533,400,000","459,800,000","471,600,000","454,300,000","502,900,000","472,700,000","455,100,000","434,300,000","510,800,000","473,200,000","466,200,000","438,200,000","488,800,000","431,898,000","415,414,000","388,287,000","448,025,000","393,818,000","389,342,000","370,616,000","413,325,000","379,394,000","387,225,000","375,455,000","429,002,000","374,385,000","364,238,000","350,676,000","396,413,000","345,131,000","382,750,000","355,307,000","414,696,000","355,124,000","359,925,000","333,655,000","388,599,000","341,765,000","345,627,000","325,009,000","363,329,000","308,635,000","301,329,000","284,107,000","355,100,000","299,000,000","295,500,000","282,600,000","342,300,000","285,000,000","281,100,000","269,000,000","326,100,000","271,500,000","267,500,000","257,900,000","307,300,000","254,000,000","284,900,000","272,700,000","327,900,000","274,400,000","278,100,000","267,500,000","294,900,000","247,200,000","240,200,000","221,900,000","254,900,000","227,400,000","215,900,000","204,700,000","249,200,000","208,200,000","197,700,000","188,600,000","236,200,000","205,100,000","205,700,000","199,000,000","225,600,000","196,700,000","190,800,000","188,500,000",,,,,,,,,,,,,,,,,,
ReconciledDepreciation,"187,200,000","49,000,000","47,200,000","47,200,000","43,800,000","48,100,000","41,100,000","42,400,000","39,600,000","41,900,000","40,800,000","39,000,000","38,700,000","40,300,000","39,100,000","37,500,000","37,500,000","36,600,000","35,600,000","31,500,000","29,800,000","28,300,000","26,400,000","29,300,000","26,600,000","26,400,000","27,200,000","26,200,000","27,600,000","24,900,000","24,600,000","24,600,000","26,700,000","26,800,000","29,100,000","25,200,000","25,500,000","26,200,000","26,000,000","26,200,000","24,800,000","25,800,000","25,100,000","24,700,000","24,800,000","23,700,000","25,000,000","24,200,000","22,800,000","23,100,000","24,700,000","22,500,000","27,100,000","20,000,000","21,000,000","20,500,000","21,651,000","22,449,000","21,211,000","21,472,000","20,035,000","19,882,000","25,518,000","21,824,000","21,373,000","18,085,000","20,380,000","18,727,000","17,852,000","17,641,000","18,573,000","18,725,000","18,464,000","16,238,000","18,347,000","9,538,000","19,280,000","18,135,000","19,081,000","15,440,000","17,373,000","14,906,000","18,143,000","18,251,000","19,321,000","17,285,000","18,547,000","14,376,000","13,913,000","14,464,000","15,400,000","13,500,000","14,900,000","13,600,000","15,200,000","13,500,000","13,100,000","13,000,000","11,900,000","12,800,000","11,800,000","12,800,000","15,700,000","15,100,000","16,900,000","16,100,000","18,000,000","14,000,000","15,600,000","16,100,000","18,000,000","16,900,000","14,500,000","13,100,000","13,200,000","12,300,000","13,000,000","12,000,000","12,200,000","10,700,000","10,800,000","10,100,000","11,000,000","10,500,000","9,700,000","9,300,000","9,700,000","8,900,000","9,300,000","8,700,000",,,,,,,,,,,,,,,,,,
NetIncomeFromContinuingOperationNetMinorityInterest,"748,400,000","154,900,000","197,400,000","212,400,000","183,700,000","161,800,000","200,700,000","206,100,000","195,900,000","144,700,000","213,400,000","191,900,000","149,400,000","148,000,000","214,000,000","173,500,000","123,300,000","422,600,000","175,700,000","108,200,000","100,000,000","93,500,000","157,400,000","127,700,000","93,800,000","93,400,000","149,200,000","97,600,000","84,300,000","70,500,000","148,000,000","122,900,000","84,500,000","82,500,000","130,000,000","104,400,000","78,600,000","76,000,000","139,400,000","99,300,000","77,000,000","69,900,000","127,300,000","85,200,000","67,500,000","68,900,000","127,700,000","95,800,000","59,500,000","61,600,000","110,100,000","72,000,000","46,900,000","57,700,000","63,800,000","68,600,000","53,300,000","51,423,000","87,598,000","56,848,000","41,425,000","44,228,000","83,100,000","43,068,000","61,644,000","14,388,000","88,101,000","47,970,000","42,794,000","36,035,000","87,345,000","46,196,000","42,853,000","38,106,000","87,195,000","40,080,000","39,959,000","35,139,000","77,169,000","35,177,000","33,613,000","33,841,000","59,066,000","34,312,000","26,636,000","26,586,000","71,113,000","27,033,000","24,202,000","24,417,000","54,000,000","25,400,000","5,800,000","18,200,000","50,000,000","21,500,000","16,100,000","16,200,000","48,200,000","19,200,000","14,800,000","15,200,000","45,900,000","-21,600,000","11,000,000","9,400,000","40,200,000","19,900,000","16,000,000","19,300,000","-10,700,000","26,400,000","19,100,000","18,300,000","38,900,000","24,900,000","15,300,000","15,000,000","32,500,000","21,600,000","16,500,000","14,700,000","30,000,000","20,800,000","14,900,000","15,200,000","25,500,000","17,900,000","16,100,000","9,900,000",,,,,,,,,,,,,,,,,,
TotalUnusualItemsExcludingGoodwill,"-75,700,000","-20,200,000","-27,800,000","-7,100,000","-20,600,000","-18,800,000","-15,300,000","-100,000","-2,900,000","-1,000,000","-3,900,000","-7,700,000","-7,100,000","-2,100,000","-2,800,000","-8,900,000","-16,200,000","-10,900,000","-3,300,000","-29,200,000","-4,700,000","-3,600,000","-5,900,000","-4,300,000","-3,900,000","-1,600,000","-2,400,000","-11,700,000","-19,000,000","-28,400,000","-2,900,000","-2,300,000",,,,,,,"600,000","900,000","-100,000","900,000","-200,000","1,100,000","900,000","500,000","1,200,000","500,000","0","600,000","-4,900,000","-600,000","-5,600,000","0","-37,800,000","7,400,000","7,600,000","-336,000","-11,723,000","-400,000","-4,768,000","-5,811,000","-11,063,000","-15,204,000","24,549,000","-24,737,000","-3,843,000","5,058,000","4,375,000","4,210,000","3,491,000","3,559,000","8,809,000","3,340,000","8,897,000","3,755,000","7,209,000","3,410,000","4,815,000","1,842,000","2,085,000","6,358,000","-2,769,000","6,009,000","3,108,000","7,052,000","22,746,000","-1,380,000","1,481,000","4,118,000","7,000,000","2,600,000","-11,400,000","2,800,000","2,200,000","3,000,000","2,400,000","2,800,000","5,700,000","7,100,000","3,100,000","2,900,000","4,700,000","-56,500,000","300,000","1,500,000","2,800,000","300,000","-800,000","1,000,000","-76,000,000","800,000","1,200,000","1,000,000","3,400,000","1,400,000","-200,000","500,000","-1,600,000","300,000","3,100,000","200,000","-1,500,000","1,500,000","3,100,000","2,500,000","900,000","100,000","8,600,000","600,000",,,,,,,,,,,,,,,,,,
TotalUnusualItems,"-75,700,000","-20,200,000","-27,800,000","-7,100,000","-20,600,000","-18,800,000","-15,300,000","-100,000","-2,900,000","-1,000,000","-3,900,000","-7,700,000","-7,100,000","-2,100,000","-2,800,000","-8,900,000","-16,200,000","-10,900,000","-3,300,000","-29,200,000","-4,700,000","-3,600,000","-5,900,000","-4,300,000","-3,900,000","-1,600,000","-2,400,000","-11,700,000","-19,000,000","-28,400,000","-2,900,000","-2,300,000",,,,,,,"600,000","900,000","-100,000","900,000","-200,000","1,100,000","900,000","500,000","1,200,000","500,000","0","600,000","-4,900,000","-600,000","-5,600,000","0","-37,800,000","7,400,000","7,600,000","-336,000","-11,723,000","-400,000","-4,768,000","-5,811,000","-11,063,000","-15,204,000","24,549,000","-24,737,000","-3,843,000","5,058,000","4,375,000","4,210,000","3,491,000","3,559,000","8,809,000","3,340,000","8,897,000","3,755,000","7,209,000","3,410,000","4,815,000","1,842,000","2,085,000","6,358,000","-2,769,000","6,009,000","3,108,000","7,052,000","22,746,000","-1,380,000","1,481,000","4,118,000","7,000,000","2,600,000","-11,400,000","2,800,000","2,200,000","3,000,000","2,400,000","2,800,000","5,700,000","7,100,000","3,100,000","2,900,000","4,700,000","-56,500,000","300,000","1,500,000","2,800,000","300,000","-800,000","1,000,000","-76,000,000","800,000","1,200,000","1,000,000","3,400,000","1,400,000","-200,000","500,000","-1,600,000","300,000","3,100,000","200,000","-1,500,000","1,500,000","3,100,000","2,500,000","900,000","100,000","8,600,000","600,000",,,,,,,,,,,,,,,,,,
NormalizedEBITDA,"1,267,500,000","282,300,000","356,500,000","323,000,000","305,700,000","307,800,000","336,400,000","319,400,000","303,000,000","242,600,000","351,300,000","307,100,000","260,200,000","245,400,000","344,700,000","281,100,000","246,900,000","232,700,000","306,800,000","215,200,000","163,600,000","162,600,000","247,700,000","197,300,000","152,300,000","156,600,000","239,900,000","165,100,000","132,000,000","118,400,000","224,300,000","182,200,000","148,700,000","151,600,000","203,700,000","173,900,000","142,300,000","138,800,000","226,300,000","170,400,000","146,100,000","138,300,000","217,100,000","153,100,000","134,100,000","134,300,000","210,400,000","150,200,000","120,300,000","123,900,000","208,100,000","140,000,000","116,400,000","110,300,000","194,900,000","108,600,000","89,951,000","103,810,000","179,040,000","113,605,000","98,151,000","99,408,000","176,206,000","118,729,000","51,522,000","67,115,000","159,713,000","92,569,000","84,629,000","71,389,000","142,675,000","89,167,000","79,377,000","74,282,000","130,832,000","68,512,000","72,052,000","73,607,000","127,162,000","70,802,000","70,790,000","60,646,000","111,564,000","68,681,000","65,783,000","55,172,000","88,872,000","68,208,000","55,115,000","48,240,000","91,000,000","54,900,000","62,000,000","43,400,000","98,000,000","49,500,000","41,800,000","40,300,000","84,100,000","38,100,000","37,400,000","38,600,000","84,900,000","104,800,000","44,900,000","39,700,000","88,900,000","57,400,000","56,100,000","59,000,000","168,400,000","66,600,000","50,900,000","48,300,000","77,500,000","60,100,000","46,200,000","42,600,000","75,200,000","53,100,000","40,000,000","40,600,000","67,500,000","45,700,000","32,800,000","34,500,000","57,200,000","44,100,000","21,800,000","30,300,000","-782,500,000","314,900,000","291,700,000","277,900,000","-756,300,000","285,300,000","277,200,000","272,100,000","-690,900,000","261,200,000","260,800,000","232,000,000","-615,000,000","235,200,000","223,500,000","223,200,000","-545,200,000","205,700,000"
TaxRateForCalcs,"0.194","0.191","0.23","0.134","0.221","0.283","0.232","0.193","0.179","0.183","0.248","0.168","0.187","0.138","0.216","0.131","0.222","0.27","0.259","0.248","0.23","0.278","0.297","0.223","0.231","0.269","0.299","0.298","0.159","0.248","0.259","0.214","0.085","0.311","0.243","0.262","0.296","0.285","0.246","0.25","0.287","0.3","0.286","0.268","0.311","0.303","0.267","0.16","0.302","0.309","0.336","0.308","0.337","0.282","0.289","0.297","0.308","0.301","0.306","0.307","0.311","0.294","0.298","0.261","0.296","0.32","0.327","0.338","0.32","0.32","0.294","0.309","0.309","0.309","0.309","0.32","0.305","0.313","0.313","0.328","0.314","0.315","0.329","0.331","0.331","0.331","0.295","0.356","0.325","0.294","0.339","0.337","0.4","0.336","0.356","0.336","0.332","0.339","0.35","0.362","0.348","0.342","0.341","0.314","0.333","0.347","0.362","0.337","0.355","0.383","0.201","0.362","0.359","0.371","0.383","0.4","0.386","0.385","0.382","0.385","0.384","0.382","0.352","0.35","0.329","0.348","0.372","0.37","0.297","0.385",,,,,,,,,,,,,,,,,,
TaxEffectOfUnusualItems,"-14,683,377.461","-3,858,200","-6,406,768.735","-951,400","-4,552,600","-5,320,400","-3,553,109.855","-19,300","-519,100","-183,000","-965,908.243","-1,293,600","-1,327,700","-289,800","-603,476.246","-1,165,900","-3,596,400","-2,943,000","-853,473.779","-7,241,600","0","0","0","0","0","0","0","0","0","0","0","0","0","0","0","0","0","0","147,593.583","225,170.584","-28,704.567","270,270.27","-57,126.824","294,845.361","279,468.846","151,668.352","320,826.162","80,192.813","0","185,185.185","-1,648,101.266","-185,014.409","-1,885,148.515","0","-10,941,208.296","2,201,109.878","2,340,112.994","-101,275.981","-3,581,846.657","-122,923.676","-1,482,066.675","-1,709,797.004","-3,293,481.973","-3,975,189.44","7,266,446.171","-7,916,548.064","-1,256,841.997","1,710,161.015","1,399,988.158","1,347,203.588","1,025,607.546","1,099,771.333","2,721,840.348","1,032,083.141","2,750,507.841","1,202,190.619","2,196,895.669","1,067,386.292","1,508,200.941","603,360.383","653,840.68","2,001,284.825","-912,201.355","1,988,924.385","1,028,747.739","2,334,239.874","6,718,887.808","-491,413.191","481,218.627","1,212,457.435","2,373,317.013","875,718.016","-4,560,000","940,145.985","782,474.227","1,009,259.259","796,680.498","948,571.429","1,997,304.582","2,571,096.346","1,078,854.626","991,774.892","1,600,431.034","-17,757,142.857","100,000","520,833.333","1,013,333.333","101,000","-283,870.968","383,386.581","-15,313,432.836","289,855.072","430,872.483","371,134.021","1,300,634.921","560,000","-77,108.434","192,622.951","-611,406.844","115,384.615","1,191,417.91","76,470.588","-528,077.754","525,000","1,019,369.369","869,098.712","334,729.064","36,971.831","2,553,711.79","231,055.901",,,,,,,,,,,,,,,,,,