name,ttm,12/31/2021,09/30/2021,06/30/2021,03/31/2021,12/31/2020,09/30/2020,06/30/2020,03/31/2020,12/31/2019,09/30/2019,06/30/2019,03/31/2019,12/31/2018,09/30/2018,06/30/2018,03/31/2018,12/31/2017,09/30/2017,06/30/2017,03/31/2017,12/31/2016,09/30/2016,06/30/2016,03/31/2016,12/31/2015,09/30/2015,06/30/2015,03/31/2015,12/31/2014,09/30/2014,06/30/2014,03/31/2014,12/31/2013,09/30/2013,06/30/2013,03/31/2013,12/31/2012,09/30/2012,06/30/2012,03/31/2012,12/31/2011,09/30/2011,06/30/2011,03/31/2011,12/31/2010,09/30/2010,06/30/2010,03/31/2010,12/31/2009,09/30/2009,06/30/2009,03/31/2009,12/31/2008,09/30/2008,06/30/2008,03/31/2008,12/31/2007,09/30/2007,06/30/2007,03/31/2007,12/31/2006,09/30/2006,06/30/2006,03/31/2006,12/31/2005,09/30/2005,06/30/2005,03/31/2005,12/31/2004,09/30/2004,06/30/2004,03/31/2004,12/31/2003,09/30/2003,06/30/2003,03/31/2003,12/31/2002,09/30/2002,06/30/2002,03/31/2002,12/31/2001,09/30/2001,06/30/2001,03/31/2001,12/31/2000,09/30/2000,06/30/2000,03/31/2000,12/31/1999,09/30/1999,06/30/1999,03/31/1999,12/31/1998,09/30/1998,06/30/1998,03/31/1998,12/31/1997,09/30/1997,06/30/1997,03/31/1997,12/31/1996,09/30/1996,06/30/1996,03/31/1996,12/31/1995,09/30/1995,06/30/1995,03/31/1995,12/31/1994,09/30/1994,06/30/1994,03/31/1994,12/31/1993,09/30/1993,06/30/1993,03/31/1993,12/31/1992,09/30/1992,06/30/1992,03/31/1992,12/31/1991,09/30/1991,06/30/1991,03/31/1991,12/31/1990,09/30/1990,06/30/1990,03/31/1990,12/31/1989,09/30/1989,06/30/1989,03/31/1989,12/31/1988,09/30/1988,06/30/1988,03/31/1988,12/31/1987,09/30/1987,06/30/1987,03/31/1987,12/31/1986,09/30/1986,06/30/1986,03/31/1986,12/31/1985,09/30/1985
TotalRevenue,"35,355,000,000","8,612,000,000","8,942,000,000","8,950,000,000","8,851,000,000","8,583,000,000","8,350,000,000","7,176,000,000","8,075,000,000","8,111,000,000","7,991,000,000","8,171,000,000","7,863,000,000","7,945,000,000","8,152,000,000","8,390,000,000","8,278,000,000","7,990,000,000","8,172,000,000","7,810,000,000","7,685,000,000","7,329,000,000","7,709,000,000","7,662,000,000","7,409,000,000","7,298,000,000","7,712,000,000","7,686,000,000","7,578,000,000","7,719,000,000","8,137,000,000","8,134,000,000","7,831,000,000","7,569,000,000","7,916,000,000","7,752,000,000","7,634,000,000","7,387,000,000","7,497,000,000","7,534,000,000","7,486,000,000","7,089,000,000","7,531,000,000","7,680,000,000","7,311,000,000","6,709,000,000","6,874,000,000","6,731,000,000","6,348,000,000","6,122,000,000","6,193,000,000","5,719,000,000","5,089,000,000","5,509,000,000","6,558,000,000","6,739,000,000","6,463,000,000","6,206,000,000","6,177,000,000","6,142,000,000","5,937,000,000","5,782,000,000","5,858,000,000","5,688,000,000","5,595,000,000","5,325,000,000","5,382,000,000","5,294,000,000","5,166,000,000","5,091,000,000","4,969,000,000","5,012,000,000","4,939,000,000","4,718,000,000","4,616,000,000","4,580,000,000","4,318,000,000","4,138,000,000","4,143,000,000","4,161,000,000","3,890,000,000","3,863,000,000","3,967,000,000","4,079,000,000","4,170,000,000","4,196,000,000","4,252,000,000","4,224,000,000","4,052,000,000","4,023,000,000","3,997,000,000","3,863,000,000","3,776,000,000","3,785,000,000","3,766,000,000","3,770,000,000","3,700,000,000","3,713,000,000","3,826,000,000","3,817,000,000","3,714,000,000","3,623,000,000","3,623,000,000","3,522,000,000","3,468,000,000","1,169,000,000","4,069,000,000","4,135,000,000","4,087,000,000","3,855,000,000","3,820,000,000","3,772,000,000","3,632,000,000","3,482,000,000","3,481,000,000","3,540,000,000","3,517,000,000","3,373,000,000","3,600,000,000","3,504,000,000","3,406,000,000","3,224,000,000","3,378,000,000","3,349,000,000","3,389,000,000","3,280,000,000","3,343,000,000","3,234,000,000","3,164,000,000","2,954,000,000","2,994,000,000","3,025,000,000","3,017,000,000","2,579,000,000","2,689,000,000","2,711,000,000","2,602,000,000","2,375,000,000","2,466,000,000","2,381,000,000","2,207,000,000","2,112,000,000","2,236,000,000","2,185,000,000","2,069,000,000","1,963,000,000","2,023,000,000"
	OperatingRevenue,"35,355,000,000","8,612,000,000","8,942,000,000","8,950,000,000","8,851,000,000","8,583,000,000","8,350,000,000","7,176,000,000","8,075,000,000","8,111,000,000","7,991,000,000","8,171,000,000","7,863,000,000","7,945,000,000","8,152,000,000","8,390,000,000","8,278,000,000","7,990,000,000","8,172,000,000","7,810,000,000","7,685,000,000","7,329,000,000","7,709,000,000","7,662,000,000","7,409,000,000","7,298,000,000","7,712,000,000","7,686,000,000","7,578,000,000","7,719,000,000","8,137,000,000","8,134,000,000","7,831,000,000","7,569,000,000","7,916,000,000","7,752,000,000","7,634,000,000","7,387,000,000","7,497,000,000","7,534,000,000","7,486,000,000","7,089,000,000","7,531,000,000","7,680,000,000","7,311,000,000","6,709,000,000","6,874,000,000","6,731,000,000","6,348,000,000","6,122,000,000","6,193,000,000","5,719,000,000","5,089,000,000","5,509,000,000","6,558,000,000","6,739,000,000","6,463,000,000","6,206,000,000","6,177,000,000","6,142,000,000","5,937,000,000","5,782,000,000","5,858,000,000","5,688,000,000","5,595,000,000","5,325,000,000","5,382,000,000","5,294,000,000","5,166,000,000","5,091,000,000","4,969,000,000","5,012,000,000","4,939,000,000","4,718,000,000","4,616,000,000","4,580,000,000","4,318,000,000","4,138,000,000","4,143,000,000","4,161,000,000","3,890,000,000","3,863,000,000","3,967,000,000","4,079,000,000","4,170,000,000","4,196,000,000","4,252,000,000","4,224,000,000","4,052,000,000","4,023,000,000","3,997,000,000","3,863,000,000","3,776,000,000","3,785,000,000","3,766,000,000","3,770,000,000","3,700,000,000","3,713,000,000","3,826,000,000","3,817,000,000","3,714,000,000","3,623,000,000","3,623,000,000","3,522,000,000","3,468,000,000","1,169,000,000","4,069,000,000","4,135,000,000","4,087,000,000","3,855,000,000","3,820,000,000","3,772,000,000","3,632,000,000","3,482,000,000","3,481,000,000","3,540,000,000","3,517,000,000","3,373,000,000","3,600,000,000","3,504,000,000","3,406,000,000","3,224,000,000","3,378,000,000","3,349,000,000","3,389,000,000","3,280,000,000","3,343,000,000","3,234,000,000","3,164,000,000","2,954,000,000","2,994,000,000","3,025,000,000","3,017,000,000","2,579,000,000","2,689,000,000","2,711,000,000","2,602,000,000","2,375,000,000","2,466,000,000","2,381,000,000","2,207,000,000","2,112,000,000","2,236,000,000","2,185,000,000","2,069,000,000","1,963,000,000","2,023,000,000"
CostOfRevenue,"18,795,000,000","4,698,000,000","4,853,000,000","4,719,000,000","4,525,000,000","4,388,000,000","4,303,000,000","3,805,000,000","4,109,000,000","4,325,000,000","4,188,000,000","4,313,000,000","4,310,000,000","4,060,000,000","4,159,000,000","4,227,000,000","4,236,000,000","4,080,000,000","4,045,000,000","4,007,000,000","3,869,000,000","3,716,000,000","3,847,000,000","3,799,000,000","3,678,000,000","3,827,000,000","3,877,000,000","3,858,000,000","3,821,000,000","4,027,000,000","4,205,000,000","4,184,000,000","4,031,000,000","3,976,000,000","4,148,000,000","4,013,000,000","3,969,000,000","3,991,000,000","3,935,000,000","3,870,000,000","3,889,000,000","3,824,000,000","4,027,000,000","4,040,000,000","3,802,000,000","3,575,000,000","3,583,000,000","3,435,000,000","3,238,000,000","3,189,000,000","3,171,000,000","2,977,000,000","2,772,000,000","3,101,000,000","3,432,000,000","3,510,000,000","3,336,000,000","3,298,000,000","3,240,000,000","3,175,000,000","3,022,000,000","3,162,000,000","2,990,000,000","2,840,000,000","2,721,000,000","2,618,000,000","2,632,000,000","2,594,000,000","2,537,000,000","2,613,000,000","2,457,000,000","2,452,000,000","2,436,000,000","2,429,000,000","2,322,000,000","2,323,000,000","2,211,000,000","2,114,000,000","2,115,000,000","2,231,000,000","2,036,000,000","2,131,000,000","2,156,000,000","2,266,000,000","2,196,000,000","1,663,000,000","2,479,000,000","2,379,000,000","2,266,000,000","2,249,000,000","2,253,000,000","2,188,000,000","2,162,000,000","2,257,000,000","2,190,000,000","2,162,000,000","2,096,000,000","2,162,000,000","2,173,000,000","2,156,000,000","2,089,000,000","2,054,000,000","2,069,000,000","1,986,000,000","1,990,000,000","335,000,000","2,474,000,000","2,492,000,000","2,419,000,000","2,298,000,000","2,282,000,000","2,247,000,000","2,168,000,000","1,822,000,000","1,905,000,000","1,867,000,000","1,859,000,000","1,703,000,000","1,900,000,000","1,843,000,000","1,813,000,000","1,709,000,000","1,823,000,000","1,754,000,000","1,803,000,000","1,839,000,000","1,752,000,000","1,657,000,000","1,627,000,000","1,602,000,000","1,552,000,000",,,,,,,,,,,,,,,,
GrossProfit,"16,560,000,000","3,914,000,000","4,089,000,000","4,231,000,000","4,326,000,000","4,195,000,000","4,047,000,000","3,371,000,000","3,966,000,000","3,786,000,000","3,803,000,000","3,858,000,000","3,553,000,000","3,885,000,000","3,993,000,000","4,163,000,000","4,042,000,000","3,910,000,000","4,127,000,000","3,803,000,000","3,816,000,000","3,613,000,000","3,862,000,000","3,863,000,000","3,731,000,000","3,471,000,000","3,835,000,000","3,828,000,000","3,757,000,000","3,692,000,000","3,932,000,000","3,950,000,000","3,800,000,000","3,593,000,000","3,768,000,000","3,739,000,000","3,665,000,000","3,396,000,000","3,562,000,000","3,664,000,000","3,597,000,000","3,265,000,000","3,504,000,000","3,640,000,000","3,509,000,000","3,134,000,000","3,291,000,000","3,296,000,000","3,110,000,000","2,933,000,000","3,022,000,000","2,742,000,000","2,317,000,000","2,408,000,000","3,126,000,000","3,229,000,000","3,127,000,000","2,908,000,000","2,937,000,000","2,967,000,000","2,915,000,000","2,620,000,000","2,868,000,000","2,848,000,000","2,874,000,000","2,707,000,000","2,750,000,000","2,700,000,000","2,629,000,000","2,478,000,000","2,512,000,000","2,560,000,000","2,503,000,000","2,289,000,000","2,294,000,000","2,257,000,000","2,107,000,000","2,024,000,000","2,028,000,000","1,930,000,000","1,854,000,000","1,732,000,000","1,811,000,000","1,813,000,000","1,974,000,000","2,533,000,000","1,773,000,000","1,845,000,000","1,786,000,000","1,774,000,000","1,744,000,000","1,675,000,000","1,614,000,000","1,528,000,000","1,576,000,000","1,608,000,000","1,604,000,000","1,551,000,000","1,653,000,000","1,661,000,000","1,625,000,000","1,569,000,000","1,554,000,000","1,536,000,000","1,478,000,000","834,000,000","1,595,000,000","1,643,000,000","1,668,000,000","1,557,000,000","1,538,000,000","1,525,000,000","1,464,000,000","1,660,000,000","1,576,000,000","1,673,000,000","1,658,000,000","1,670,000,000","1,700,000,000","1,661,000,000","1,593,000,000","1,515,000,000","1,555,000,000","1,595,000,000","1,586,000,000","1,441,000,000","1,591,000,000","1,577,000,000","1,537,000,000","1,352,000,000","1,442,000,000",,,,,,,,,,,,,,,,
OperatingExpense,"8,894,000,000","2,240,000,000","2,221,000,000","2,180,000,000","2,253,000,000","2,349,000,000","2,119,000,000","2,001,000,000","2,288,000,000","2,466,000,000","1,860,000,000","2,157,000,000","2,389,000,000","2,105,000,000","1,958,000,000","2,247,000,000","3,040,000,000","2,185,000,000","2,086,000,000","2,080,000,000","2,042,000,000","1,948,000,000","1,958,000,000","1,997,000,000","1,943,000,000","1,971,000,000","1,959,000,000","1,988,000,000","2,027,000,000","2,030,000,000","2,031,000,000","2,094,000,000","2,084,000,000","2,014,000,000","2,029,000,000","2,037,000,000","2,019,000,000","1,953,000,000","1,884,000,000","1,936,000,000","1,963,000,000","1,901,000,000","1,923,000,000","1,985,000,000","1,931,000,000","1,833,000,000","1,715,000,000","1,700,000,000","1,665,000,000","1,591,000,000","1,544,000,000","1,551,000,000","1,514,000,000","1,653,000,000","1,613,000,000","1,757,000,000","1,626,000,000","1,633,000,000","1,512,000,000","1,638,000,000","1,600,000,000","1,884,000,000","1,526,000,000","1,673,000,000","1,505,000,000","1,495,000,000","1,460,000,000","1,417,000,000","1,405,000,000","1,386,000,000","1,329,000,000","1,374,000,000","1,386,000,000","1,254,000,000","1,264,000,000","1,297,000,000","1,326,000,000","1,228,000,000","1,177,000,000","1,244,000,000","1,141,000,000","1,150,000,000","1,191,000,000","1,479,000,000","1,237,000,000","1,886,000,000","954,000,000","1,068,000,000","971,000,000","1,034,000,000","1,009,000,000","871,000,000","965,000,000","946,000,000","947,000,000","967,000,000","924,000,000","954,000,000","952,000,000","972,000,000","937,000,000","940,000,000","916,000,000","908,000,000","882,000,000","355,000,000","1,009,000,000","1,054,000,000","1,022,000,000","999,000,000","964,000,000","955,000,000","915,000,000","1,205,000,000","1,121,000,000","1,157,000,000","1,128,000,000","1,215,000,000","1,168,000,000","1,127,000,000","1,120,000,000","1,085,000,000","1,060,000,000","1,071,000,000","1,076,000,000","983,000,000","1,022,000,000","992,000,000","958,000,000","857,000,000","909,000,000",,,,,,,,,,,,,,,,
	SellingGeneralAndAdministration,"6,900,000,000","1,766,000,000","1,739,000,000","1,666,000,000","1,729,000,000","1,893,000,000","1,658,000,000","1,577,000,000","1,751,000,000","1,945,000,000","1,417,000,000","1,687,000,000","1,912,000,000","1,668,000,000","1,528,000,000","1,779,000,000","2,554,000,000","1,742,000,000","1,623,000,000","1,607,000,000","1,571,000,000","1,527,000,000","1,531,000,000","1,560,000,000","1,493,000,000","1,538,000,000","1,530,000,000","1,550,000,000","1,564,000,000","1,594,000,000","1,597,000,000","1,646,000,000","1,632,000,000","1,576,000,000","1,609,000,000","1,610,000,000","1,589,000,000","1,535,000,000","1,487,000,000","1,528,000,000","1,552,000,000","1,522,000,000","1,534,000,000","1,581,000,000","1,533,000,000","1,445,000,000","1,361,000,000","1,350,000,000","1,323,000,000","1,265,000,000","1,209,000,000","1,242,000,000","1,191,000,000","1,307,000,000","1,269,000,000","1,394,000,000","1,275,000,000","1,274,000,000","1,174,000,000","1,286,000,000","1,281,000,000","1,375,000,000","1,186,000,000","1,322,000,000","1,183,000,000","1,135,000,000","1,165,000,000","1,121,000,000","1,114,000,000","1,097,000,000","1,047,000,000","1,084,000,000","1,104,000,000","1,061,000,000","994,000,000","1,021,000,000","963,000,000","955,000,000","913,000,000","975,000,000","877,000,000","976,000,000","930,000,000","1,196,000,000","959,000,000","801,000,000","1,073,000,000","1,068,000,000","1,021,000,000","1,034,000,000","1,009,000,000","871,000,000","965,000,000","946,000,000","947,000,000","967,000,000","924,000,000","954,000,000","952,000,000","972,000,000","937,000,000","940,000,000","916,000,000","908,000,000","882,000,000","355,000,000","1,009,000,000","1,054,000,000","1,022,000,000","999,000,000","964,000,000","955,000,000","915,000,000","908,000,000","859,000,000","893,000,000","875,000,000","887,000,000","909,000,000","875,000,000","872,000,000","817,000,000","827,000,000","835,000,000","844,000,000","818,000,000","809,000,000","784,000,000","763,000,000","719,000,000","722,000,000",,,,,,,,,,,,,,,,
		GeneralAndAdministrativeExpense,"6,900,000,000","1,766,000,000","1,739,000,000","1,666,000,000","1,729,000,000","1,893,000,000","1,658,000,000","1,577,000,000","1,751,000,000","1,945,000,000","1,417,000,000","1,687,000,000","1,912,000,000","1,668,000,000","1,528,000,000","1,779,000,000","2,554,000,000","1,742,000,000","1,623,000,000","1,607,000,000","1,571,000,000","1,527,000,000","1,531,000,000","1,560,000,000","1,493,000,000","1,538,000,000","1,530,000,000","1,550,000,000","1,564,000,000","1,594,000,000","1,597,000,000","1,646,000,000","1,632,000,000","1,576,000,000","1,609,000,000","1,610,000,000","1,589,000,000","1,535,000,000",,,,,,,,,,,,,,,,,,,,,,,,,,,,,,,,,,,,,,,,,,,,,,,,,,,,,,,,,,,,,,,,,,,,,,,,,,,,,,,,,,,,,,,,,,,,,,,,,,,,,,,,,,,,,
			SalariesAndWages,"-297,000,000","-58,000,000","-80,000,000","-80,000,000","-79,000,000","3,000,000","-19,000,000","-17,000,000","-17,000,000","5,000,000","-38,000,000","1,000,000","-36,000,000","-14,000,000","-19,000,000","-21,000,000","-19,000,000",,,,,,,,,,,,,,,,,,,,,,,,,,,,,,,,,,,,,,,,,,,,,,,,,,,,,,,,,,,,,,,,,,,,,,,,,,,,,,,,,,,,,,,,,,,,,,,,,,,,,,,,,,,,,,,,,,,,,,,,,,,,,,,,,,
			OtherGandA,"7,197,000,000","1,824,000,000","1,819,000,000","1,746,000,000","1,808,000,000","1,890,000,000","1,677,000,000","1,594,000,000","1,768,000,000","1,940,000,000","1,455,000,000","1,686,000,000","1,948,000,000","1,682,000,000","1,547,000,000","1,800,000,000","2,573,000,000","1,742,000,000","1,623,000,000","1,607,000,000","1,571,000,000","1,527,000,000","1,531,000,000","1,560,000,000","1,493,000,000","1,538,000,000","1,530,000,000","1,550,000,000","1,564,000,000","1,594,000,000","1,597,000,000","1,646,000,000","1,632,000,000","1,576,000,000","1,609,000,000","1,610,000,000","1,589,000,000","1,535,000,000",,,,,,,,,,,,,,,,,,,,,,,,,,,,,,,,,,,,,,,,,,,,,,,,,,,,,,,,,,,,,,,,,,,,,,,,,,,,,,,,,,,,,,,,,,,,,,,,,,,,,,,,,,,,,
	ResearchAndDevelopment,"1,994,000,000","474,000,000","482,000,000","514,000,000","524,000,000","456,000,000","461,000,000","424,000,000","537,000,000","521,000,000","443,000,000","470,000,000","477,000,000","437,000,000","430,000,000","468,000,000","486,000,000","443,000,000","463,000,000","473,000,000","471,000,000","421,000,000","427,000,000","437,000,000","450,000,000","433,000,000","429,000,000","438,000,000","463,000,000","436,000,000","434,000,000","448,000,000","452,000,000","438,000,000","420,000,000","427,000,000","430,000,000","418,000,000","397,000,000","408,000,000","411,000,000","379,000,000","389,000,000","404,000,000","398,000,000","388,000,000","354,000,000","350,000,000","342,000,000","326,000,000","335,000,000","309,000,000","323,000,000","346,000,000","344,000,000","363,000,000","351,000,000","359,000,000","338,000,000","352,000,000","319,000,000","509,000,000","340,000,000","351,000,000","322,000,000","360,000,000","295,000,000","296,000,000","291,000,000","289,000,000","282,000,000","290,000,000","282,000,000","286,000,000","270,000,000","276,000,000","270,000,000","273,000,000","264,000,000","269,000,000","264,000,000","262,000,000","261,000,000","283,000,000","278,000,000",,,,,,,,,,,,,,,,,,,,,,,,,,,,,,,,,,,,,,,,,,,,,,,,,,,,,,,,,,,,,,
	DepreciationAmortizationDepletionIncomeStatement,,,,,,,,,,,,,,,,,,,,,,,,,,,,,,,,,,,,,,,,,,,,,,,,,,,,,,,,,,,,,,,,,,,,,,,,,,,,,,,,,,,,,,,,,,,,,,,,,,,,,,,,,,,,,,,,,,"297,000,000","262,000,000","264,000,000","253,000,000","328,000,000","259,000,000","252,000,000","248,000,000","268,000,000","233,000,000","236,000,000","232,000,000","165,000,000","213,000,000","208,000,000","195,000,000","138,000,000","187,000,000",,,,,,,,,,,,,,,,
		DepreciationAndAmortizationInIncomeStatement,,,,,,,,,,,,,,,,,,,,,,,,,,,,,,,,,,,,,,,,,,,,,,,,,,,,,,,,,,,,,,,,,,,,,,,,,,,,,,,,,,,,,,,,,,,,,,,,,,,,,,,,,,,,,,,,,,"297,000,000","262,000,000","264,000,000","253,000,000","328,000,000","259,000,000","252,000,000","248,000,000","268,000,000","233,000,000","236,000,000","232,000,000","165,000,000","213,000,000","208,000,000","195,000,000","138,000,000","187,000,000",,,,,,,,,,,,,,,,
	OtherOperatingExpenses,,,,,,,,,,,,,,,,,,,,,,,,,,,,,,,,,,,,,,,,,,,,,,,,,,,,,,,,,,,,,,,,,,,,,,,,,,,,,"93,000,000",,,,,,,,,"-16,000,000","-119,000,000",,"-50,000,000",,,,,,,,,,,,,,,,,,,,,,,,,,,,,,,,,,,,,,,,,,,,,,,,,,,,,,,,,,
OperatingIncome,"7,666,000,000","1,674,000,000","1,868,000,000","2,051,000,000","2,073,000,000","1,846,000,000","1,928,000,000","1,370,000,000","1,678,000,000","1,320,000,000","1,943,000,000","1,701,000,000","1,164,000,000","1,780,000,000","2,035,000,000","1,916,000,000","1,002,000,000","1,725,000,000","2,041,000,000","1,723,000,000","1,774,000,000","1,665,000,000","1,904,000,000","1,866,000,000","1,788,000,000","1,500,000,000","1,876,000,000","1,840,000,000","1,730,000,000","1,662,000,000","1,901,000,000","1,856,000,000","1,716,000,000","1,579,000,000","1,739,000,000","1,702,000,000","1,646,000,000","1,443,000,000","1,678,000,000","1,728,000,000","1,634,000,000","1,364,000,000","1,581,000,000","1,655,000,000","1,578,000,000","1,301,000,000","1,576,000,000","1,596,000,000","1,445,000,000","1,342,000,000","1,478,000,000","1,191,000,000","803,000,000","755,000,000","1,513,000,000","1,472,000,000","1,501,000,000","1,275,000,000","1,425,000,000","1,329,000,000","1,315,000,000","736,000,000","1,342,000,000","1,175,000,000","1,369,000,000","1,212,000,000","1,290,000,000","1,283,000,000","1,224,000,000","1,092,000,000","1,183,000,000","1,186,000,000","1,117,000,000","1,035,000,000","1,030,000,000","960,000,000","781,000,000","796,000,000","851,000,000","686,000,000","713,000,000","582,000,000","620,000,000","334,000,000","737,000,000","647,000,000","819,000,000","777,000,000","815,000,000","740,000,000","735,000,000","804,000,000","649,000,000","582,000,000","629,000,000","641,000,000","680,000,000","597,000,000","701,000,000","689,000,000","688,000,000","629,000,000","638,000,000","628,000,000","596,000,000","479,000,000","586,000,000","589,000,000","646,000,000","558,000,000","574,000,000","570,000,000","549,000,000","455,000,000","455,000,000","516,000,000","530,000,000","455,000,000","532,000,000","534,000,000","473,000,000","430,000,000","495,000,000","524,000,000","510,000,000","458,000,000","569,000,000","585,000,000","579,000,000","495,000,000","533,000,000","3,025,000,000","3,017,000,000","-6,119,000,000","2,689,000,000","2,711,000,000","2,602,000,000","-5,476,000,000","2,466,000,000","2,381,000,000","2,207,000,000","-5,080,000,000","2,236,000,000","2,185,000,000","2,069,000,000","-4,733,000,000","2,023,000,000"
NetNonOperatingInterestIncomeExpense,"-462,000,000","-110,000,000","-111,000,000","-113,000,000","-128,000,000","-136,000,000","-123,000,000","-128,000,000","-113,000,000","-108,000,000","-83,000,000","-93,000,000","-84,000,000","-77,000,000","-70,000,000","-72,000,000","-61,000,000","-149,000,000","-44,000,000","-42,000,000","-37,000,000","-55,000,000","-42,000,000","-31,000,000","-42,000,000","-37,000,000","-31,000,000","-28,000,000","-27,000,000","-24,000,000","-21,000,000","-36,000,000","-28,000,000","-21,000,000","-23,000,000","-31,000,000","-29,000,000","-34,000,000","-34,000,000","-33,000,000","-31,000,000","-35,000,000","-38,000,000","-41,000,000","-33,000,000","-39,000,000","-40,000,000","-42,000,000","-42,000,000","-43,000,000","-47,000,000","-48,000,000","-44,000,000",,,,,,,,,,,,,,,,,,,,,,,,,,,,,,,,,,,,,,,,,,,,,,,,,,,,,,,,,,,,,,,,,,,,,,,,,,,,,,,,,,,,,,,,,,,,,,
	InterestIncomeNonOperating,"26,000,000","8,000,000","6,000,000","8,000,000","4,000,000","5,000,000","5,000,000","9,000,000","10,000,000","16,000,000","26,000,000","18,000,000","20,000,000","18,000,000","15,000,000","16,000,000","21,000,000","17,000,000","13,000,000","12,000,000","8,000,000","9,000,000","8,000,000","7,000,000","5,000,000","8,000,000","7,000,000","7,000,000","4,000,000","8,000,000","7,000,000","9,000,000","9,000,000","11,000,000","10,000,000","10,000,000","10,000,000","10,000,000","10,000,000","10,000,000","9,000,000","10,000,000","10,000,000","9,000,000","10,000,000","11,000,000","11,000,000","10,000,000","6,000,000","11,000,000","8,000,000","7,000,000","11,000,000",,,,,,,,,,,,,,,,,,,,,,,,,,,,,,,,,,,,,,,,,,,,,,,,,,,,,,,,,,,,,,,,,,,,,,,,,,,,,,,,,,,,,,,,,,,,,,
	InterestExpenseNonOperating,"488,000,000","118,000,000","117,000,000","121,000,000","132,000,000","141,000,000","128,000,000","137,000,000","123,000,000","124,000,000","109,000,000","111,000,000","104,000,000","95,000,000","85,000,000","88,000,000","82,000,000","166,000,000","57,000,000","54,000,000","45,000,000","64,000,000","50,000,000","38,000,000","47,000,000","45,000,000","38,000,000","35,000,000","31,000,000","32,000,000","28,000,000","45,000,000","37,000,000","32,000,000","33,000,000","41,000,000","39,000,000","44,000,000","44,000,000","43,000,000","40,000,000","45,000,000","48,000,000","50,000,000","43,000,000","50,000,000","51,000,000","52,000,000","48,000,000","54,000,000","55,000,000","55,000,000","55,000,000",,,,,,,,,,,,,,,,,,,,,,,,,,,,,,,,,,,,,,,,,,,,,,,,,,,,,,,,,,,,,,,,,,,,,,,,,,,,,,,,,,,,,,,,,,,,,,
OtherIncomeExpense,"-165,000,000","-52,000,000","-31,000,000","-33,000,000","79,000,000","0","19,000,000","387,000,000","2,000,000","0","106,000,000","-162,000,000","8,000,000","17,000,000","19,000,000","506,000,000","24,000,000","96,000,000",,"461,000,000",,,,,,,,,,,,,,,,,,,,,,,,,,,,,,,,,,"0",,"-23,000,000",,"-5,000,000",,"68,000,000","786,000,000",,,,,,,,,,,,,"0",,,"-93,000,000",,,,,,,,,"16,000,000","119,000,000",,"50,000,000","2,000,000","26,000,000",,,"-161,000,000","-322,000,000",,,"0","803,000,000",,,,,,,,,,,"0",,,"-35,000,000","6,000,000","60,000,000","21,000,000","9,000,000","8,000,000","16,000,000","-4,000,000","9,000,000","2,000,000","9,000,000","-5,000,000","9,000,000","35,000,000","2,000,000","5,000,000",,"-1,000,000","9,000,000",,,,,,,,,,,,,,,,
	SpecialIncomeCharges,"0","0","0","0","0","0","0","387,000,000","2,000,000","0","106,000,000","-162,000,000","8,000,000","17,000,000","0","506,000,000","24,000,000","96,000,000","0","461,000,000",,,,,,,,,,,,,,,,,,,,,,,,,,"0",,,,,,"0",,"0",,"-23,000,000",,"-5,000,000",,"68,000,000","786,000,000",,,,,,,,,,,,,"0",,,"-93,000,000",,,,,,,,,"16,000,000","119,000,000",,"50,000,000","2,000,000","26,000,000",,,"-161,000,000","-322,000,000",,,"0","803,000,000",,,,,,,,,,,"0",,,"-35,000,000","6,000,000","60,000,000","21,000,000","9,000,000","8,000,000","16,000,000","-4,000,000","9,000,000","2,000,000","9,000,000","-5,000,000","9,000,000","35,000,000","2,000,000","5,000,000",,"-1,000,000","9,000,000",,,,,,,,,,,,,,,,
		RestructuringAndMergernAcquisition,,,,,,,,,,,,,,,,,,,,,,,,,,,,,,,,,,,,,,,,,,,,,,,,,,,,,,,,"23,000,000",,,,"-68,000,000","-786,000,000",,,,,,,,,,,,,,,,,,,,,,,,,,,,,"-2,000,000","-26,000,000",,,"161,000,000","332,000,000",,,,,,,,,,,,,,,,,,,,,,,,,,,,,,,,,,,,,,,,,,,,,,,,,,,,
		OtherSpecialCharges,,,,,,,,,,,,,,,,,,,,,,,,,,,,,,,,,,,,,,,,,,,,,,,,,,,,,,,,,,,,,,,,,,,,,,,,,,,,,,,,,,,,,,,,,,,,,,"0","-10,000,000",,,,,,,,,,,,,,,,,,,,,,,,,,,,,,,,,,,,,,,,,,,,,,,,,,,,
		GainOnSaleOfBusiness,"0","0","0","0","0","0","0","387,000,000","2,000,000","0","106,000,000","-162,000,000","8,000,000","17,000,000","0","506,000,000","24,000,000","96,000,000","0","461,000,000",,,,,,,,,,,,,,,,,,,,,,,,,,,,,,,,"0",,,,,,,,,,,,,,,,,,,,,,,,,,,,,,,,,,,,,,,,,,,,,,,,,,,,,,,,,,,,,,,,,,,,,,,,,,,,,,,,,,,,,,,,,,,,,,,
	OtherNonOperatingIncomeExpenses,"-165,000,000","-52,000,000","-31,000,000","-33,000,000","79,000,000","-3,000,000","19,000,000","17,000,000","17,000,000","-5,000,000","38,000,000","-1,000,000","36,000,000","14,000,000","19,000,000","21,000,000","19,000,000","-149,000,000",,,,,,,,,,,,,,,,,,,,,,,,,,,,,,,,,,,,,,,,,,,,,,,,,,,,,,,,,,,,,,,,,,,,,,,,,,,,,,,,,,,,,,,,,,,,,,,,,,,,,,,,,,,,,,,,,,,,,,,,,,,,,,,,,
PretaxIncome,"7,204,000,000","1,564,000,000","1,757,000,000","1,938,000,000","1,945,000,000","1,710,000,000","1,805,000,000","1,629,000,000","1,567,000,000","1,212,000,000","1,966,000,000","1,446,000,000","1,088,000,000","1,720,000,000","1,965,000,000","2,350,000,000","965,000,000","1,672,000,000","1,997,000,000","2,142,000,000","1,737,000,000","1,610,000,000","1,862,000,000","1,835,000,000","1,746,000,000","1,463,000,000","1,845,000,000","1,812,000,000","1,703,000,000","1,638,000,000","1,880,000,000","1,820,000,000","1,688,000,000","1,558,000,000","1,716,000,000","1,671,000,000","1,617,000,000","1,409,000,000","1,644,000,000","1,695,000,000","1,603,000,000","1,329,000,000","1,543,000,000","1,614,000,000","1,545,000,000","1,262,000,000","1,536,000,000","1,554,000,000","1,403,000,000","1,299,000,000","1,431,000,000","1,143,000,000","759,000,000","727,000,000","1,489,000,000","1,416,000,000","1,476,000,000","1,237,000,000","1,409,000,000","1,378,000,000","2,091,000,000","1,788,000,000","1,318,000,000","1,164,000,000","1,355,000,000","1,200,000,000","1,283,000,000","1,280,000,000","1,220,000,000","1,089,000,000","1,178,000,000","1,180,000,000","1,108,000,000","938,000,000","1,014,000,000","941,000,000","764,000,000","786,000,000","841,000,000","675,000,000","703,000,000","566,000,000","599,000,000","310,000,000","711,000,000","697,000,000","773,000,000","757,000,000","795,000,000","727,000,000","742,000,000","785,000,000","626,000,000","397,000,000","281,000,000","617,000,000","657,000,000","589,000,000","1,494,000,000","680,000,000","677,000,000","591,000,000","619,000,000","612,000,000","580,000,000","372,000,000","547,000,000","565,000,000","607,000,000","522,000,000","540,000,000","544,000,000","487,000,000","441,000,000","496,000,000","515,000,000","518,000,000","446,000,000","522,000,000","500,000,000","455,000,000","408,000,000","475,000,000","480,000,000","482,000,000","463,000,000","542,000,000","554,000,000","547,000,000","472,000,000","514,000,000",,,,,,,,,,,,,,,,
TaxProvision,"1,285,000,000","227,000,000","324,000,000","415,000,000","319,000,000","316,000,000","387,000,000","342,000,000","273,000,000","242,000,000","378,000,000","315,000,000","195,000,000","371,000,000","419,000,000","488,000,000","359,000,000","1,147,000,000","564,000,000","557,000,000","411,000,000","454,000,000","531,000,000","542,000,000","468,000,000","424,000,000","547,000,000","509,000,000","502,000,000","459,000,000","569,000,000","537,000,000","463,000,000","442,000,000","471,000,000","458,000,000","470,000,000","405,000,000","464,000,000","509,000,000","462,000,000","355,000,000","440,000,000","437,000,000","442,000,000","319,000,000","411,000,000","414,000,000","448,000,000","348,000,000","460,000,000","351,000,000","229,000,000","186,000,000","479,000,000","453,000,000","470,000,000","378,000,000","433,000,000","445,000,000","708,000,000","596,000,000","412,000,000","272,000,000","443,000,000","389,000,000","417,000,000","492,000,000","396,000,000","359,000,000","389,000,000","389,000,000","366,000,000","305,000,000","339,000,000","310,000,000","248,000,000","255,000,000","274,000,000","210,000,000","227,000,000","175,000,000","195,000,000","94,000,000","238,000,000","204,000,000","274,000,000","265,000,000","282,000,000","256,000,000","260,000,000","291,000,000","225,000,000","133,000,000","96,000,000","219,000,000","237,000,000","206,000,000","549,000,000","242,000,000","244,000,000","216,000,000","221,000,000","231,000,000","218,000,000","139,000,000","203,000,000","212,000,000","231,000,000","190,000,000","199,000,000","201,000,000","181,000,000","155,000,000","180,000,000","184,000,000","188,000,000","158,000,000","184,000,000","178,000,000","167,000,000","149,000,000","179,000,000","181,000,000","182,000,000","168,000,000","206,000,000","212,000,000","212,000,000","180,000,000","207,000,000",,,,,,,,,,,,,,,,
EarningsFromEquityInterestNetOfTax,"10,000,000","3,000,000","4,000,000","2,000,000","1,000,000","-4,000,000","-1,000,000",,,,,,,,,,,,,,,,,,,,,,,,,,,,,,,,,,,,,,,,,,,,,,,,,,,,,,,,,,,,,,,,,,,,,,,,,,,,,,,,,,,,,,,,,,,,,,,,,,,,,,,,,,,,,,,,,,,,,,,,,,,,,,,,,,,,,,,,,,,,
NetIncomeCommonStockholders,"5,921,000,000","1,339,000,000","1,434,000,000","1,524,000,000","1,624,000,000","1,389,000,000","1,413,000,000","1,290,000,000","1,292,000,000","969,000,000","1,583,000,000","1,127,000,000","891,000,000","1,347,000,000","1,543,000,000","1,857,000,000","602,000,000","523,000,000","1,429,000,000","1,583,000,000","1,323,000,000","1,155,000,000","1,329,000,000","1,291,000,000","1,275,000,000","1,038,000,000","1,296,000,000","1,300,000,000","1,199,000,000","1,179,000,000","1,303,000,000","1,267,000,000","1,207,000,000","1,103,000,000","1,230,000,000","1,197,000,000","1,129,000,000","991,000,000","1,161,000,000","1,167,000,000","1,125,000,000","954,000,000","1,088,000,000","1,160,000,000","1,081,000,000","928,000,000","1,106,000,000","1,121,000,000","930,000,000","935,000,000","957,000,000","783,000,000","518,000,000","536,000,000","991,000,000","945,000,000","988,000,000","851,000,000","960,000,000","917,000,000","1,368,000,000","1,176,000,000","894,000,000","882,000,000","899,000,000","761,000,000","853,000,000","776,000,000","809,000,000","720,000,000","775,000,000","773,000,000","722,000,000","619,000,000","663,000,000","619,000,000","502,000,000","511,000,000","545,000,000","466,000,000","452,000,000","381,000,000","394,000,000","202,000,000","453,000,000","326,000,000","499,000,000","470,000,000","487,000,000","444,000,000","459,000,000","476,000,000","384,000,000","211,000,000","178,000,000","386,000,000","400,000,000","366,000,000","927,000,000","418,000,000","410,000,000","385,000,000","398,000,000","381,000,000","362,000,000","-97,000,000","344,000,000","353,000,000","376,000,000","332,000,000","341,000,000","343,000,000","306,000,000","286,000,000","316,000,000","331,000,000","330,000,000","287,700,000","338,000,000","322,000,000","288,000,000","259,000,000","296,000,000","299,000,000","300,000,000","295,000,000","336,000,000","342,000,000","335,000,000","292,000,000","307,000,000",,,,,,,,,,,,,,,,
	NetIncome,"5,921,000,000","1,339,000,000","1,434,000,000","1,524,000,000","1,624,000,000","1,389,000,000","1,413,000,000","1,290,000,000","1,292,000,000","969,000,000","1,583,000,000","1,127,000,000","891,000,000","1,347,000,000","1,543,000,000","1,857,000,000","602,000,000","523,000,000","1,429,000,000","1,583,000,000","1,323,000,000","1,155,000,000","1,329,000,000","1,291,000,000","1,275,000,000","1,038,000,000","1,296,000,000","1,300,000,000","1,199,000,000","1,179,000,000","1,303,000,000","1,267,000,000","1,207,000,000","1,103,000,000","1,230,000,000","1,197,000,000","1,129,000,000","991,000,000","1,161,000,000","1,167,000,000","1,125,000,000","954,000,000","1,088,000,000","1,160,000,000","1,081,000,000","928,000,000","1,106,000,000","1,121,000,000","930,000,000","935,000,000","957,000,000","783,000,000","518,000,000","536,000,000","991,000,000","945,000,000","988,000,000","851,000,000","960,000,000","917,000,000","1,368,000,000","1,176,000,000","894,000,000","882,000,000","899,000,000","761,000,000","853,000,000","776,000,000","809,000,000","720,000,000","775,000,000","773,000,000","722,000,000","619,000,000","663,000,000","619,000,000","502,000,000","511,000,000","545,000,000","466,000,000","452,000,000","381,000,000","394,000,000","202,000,000","453,000,000","326,000,000","499,000,000","470,000,000","487,000,000","444,000,000","459,000,000","476,000,000","384,000,000","211,000,000","178,000,000","386,000,000","400,000,000","366,000,000","927,000,000","418,000,000","410,000,000","385,000,000","398,000,000","381,000,000","362,000,000","-97,000,000","344,000,000","353,000,000","376,000,000","332,000,000","341,000,000","343,000,000","306,000,000","286,000,000","316,000,000","331,000,000","330,000,000","287,700,000","338,000,000","322,000,000","288,000,000","259,000,000","296,000,000","299,000,000","300,000,000","295,000,000","336,000,000","342,000,000","335,000,000","292,000,000","307,000,000",,,,,,,,,,,,,,,,
		NetIncomeIncludingNoncontrollingInterests,"5,929,000,000","1,340,000,000","1,437,000,000","1,525,000,000","1,627,000,000","1,390,000,000","1,417,000,000","1,287,000,000","1,294,000,000","970,000,000","1,588,000,000","1,131,000,000","893,000,000","1,349,000,000","1,546,000,000","1,862,000,000","606,000,000","525,000,000","1,433,000,000","1,585,000,000","1,326,000,000","1,156,000,000","1,331,000,000","1,293,000,000","1,278,000,000","1,039,000,000","1,298,000,000","1,303,000,000","1,201,000,000","1,179,000,000","1,311,000,000","1,283,000,000","1,225,000,000","1,116,000,000","1,245,000,000","1,213,000,000","1,147,000,000","1,004,000,000","1,180,000,000","1,186,000,000","1,141,000,000","974,000,000","1,103,000,000","1,177,000,000","1,103,000,000","943,000,000","1,125,000,000","1,140,000,000","955,000,000","951,000,000","971,000,000","792,000,000","530,000,000","541,000,000","1,010,000,000","963,000,000","1,006,000,000","859,000,000","976,000,000","933,000,000","1,383,000,000","1,192,000,000","906,000,000","892,000,000","912,000,000","776,000,000","866,000,000","788,000,000","824,000,000","730,000,000","789,000,000","791,000,000","742,000,000","633,000,000","675,000,000","631,000,000","516,000,000","531,000,000","567,000,000","465,000,000","476,000,000","391,000,000","404,000,000","216,000,000","473,000,000","349,000,000","520,000,000","492,000,000","513,000,000","471,000,000","482,000,000","494,000,000","401,000,000","226,000,000","185,000,000","398,000,000","420,000,000","383,000,000","945,000,000","438,000,000","433,000,000","411,000,000","412,000,000","400,000,000","380,000,000","-71,000,000","358,000,000","372,000,000","394,000,000","349,000,000","354,000,000","359,000,000","321,000,000","293,000,000","324,000,000","338,000,000","340,000,000","290,700,000","344,000,000","329,000,000","296,000,000","265,000,000","303,000,000","309,000,000","309,000,000","301,000,000","343,000,000","350,000,000","343,000,000","299,000,000","312,000,000","327,000,000","318,000,000","272,000,000","296,000,000","309,000,000","277,000,000","216,000,000","249,000,000","240,000,000","213,000,000","185,000,000","215,000,000","198,000,000","181,000,000","148,000,000","173,000,000"
			NetIncomeContinuousOperations,"5,929,000,000","1,340,000,000","1,437,000,000","1,525,000,000","1,627,000,000","1,390,000,000","1,417,000,000","1,287,000,000","1,294,000,000","970,000,000","1,588,000,000","1,131,000,000","893,000,000","1,349,000,000","1,546,000,000","1,862,000,000","606,000,000","525,000,000","1,433,000,000","1,585,000,000","1,326,000,000","1,156,000,000","1,331,000,000","1,293,000,000","1,278,000,000","1,039,000,000","1,298,000,000","1,303,000,000","1,201,000,000","1,179,000,000","1,311,000,000","1,283,000,000","1,225,000,000","1,116,000,000","1,245,000,000","1,213,000,000","1,147,000,000","1,004,000,000","1,180,000,000","1,186,000,000","1,141,000,000","974,000,000","1,103,000,000","1,177,000,000","1,103,000,000","943,000,000","1,125,000,000","1,140,000,000","955,000,000","951,000,000","971,000,000","792,000,000","530,000,000","596,000,000","991,000,000","945,000,000","988,000,000","906,000,000","960,000,000","917,000,000","1,368,000,000","1,227,000,000","894,000,000","882,000,000","899,000,000","851,000,000","853,000,000","776,000,000","809,000,000","782,000,000","775,000,000","773,000,000","722,000,000","671,000,000","663,000,000","619,000,000","502,000,000","511,000,000","545,000,000","466,000,000","452,000,000","381,000,000","394,000,000","202,000,000","453,000,000","401,000,000","499,000,000","470,000,000","487,000,000","444,000,000","459,000,000","476,000,000","384,000,000","249,000,000","178,000,000","386,000,000","400,000,000","366,000,000","927,000,000","418,000,000","410,000,000","375,000,000","398,000,000","381,000,000","362,000,000","233,000,000","344,000,000","353,000,000","376,000,000","332,000,000","341,000,000","343,000,000","306,000,000","286,000,000","316,000,000","331,000,000","330,000,000","288,000,000","338,000,000","322,000,000","288,000,000","259,000,000","296,000,000","299,000,000","300,000,000","295,000,000","336,000,000","342,000,000","335,000,000","292,000,000","307,000,000","327,000,000","318,000,000","272,000,000","296,000,000","309,000,000","277,000,000","216,000,000","249,000,000","240,000,000","213,000,000","185,000,000","215,000,000","198,000,000","181,000,000","148,000,000","173,000,000"
		MinorityInterests,"-8,000,000","-1,000,000","-3,000,000","-1,000,000","-3,000,000","-1,000,000","-4,000,000","3,000,000","-2,000,000","-1,000,000","-5,000,000","-4,000,000","-2,000,000","-2,000,000","-3,000,000","-5,000,000","-4,000,000","-2,000,000","-4,000,000","-2,000,000","-3,000,000","-1,000,000","-2,000,000","-2,000,000","-3,000,000","-1,000,000","-2,000,000","-3,000,000","-2,000,000","0","-8,000,000","-16,000,000","-18,000,000","-13,000,000","-15,000,000","-16,000,000","-18,000,000","-13,000,000","-19,000,000","-19,000,000","-16,000,000","-20,000,000","-15,000,000","-17,000,000","-22,000,000","-15,000,000","-19,000,000","-19,000,000","-25,000,000","-16,000,000","-14,000,000","-9,000,000","-12,000,000","-5,000,000","-19,000,000","-18,000,000","-18,000,000","-8,000,000","-16,000,000","-16,000,000","-15,000,000","-16,000,000","-12,000,000","-10,000,000","-13,000,000","-15,000,000","-13,000,000","-12,000,000","-15,000,000","-10,000,000","-14,000,000","-18,000,000","-20,000,000","-14,000,000","-12,000,000","-12,000,000","-14,000,000","-20,000,000","-22,000,000","1,000,000","-24,000,000","-10,000,000","-10,000,000","-14,000,000","-20,000,000","-23,000,000","-21,000,000","-22,000,000","-26,000,000","-27,000,000","-23,000,000","-18,000,000","-17,000,000","-15,000,000","-7,000,000","-12,000,000","-20,000,000","-17,000,000","-18,000,000","-20,000,000","-23,000,000","-26,000,000","-14,000,000","-19,000,000","-18,000,000","-26,000,000","-14,000,000","-19,000,000","-18,000,000","-17,000,000","-13,000,000","-16,000,000","-15,000,000","-7,000,000","-8,000,000","-7,000,000","-10,000,000","-3,000,000","-6,000,000","-7,000,000","-8,000,000","-6,000,000","-7,000,000","-10,000,000","-9,000,000","-6,000,000","-7,000,000","-8,000,000","-8,000,000","-7,000,000","-5,000,000",,,,,,,,,,,,,,,,
DilutedNIAvailtoComStockholders,"5,921,000,000","1,339,000,000","1,434,000,000","1,524,000,000","1,624,000,000","1,389,000,000","1,413,000,000","1,290,000,000","1,292,000,000","969,000,000","1,583,000,000","1,127,000,000","891,000,000","1,347,000,000","1,543,000,000","1,857,000,000","602,000,000","523,000,000","1,429,000,000","1,583,000,000","1,323,000,000","1,155,000,000","1,329,000,000","1,291,000,000","1,275,000,000","1,038,000,000","1,296,000,000","1,300,000,000","1,199,000,000","1,179,000,000","1,303,000,000","1,267,000,000","1,207,000,000","1,103,000,000","1,230,000,000","1,197,000,000","1,129,000,000","991,000,000","1,161,000,000","1,167,000,000","1,125,000,000","954,000,000","1,088,000,000","1,160,000,000","1,081,000,000","928,000,000","1,106,000,000","1,121,000,000","930,000,000","935,000,000","957,000,000","783,000,000","518,000,000","536,000,000","991,000,000","945,000,000","988,000,000","851,000,000","960,000,000","917,000,000","1,368,000,000","1,176,000,000","894,000,000","882,000,000","899,000,000","761,000,000","853,000,000","776,000,000","809,000,000","720,000,000","775,000,000","773,000,000","722,000,000","619,000,000","663,000,000","619,000,000","502,000,000","511,000,000","545,000,000","466,000,000","452,000,000","381,000,000","394,000,000","202,000,000","453,000,000","326,000,000","499,000,000","470,000,000","487,000,000","444,000,000","459,000,000","476,000,000","384,000,000","211,000,000","178,000,000","386,000,000","400,000,000","366,000,000","927,000,000","418,000,000","410,000,000","385,000,000","398,000,000","381,000,000","362,000,000","-97,000,000","344,000,000","353,000,000","376,000,000","332,000,000","341,000,000","343,000,000","306,000,000","286,000,000","316,000,000","331,000,000","330,000,000","287,700,000","338,000,000","322,000,000","288,000,000","259,000,000","296,000,000","299,000,000","300,000,000","295,000,000","336,000,000","342,000,000","335,000,000","292,000,000","307,000,000",,,,,,,,,,,,,,,,
BasicEPS,,"2.33","2.47","2.62","2.8","2.4","2.45","2.24","2.24","1.68","2.75","1.95","1.54","2.32","2.64","3.14","1.01","0.88","2.39","2.65","2.21","1.93","2.2","2.13","2.1","1.69","2.09","2.06","1.88","1.85","2.02","1.94","1.83","1.65","1.81","1.74","1.63","1.43","1.68","1.68","1.61",,"1.54","1.63","1.52",,"1.55","1.57","1.31",,"1.36","1.12","0.75",,"1.43","1.35","1.4",,"1.34","1.28","1.88",,"1.2","1.17","1.19",,"1.12","1.01","1.05",,"0.99","0.99","0.92",,"0.85","0.79","0.645",,"0.7","0.595","0.58",,"0.5","0.255","0.57",,"0.63","0.595","0.61",,"0.57","0.59","0.475",,"0.22","0.475","0.495",,"1.125","0.505","0.495",,"0.475","0.455","0.435",,"0.41","0.42","0.45",,"0.405","0.405","0.36",,"0.37","0.38","0.38",,"0.385","0.37","0.33",,"0.34","0.34","0.345",,"0.38","0.385","0.38",,"0.345","0.375","0.36",,"0.325","0.34","0.305",,"0.275","0.265","0.235",,"0.235","0.215","0.2",,"0.19"
DilutedEPS,,"2.31","2.45","2.59","2.77","2.38","2.43","2.22","2.22","1.66","2.72","1.92","1.51","2.27","2.58","3.07","0.98","0.85","2.33","2.58","2.16","1.88","2.15","2.08","2.05","1.66","2.05","2.02","1.85","1.81","1.98","1.91","1.79","1.62","1.78","1.71","1.61","1.41","1.65","1.66","1.59",,"1.52","1.6","1.49",,"1.53","1.54","1.29",,"1.35","1.12","0.74",,"1.41","1.33","1.38",,"1.32","1.25","1.85",,"1.18","1.15","1.17",,"1.1","1","1.03",,"0.97","0.97","0.9",,"0.83","0.78","0.635",,"0.69","0.59","0.57",,"0.495","0.25","0.565",,"0.625","0.59","0.605",,"0.565","0.585","0.475",,"0.22","0.47","0.49",,"1.105","0.495","0.485",,"0.465","0.45","0.425",,"0.405","0.42","0.44",,"0.395","0.405","0.355",,"0.37","0.38","0.38",,"0.385","0.37","0.33",,"0.34","0.34","0.345",,"0.38","0.385","0.38",,"0.345","0.375","0.36",,"0.325","0.34","0.305",,"0.275","0.265","0.235",,"0.235","0.215","0.2",,"0.19"
BasicAverageShares,,"574,900,000","579,600,000","581,000,000","580,500,000","578,700,000","577,800,000","577,000,000","576,800,000","576,300,000","576,500,000","577,700,000","577,500,000","580,700,000","585,600,000","591,400,000","596,200,000","596,500,000","597,600,000","598,100,000","598,100,000","600,200,000","604,400,000","606,900,000","607,400,000","614,500,000","620,600,000","631,300,000","636,200,000","637,900,000","645,300,000","652,000,000","661,500,000","668,500,000","679,800,000","688,200,000","691,100,000","691,500,000","693,000,000","694,300,000","696,800,000",,"707,700,000","713,400,000","711,500,000",,"714,000,000","714,500,000","711,800,000",,"702,800,000","696,800,000","693,500,000",,"695,500,000","702,100,000","706,500,000",,"714,500,000","718,400,000","729,300,000",,"745,200,000","755,100,000","754,400,000",,"762,200,000","768,000,000","771,700,000",,"780,600,000","782,500,000","782,900,000",,"784,600,000","781,800,000","780,000,000",,"779,600,000","780,000,000","779,800,000",,"787,000,000","791,800,000","792,600,000",,"790,200,000","791,200,000","795,400,000",,"804,200,000","806,400,000","804,600,000",,"805,400,000","808,600,000","808,800,000",,"825,084,000","831,092,000","833,212,000",,"836,658,000","837,716,000","837,090,000",,"839,846,000","840,354,000","839,622,000",,"842,728,000","845,900,000","853,444,000",,"854,054,054","871,052,632","868,421,053",,"877,922,078","870,270,270","872,727,273",,"870,588,235","879,411,765","869,565,217",,"884,210,526","888,311,688","881,578,947",,"889,855,072","897,332,000","897,332,000",,"909,432,000","910,892,000","909,948,000",,"916,304,000","916,000,000","913,856,000",,"918,360,000","920,312,000","915,136,000",,"914,880,000"
DilutedAverageShares,,"579,900,000","586,300,000","588,600,000","586,300,000","584,000,000","582,400,000","580,800,000","581,500,000","582,700,000","583,000,000","586,100,000","588,500,000","592,600,000","598,400,000","604,200,000","612,700,000","613,400,000","612,700,000","612,800,000","612,000,000","613,800,000","618,800,000","620,900,000","621,300,000","625,400,000","631,200,000","643,000,000","649,200,000","650,900,000","657,900,000","664,600,000","674,500,000","681,300,000","691,800,000","699,100,000","702,100,000","701,200,000","703,100,000","702,600,000","706,100,000",,"715,500,000","726,500,000","726,400,000",,"725,200,000","725,700,000","723,500,000",,"710,800,000","700,300,000","695,900,000",,"703,100,000","712,000,000","717,200,000",,"729,900,000","731,700,000","741,300,000",,"756,200,000","770,400,000","768,600,000",,"772,300,000","780,200,000","787,000,000",,"796,200,000","799,700,000","799,500,000",,"797,500,000","792,400,000","790,600,000",,"790,000,000","792,200,000","790,400,000",,"796,800,000","804,400,000","804,800,000",,"798,000,000","798,400,000","803,800,000",,"813,600,000","814,800,000","811,800,000",,"813,400,000","820,000,000","820,000,000",,"838,430,000","843,880,000","846,154,000",,"852,088,000","851,150,000","849,256,000",,"847,662,000","850,234,000","849,668,000",,"851,610,000","851,284,000","860,646,000",,"854,054,054","871,052,632","868,421,053",,"877,922,078","870,270,270","872,727,273",,"870,588,235","879,411,765","869,565,217",,"884,210,526","888,311,688","881,578,947",,"889,855,072","897,332,000","897,332,000",,"909,432,000","910,892,000","909,948,000",,"916,304,000","916,000,000","913,856,000",,"918,360,000","920,312,000","915,136,000",,"914,880,000"
TotalOperatingIncomeAsReported,"7,369,000,000","1,616,000,000","1,788,000,000","1,971,000,000","1,994,000,000","1,849,000,000","1,909,000,000","1,740,000,000","1,663,000,000","1,325,000,000","2,011,000,000","1,702,000,000","1,136,000,000","1,783,000,000","2,016,000,000","2,401,000,000","1,007,000,000","1,821,000,000","2,041,000,000","2,184,000,000","1,774,000,000","1,665,000,000","1,904,000,000","1,866,000,000","1,788,000,000","1,500,000,000","1,876,000,000","1,840,000,000","1,730,000,000","1,662,000,000","1,901,000,000","1,856,000,000","1,716,000,000","1,579,000,000","1,739,000,000","1,702,000,000","1,646,000,000","1,443,000,000","1,678,000,000","1,728,000,000","1,634,000,000","1,364,000,000","1,581,000,000","1,655,000,000","1,578,000,000","1,301,000,000","1,576,000,000","1,596,000,000","1,445,000,000","1,342,000,000","1,478,000,000","1,191,000,000","803,000,000","755,000,000","1,513,000,000","1,449,000,000","1,501,000,000","1,270,000,000","1,425,000,000","1,397,000,000","2,101,000,000","1,810,000,000","1,342,000,000","1,175,000,000","1,369,000,000","1,212,000,000","1,290,000,000","1,283,000,000","1,224,000,000","1,092,000,000","1,183,000,000","1,186,000,000","1,117,000,000","942,000,000","1,030,000,000","960,000,000","781,000,000","796,000,000","851,000,000","686,000,000","713,000,000","582,000,000","620,000,000","334,000,000","737,000,000","647,000,000","819,000,000","777,000,000","815,000,000","742,000,000","761,000,000","804,000,000","649,000,000","421,000,000","297,000,000","641,000,000","680,000,000","597,000,000","701,000,000","689,000,000","688,000,000","629,000,000","638,000,000","628,000,000","596,000,000","400,000,000","586,000,000","589,000,000","646,000,000","558,000,000","574,000,000","570,000,000","549,000,000","455,000,000","455,000,000","516,000,000","530,000,000","455,000,000","532,000,000","534,000,000","473,000,000","430,000,000","495,000,000","524,000,000","510,000,000","458,000,000","569,000,000","585,000,000","579,000,000","495,000,000","533,000,000",,,,,,,,,,,,,,,,
TotalExpenses,"27,689,000,000","6,938,000,000","7,074,000,000","6,899,000,000","6,778,000,000","6,737,000,000","6,422,000,000","5,806,000,000","6,397,000,000","6,791,000,000","6,048,000,000","6,470,000,000","6,699,000,000","6,165,000,000","6,117,000,000","6,474,000,000","7,276,000,000","6,265,000,000","6,131,000,000","6,087,000,000","5,911,000,000","5,664,000,000","5,805,000,000","5,796,000,000","5,621,000,000","5,798,000,000","5,836,000,000","5,846,000,000","5,848,000,000","6,057,000,000","6,236,000,000","6,278,000,000","6,115,000,000","5,990,000,000","6,177,000,000","6,050,000,000","5,988,000,000","5,944,000,000","5,819,000,000","5,806,000,000","5,852,000,000","5,725,000,000","5,950,000,000","6,025,000,000","5,733,000,000","5,408,000,000","5,298,000,000","5,135,000,000","4,903,000,000","4,780,000,000","4,715,000,000","4,528,000,000","4,286,000,000","4,754,000,000","5,045,000,000","5,267,000,000","4,962,000,000","4,931,000,000","4,752,000,000","4,813,000,000","4,622,000,000","5,046,000,000","4,516,000,000","4,513,000,000","4,226,000,000","4,113,000,000","4,092,000,000","4,011,000,000","3,942,000,000","3,999,000,000","3,786,000,000","3,826,000,000","3,822,000,000","3,683,000,000","3,586,000,000","3,620,000,000","3,537,000,000","3,342,000,000","3,292,000,000","3,475,000,000","3,177,000,000","3,281,000,000","3,347,000,000","3,745,000,000","3,433,000,000","3,549,000,000","3,433,000,000","3,447,000,000","3,237,000,000","3,283,000,000","3,262,000,000","3,059,000,000","3,127,000,000","3,203,000,000","3,137,000,000","3,129,000,000","3,020,000,000","3,116,000,000","3,125,000,000","3,128,000,000","3,026,000,000","2,994,000,000","2,985,000,000","2,894,000,000","2,872,000,000","690,000,000","3,483,000,000","3,546,000,000","3,441,000,000","3,297,000,000","3,246,000,000","3,202,000,000","3,083,000,000","3,027,000,000","3,026,000,000","3,024,000,000","2,987,000,000","2,918,000,000","3,068,000,000","2,970,000,000","2,933,000,000","2,794,000,000","2,883,000,000","2,825,000,000","2,879,000,000","2,822,000,000","2,774,000,000","2,649,000,000","2,585,000,000","2,459,000,000","2,461,000,000",,,,,,,,,,,,,,,,
NetIncomeFromContinuingAndDiscontinuedOperation,"5,921,000,000","1,339,000,000","1,434,000,000","1,524,000,000","1,624,000,000","1,389,000,000","1,413,000,000","1,290,000,000","1,292,000,000","969,000,000","1,583,000,000","1,127,000,000","891,000,000","1,347,000,000","1,543,000,000","1,857,000,000","602,000,000","523,000,000","1,429,000,000","1,583,000,000","1,323,000,000","1,155,000,000","1,329,000,000","1,291,000,000","1,275,000,000","1,038,000,000","1,296,000,000","1,300,000,000","1,199,000,000","1,179,000,000","1,303,000,000","1,267,000,000","1,207,000,000","1,103,000,000","1,230,000,000","1,197,000,000","1,129,000,000","991,000,000","1,161,000,000","1,167,000,000","1,125,000,000","954,000,000","1,088,000,000","1,160,000,000","1,081,000,000","928,000,000","1,106,000,000","1,121,000,000","930,000,000","935,000,000","957,000,000","783,000,000","518,000,000","536,000,000","991,000,000","945,000,000","988,000,000","851,000,000","960,000,000","917,000,000","1,368,000,000","1,176,000,000","894,000,000","882,000,000","899,000,000","796,000,000","853,000,000","776,000,000","809,000,000","720,000,000","775,000,000","773,000,000","722,000,000","619,000,000","663,000,000","619,000,000","502,000,000","511,000,000","545,000,000","466,000,000","452,000,000","381,000,000","394,000,000","202,000,000","453,000,000","401,000,000","499,000,000","470,000,000","487,000,000","444,000,000","459,000,000","476,000,000","384,000,000","249,000,000","178,000,000","386,000,000","400,000,000","366,000,000","927,000,000","418,000,000","410,000,000","385,000,000","398,000,000","381,000,000","362,000,000","-97,000,000","344,000,000","353,000,000","376,000,000","332,000,000","341,000,000","343,000,000","306,000,000","286,000,000","316,000,000","331,000,000","330,000,000","288,000,000","338,000,000","322,000,000","288,000,000","259,000,000","296,000,000","299,000,000","300,000,000","295,000,000","336,000,000","342,000,000","335,000,000","292,000,000","307,000,000",,,,,,,,,,,,,,,,
NormalizedIncome,"5,921,000,000","1,339,000,000","1,434,000,000","1,524,000,000","1,624,000,000","1,389,000,000","1,413,000,000","984,270,000","1,290,348,000","969,000,000","1,497,458,000","1,253,684,000","884,432,000","1,333,666,860.465","1,543,000,000","1,456,248,000","586,928,000","465,400,000","1,429,000,000","1,241,860,000","1,323,000,000","1,155,000,000","1,329,000,000","1,291,000,000","1,275,000,000","1,038,000,000","1,296,000,000","1,300,000,000","1,199,000,000","1,179,000,000","1,303,000,000","1,267,000,000","1,207,000,000","1,103,000,000","1,230,000,000","1,197,000,000","1,129,000,000","991,000,000","1,161,000,000","1,167,000,000","1,125,000,000","954,000,000","1,088,000,000","1,160,000,000","1,081,000,000","928,000,000","1,106,000,000","1,121,000,000","930,000,000","935,000,000","957,000,000","783,000,000","518,000,000","536,000,000","991,000,000","960,641,949.153","988,000,000","854,472,109.943","960,000,000","870,959,361.393","848,134,863.702","1,176,000,000","894,000,000","882,000,000","899,000,000","796,000,000","853,000,000","776,000,000","809,000,000","720,000,000","775,000,000","773,000,000","722,000,000","619,000,000","663,000,000","619,000,000","564,811,518.325","511,000,000","545,000,000","466,000,000","452,000,000","381,000,000","394,000,000","202,000,000","453,000,000","389,682,926.829","422,181,112.549","470,000,000","454,735,849.057","442,704,264.099","442,110,512.129","476,000,000","384,000,000","356,062,972.292","389,992,882.562","386,000,000","400,000,000","366,000,000","419,078,313.253","418,000,000","410,000,000","375,000,000","398,000,000","381,000,000","362,000,000","233,000,000","344,000,000","353,000,000","376,000,000","332,000,000","341,000,000","343,000,000","327,991,786.448","282,108,843.537","277,774,193.548","317,502,912.621","324,266,409.266","282,834,080.717","327,639,846.743","324,576,000","282,303,296.703","257,730,392.157","290,391,578.947","302,114,583.333","294,398,340.249","272,699,784.017","334,760,147.601","338,913,357.401","335,000,000","292,618,644.068","301,600,000",,,,,,,,,,,,,,,,
InterestIncome,"26,000,000","8,000,000","6,000,000","8,000,000","4,000,000","5,000,000","5,000,000","9,000,000","10,000,000","16,000,000","26,000,000","18,000,000","20,000,000","18,000,000","15,000,000","16,000,000","21,000,000","17,000,000","13,000,000","12,000,000","8,000,000","9,000,000","8,000,000","7,000,000","5,000,000","8,000,000","7,000,000","7,000,000","4,000,000","8,000,000","7,000,000","9,000,000","9,000,000","11,000,000","10,000,000","10,000,000","10,000,000","10,000,000","10,000,000","10,000,000","9,000,000","10,000,000","10,000,000","9,000,000","10,000,000","11,000,000","11,000,000","10,000,000","6,000,000","11,000,000","8,000,000","7,000,000","11,000,000",,,,,,,,,,,,,,,,,,,,,,,,,,,,,,,,,,,,,,,,,,,,,,,,,,,,,,,,,,,,,,,,,,,,,,,,,,,,,,,,,,,,,,,,,,,,,,
InterestExpense,"488,000,000","118,000,000","117,000,000","121,000,000","132,000,000","141,000,000","128,000,000","137,000,000","123,000,000","124,000,000","109,000,000","111,000,000","104,000,000","95,000,000","85,000,000","88,000,000","82,000,000","166,000,000","57,000,000","54,000,000","45,000,000","64,000,000","50,000,000","38,000,000","47,000,000","45,000,000","38,000,000","35,000,000","31,000,000","32,000,000","28,000,000","45,000,000","37,000,000","32,000,000","33,000,000","41,000,000","39,000,000","44,000,000","44,000,000","43,000,000","40,000,000","45,000,000","48,000,000","50,000,000","43,000,000","50,000,000","51,000,000","52,000,000","48,000,000","54,000,000","55,000,000","55,000,000","55,000,000",,,,,,,,,,,,,,,,,,,,,,,,,,,,,,,,,,,,,,,,,,,,,,,,,,,,,,,,,,,,,,,,,,,,,,,,,,,,,,,,,,,,,,,,,,,,,,
NetInterestIncome,"-462,000,000","-110,000,000","-111,000,000","-113,000,000","-128,000,000","-136,000,000","-123,000,000","-128,000,000","-113,000,000","-108,000,000","-83,000,000","-93,000,000","-84,000,000","-77,000,000","-70,000,000","-72,000,000","-61,000,000","-149,000,000","-44,000,000","-42,000,000","-37,000,000","-55,000,000","-42,000,000","-31,000,000","-42,000,000","-37,000,000","-31,000,000","-28,000,000","-27,000,000","-24,000,000","-21,000,000","-36,000,000","-28,000,000","-21,000,000","-23,000,000","-31,000,000","-29,000,000","-34,000,000","-34,000,000","-33,000,000","-31,000,000","-35,000,000","-38,000,000","-41,000,000","-33,000,000","-39,000,000","-40,000,000","-42,000,000","-42,000,000","-43,000,000","-47,000,000","-48,000,000","-44,000,000",,,,,,,,,,,,,,,,,,,,,,,,,,,,,,,,,,,,,,,,,,,,,,,,,,,,,,,,,,,,,,,,,,,,,,,,,,,,,,,,,,,,,,,,,,,,,,
EBIT,"7,692,000,000","1,682,000,000","1,874,000,000","2,059,000,000","2,077,000,000","1,851,000,000","1,933,000,000","1,766,000,000","1,690,000,000","1,336,000,000","2,075,000,000","1,557,000,000","1,192,000,000","1,815,000,000","2,050,000,000","2,438,000,000","1,047,000,000","1,838,000,000","2,054,000,000","2,196,000,000","1,782,000,000","1,674,000,000","1,912,000,000","1,873,000,000","1,793,000,000","1,508,000,000","1,883,000,000","1,847,000,000","1,734,000,000","1,670,000,000","1,908,000,000","1,865,000,000","1,725,000,000","1,590,000,000","1,749,000,000","1,712,000,000","1,656,000,000","1,453,000,000","1,688,000,000","1,738,000,000","1,643,000,000","1,374,000,000","1,591,000,000","1,664,000,000","1,588,000,000","1,312,000,000","1,587,000,000","1,606,000,000","1,451,000,000","1,353,000,000","1,486,000,000","1,198,000,000","814,000,000","837,000,000","1,513,000,000","1,472,000,000","1,501,000,000","2,256,000,000","1,425,000,000","1,329,000,000","1,315,000,000","1,861,000,000","1,342,000,000","1,175,000,000","1,369,000,000","1,268,000,000","1,290,000,000","1,283,000,000","1,224,000,000","1,138,000,000","1,183,000,000","1,186,000,000","1,117,000,000","970,000,000","1,030,000,000","960,000,000","781,000,000","796,000,000","851,000,000","686,000,000","713,000,000","582,000,000","620,000,000","334,000,000","737,000,000","647,000,000","819,000,000","777,000,000","815,000,000","740,000,000","735,000,000","804,000,000","649,000,000","582,000,000","629,000,000","641,000,000","680,000,000","597,000,000","701,000,000","689,000,000","688,000,000","629,000,000","638,000,000","628,000,000","596,000,000","479,000,000","586,000,000","589,000,000","646,000,000","558,000,000","574,000,000","570,000,000","549,000,000","455,000,000","455,000,000","516,000,000","530,000,000","455,000,000","532,000,000","534,000,000","473,000,000","430,000,000","495,000,000","524,000,000","510,000,000","458,000,000","569,000,000","585,000,000","579,000,000","495,000,000","533,000,000","3,025,000,000","3,017,000,000","-6,119,000,000","2,689,000,000","2,711,000,000","2,602,000,000","-5,476,000,000","2,466,000,000","2,381,000,000","2,207,000,000","-5,080,000,000","2,236,000,000","2,185,000,000","2,069,000,000","-4,733,000,000","2,023,000,000"
EBITDA,"9,607,000,000"
ReconciledCostOfRevenue,"18,795,000,000","4,698,000,000","4,853,000,000","4,719,000,000","4,525,000,000","4,388,000,000","4,303,000,000","3,805,000,000","4,109,000,000","4,325,000,000","4,188,000,000","4,313,000,000","4,310,000,000","4,060,000,000","4,159,000,000","4,227,000,000","4,236,000,000","4,080,000,000","4,045,000,000","4,007,000,000","3,869,000,000","3,716,000,000","3,847,000,000","3,799,000,000","3,678,000,000","3,827,000,000","3,877,000,000","3,858,000,000","3,821,000,000","4,027,000,000","4,205,000,000","4,184,000,000","4,031,000,000","3,976,000,000","4,148,000,000","4,013,000,000","3,969,000,000","3,991,000,000","3,935,000,000","3,870,000,000","3,889,000,000","3,824,000,000","4,027,000,000","4,040,000,000","3,802,000,000","3,575,000,000","3,583,000,000","3,435,000,000","3,238,000,000","3,189,000,000","3,171,000,000","2,977,000,000","2,772,000,000","3,101,000,000","3,432,000,000","3,510,000,000","3,336,000,000","3,298,000,000","3,240,000,000","3,175,000,000","3,022,000,000","3,162,000,000","2,990,000,000","2,840,000,000","2,721,000,000","2,618,000,000","2,632,000,000","2,594,000,000","2,537,000,000","2,613,000,000","2,457,000,000","2,452,000,000","2,436,000,000","2,429,000,000","2,322,000,000","2,323,000,000","2,211,000,000","2,114,000,000","2,115,000,000","2,231,000,000","2,036,000,000","2,131,000,000","2,156,000,000","2,266,000,000","2,196,000,000","1,663,000,000","2,479,000,000","2,379,000,000","2,266,000,000","2,249,000,000","2,253,000,000","2,188,000,000","2,162,000,000","2,257,000,000","2,190,000,000","2,162,000,000","2,096,000,000","2,162,000,000","2,173,000,000","2,156,000,000","2,089,000,000","2,054,000,000","2,069,000,000","1,986,000,000","1,990,000,000","335,000,000","2,474,000,000","2,492,000,000","2,419,000,000","2,298,000,000","2,282,000,000","2,247,000,000","2,168,000,000","1,822,000,000","1,905,000,000","1,867,000,000","1,859,000,000","1,703,000,000","1,900,000,000","1,843,000,000","1,813,000,000","1,709,000,000","1,823,000,000","1,754,000,000","1,803,000,000","1,839,000,000","1,752,000,000","1,657,000,000","1,627,000,000","1,602,000,000","1,552,000,000",,,,,,,,,,,,,,,,
ReconciledDepreciation,"1,915,000,000","507,000,000","476,000,000","472,000,000","460,000,000","498,000,000","481,000,000","492,000,000","440,000,000","463,000,000","379,000,000","376,000,000","375,000,000","371,000,000","355,000,000","380,000,000","382,000,000","349,000,000","377,000,000","380,000,000","438,000,000","384,000,000","368,000,000","366,000,000","356,000,000","397,000,000","355,000,000","344,000,000","339,000,000","350,000,000","350,000,000","358,000,000","350,000,000","357,000,000","343,000,000","335,000,000","336,000,000","332,000,000","322,000,000","321,000,000","313,000,000","317,000,000","311,000,000","319,000,000","289,000,000","283,000,000","278,000,000","272,000,000","287,000,000","298,000,000","290,000,000","298,000,000","271,000,000","307,000,000","293,000,000","285,000,000","268,000,000","276,000,000","263,000,000","279,000,000","254,000,000","351,000,000","249,000,000","233,000,000","246,000,000","252,000,000","255,000,000","237,000,000","242,000,000","259,000,000","243,000,000","245,000,000","252,000,000","247,000,000","242,000,000","241,000,000","234,000,000","226,000,000","232,000,000","246,000,000","250,000,000","291,000,000","295,000,000","256,000,000","247,000,000","288,000,000","280,000,000","229,000,000","228,000,000","231,000,000","220,000,000","226,000,000","223,000,000","222,000,000","217,000,000","214,000,000","213,000,000","216,000,000","220,000,000","217,000,000","217,000,000","224,000,000","219,000,000","223,000,000","217,000,000","32,000,000","273,000,000","281,000,000","273,000,000","299,000,000","267,000,000","270,000,000","265,000,000","297,000,000","262,000,000","264,000,000","253,000,000","328,000,000","259,000,000","252,000,000","248,000,000","268,000,000","233,000,000","236,000,000","232,000,000","165,000,000","213,000,000","208,000,000","195,000,000","138,000,000","187,000,000",,,,,,,,,,,,,,,,
NetIncomeFromContinuingOperationNetMinorityInterest,"5,921,000,000","1,339,000,000","1,434,000,000","1,524,000,000","1,624,000,000","1,389,000,000","1,413,000,000","1,290,000,000","1,292,000,000","969,000,000","1,583,000,000","1,127,000,000","891,000,000","1,347,000,000","1,543,000,000","1,857,000,000","602,000,000","523,000,000","1,429,000,000","1,583,000,000","1,323,000,000","1,155,000,000","1,329,000,000","1,291,000,000","1,275,000,000","1,038,000,000","1,296,000,000","1,300,000,000","1,199,000,000","1,179,000,000","1,303,000,000","1,267,000,000","1,207,000,000","1,103,000,000","1,230,000,000","1,197,000,000","1,129,000,000","991,000,000","1,161,000,000","1,167,000,000","1,125,000,000","954,000,000","1,088,000,000","1,160,000,000","1,081,000,000","928,000,000","1,106,000,000","1,121,000,000","930,000,000","935,000,000","957,000,000","783,000,000","518,000,000","536,000,000","991,000,000","945,000,000","988,000,000","851,000,000","960,000,000","917,000,000","1,368,000,000","1,176,000,000","894,000,000","882,000,000","899,000,000","796,000,000","853,000,000","776,000,000","809,000,000","720,000,000","775,000,000","773,000,000","722,000,000","619,000,000","663,000,000","619,000,000","502,000,000","511,000,000","545,000,000","466,000,000","452,000,000","381,000,000","394,000,000","202,000,000","453,000,000","401,000,000","499,000,000","470,000,000","487,000,000","444,000,000","459,000,000","476,000,000","384,000,000","249,000,000","178,000,000","386,000,000","400,000,000","366,000,000","927,000,000","418,000,000","410,000,000","375,000,000","398,000,000","381,000,000","362,000,000","233,000,000","344,000,000","353,000,000","376,000,000","332,000,000","341,000,000","343,000,000","306,000,000","286,000,000","316,000,000","331,000,000","330,000,000","288,000,000","338,000,000","322,000,000","288,000,000","259,000,000","296,000,000","299,000,000","300,000,000","295,000,000","336,000,000","342,000,000","335,000,000","292,000,000","307,000,000",,,,,,,,,,,,,,,,
TotalUnusualItemsExcludingGoodwill,"0","0","0","0","0","0","0","387,000,000","2,000,000","0","106,000,000","-162,000,000","8,000,000","17,000,000","0","506,000,000","24,000,000","96,000,000","0","461,000,000",,,,,,,,,,,,,,,,,,,,,,,,,,"0",,,,,,"0",,"0",,"-23,000,000",,"-5,000,000",,"68,000,000","786,000,000",,,,,,,,,,,,,"0",,,"-93,000,000",,,,,,,,,"16,000,000","119,000,000",,"50,000,000","2,000,000","26,000,000",,,"-161,000,000","-322,000,000",,,"0","803,000,000",,,,,,,,,,,"0",,,"-35,000,000","6,000,000","60,000,000","21,000,000","9,000,000","8,000,000","16,000,000","-4,000,000","9,000,000","2,000,000","9,000,000","-5,000,000","9,000,000","35,000,000","2,000,000","5,000,000",,"-1,000,000","9,000,000",,,,,,,,,,,,,,,,
TotalUnusualItems,"0","0","0","0","0","0","0","387,000,000","2,000,000","0","106,000,000","-162,000,000","8,000,000","17,000,000","0","506,000,000","24,000,000","96,000,000","0","461,000,000",,,,,,,,,,,,,,,,,,,,,,,,,,"0",,,,,,"0",,"0",,"-23,000,000",,"-5,000,000",,"68,000,000","786,000,000",,,,,,,,,,,,,"0",,,"-93,000,000",,,,,,,,,"16,000,000","119,000,000",,"50,000,000","2,000,000","26,000,000",,,"-161,000,000","-322,000,000",,,"0","803,000,000",,,,,,,,,,,"0",,,"-35,000,000","6,000,000","60,000,000","21,000,000","9,000,000","8,000,000","16,000,000","-4,000,000","9,000,000","2,000,000","9,000,000","-5,000,000","9,000,000","35,000,000","2,000,000","5,000,000",,"-1,000,000","9,000,000",,,,,,,,,,,,,,,,
NormalizedEBITDA,"9,607,000,000","2,189,000,000","2,350,000,000","2,531,000,000","2,537,000,000","2,349,000,000","2,414,000,000","1,871,000,000","2,128,000,000","1,799,000,000","2,348,000,000","2,095,000,000","1,559,000,000","2,169,000,000","2,405,000,000","2,312,000,000","1,405,000,000","2,091,000,000","2,431,000,000","2,115,000,000","2,220,000,000","2,058,000,000","2,280,000,000","2,239,000,000","2,149,000,000","1,905,000,000","2,238,000,000","2,191,000,000","2,073,000,000","2,020,000,000","2,258,000,000","2,223,000,000","2,075,000,000","1,947,000,000","2,092,000,000","2,047,000,000","1,992,000,000","1,785,000,000","2,010,000,000","2,059,000,000","1,956,000,000","1,691,000,000","1,902,000,000","1,983,000,000","1,877,000,000","1,595,000,000","1,865,000,000","1,878,000,000","1,738,000,000","1,651,000,000","1,776,000,000","1,496,000,000","1,085,000,000","1,144,000,000","1,806,000,000","1,780,000,000","1,769,000,000","2,537,000,000","1,688,000,000","1,540,000,000","783,000,000","2,212,000,000","1,591,000,000","1,408,000,000","1,615,000,000","1,520,000,000","1,545,000,000","1,520,000,000","1,466,000,000","1,397,000,000","1,426,000,000","1,431,000,000","1,369,000,000","1,217,000,000","1,272,000,000","1,201,000,000","1,108,000,000","1,022,000,000","1,083,000,000","932,000,000","963,000,000","873,000,000","915,000,000","590,000,000","984,000,000","919,000,000","980,000,000","1,006,000,000","993,000,000","969,000,000","929,000,000","1,030,000,000","872,000,000","965,000,000","1,168,000,000","855,000,000","893,000,000","813,000,000","118,000,000","906,000,000","905,000,000","853,000,000","857,000,000","851,000,000","813,000,000","511,000,000","859,000,000","870,000,000","919,000,000","857,000,000","841,000,000","840,000,000","849,000,000","746,000,000","657,000,000","759,000,000","774,000,000","775,000,000","775,000,000","790,000,000","712,000,000","696,000,000","719,000,000","765,000,000","733,000,000","588,000,000","780,000,000","788,000,000","774,000,000","634,000,000","711,000,000","3,025,000,000","3,017,000,000","-6,119,000,000","2,689,000,000","2,711,000,000","2,602,000,000","-5,476,000,000","2,466,000,000","2,381,000,000","2,207,000,000","-5,080,000,000","2,236,000,000","2,185,000,000","2,069,000,000","-4,733,000,000","2,023,000,000"
TaxRateForCalcs,"0.178","0.145","0.184","0.215","0.164","0.185","0.214","0.21","0.174","0.2","0.193","0.218","0.179","0.216","0.213","0.208","0.372","0.4","0.283","0.26","0.237","0.282","0.285","0.296","0.268","0.29","0.296","0.281","0.295","0.28","0.303","0.295","0.274","0.284","0.274","0.274","0.291","0.287","0.282","0.3","0.288","0.267","0.285","0.271","0.286","0.253","0.268","0.266","0.319","0.268","0.321","0.307","0.302","0.256","0.322","0.32","0.318","0.306","0.307","0.323","0.339","0.333","0.313","0.234","0.327","0.324","0.325","0.384","0.325","0.33","0.33","0.33","0.33","0.325","0.334","0.329","0.325","0.324","0.326","0.311","0.323","0.309","0.326","0.303","0.335","0.293","0.354","0.35","0.355","0.352","0.35","0.371","0.359","0.335","0.342","0.355","0.361","0.35","0.367","0.356","0.36","0.365","0.357","0.377","0.376","0.374","0.371","0.375","0.381","0.364","0.369","0.369","0.372","0.351","0.363","0.357","0.363","0.354","0.352","0.356","0.367","0.365","0.377","0.377","0.378","0.363","0.38","0.383","0.388","0.381","0.4",,,,,,,,,,,,,,,,
TaxEffectOfUnusualItems,"0","0","0","0","0","0","0","81,270,000","348,000","0","20,458,000","-35,316,000","1,432,000","3,666,860.465","0","105,248,000","8,928,000","38,400,000","0","119,860,000","0","0","0","0","0","0","0","0","0","0","0","0","0","0","0","0","0","0","0","0","0","0","0","0","0","0","0","0","0","0","0","0","0","0","0","-7,358,050.847","0","-1,527,890.057","0","21,959,361.393","266,134,863.702","0","0","0","0","0","0","0","0","0","0","0","0","0","0","0","-30,188,481.675","0","0","0","0","0","0","0","0","4,682,926.829","42,181,112.549","0","17,735,849.057","704,264.099","9,110,512.129","0","0","-53,937,027.708","-110,007,117.438","0","0","0","295,078,313.253","0","0","0","0","0","0","0","0","0","0","0","0","0","-13,008,213.552","2,108,843.537","21,774,193.548","7,502,912.621","3,266,409.266","2,834,080.717","5,639,846.743","-1,424,000","3,303,296.703","730,392.157","3,391,578.947","-1,885,416.667","3,398,340.249","12,699,784.017","760,147.601","1,913,357.401","0","-381,355.932","3,600,000",,,,,,,,,,,,,,,,