name,ttm,12/31/2021,09/30/2021,06/30/2021,03/31/2021,12/31/2020,09/30/2020,06/30/2020,03/31/2020,12/31/2019,09/30/2019,06/30/2019,03/31/2019,12/31/2018,09/30/2018,06/30/2018,03/31/2018,12/31/2017,09/30/2017,06/30/2017,03/31/2017,12/31/2016,09/30/2016,06/30/2016,03/31/2016,12/31/2015,09/30/2015,06/30/2015,03/31/2015,12/31/2014,09/30/2014,06/30/2014,03/31/2014,12/31/2013,09/30/2013,06/30/2013,03/31/2013,12/31/2012,09/30/2012,06/30/2012,03/31/2012,12/31/2011,09/30/2011,06/30/2011,03/31/2011,12/31/2010,09/30/2010,06/30/2010,03/31/2010,12/31/2009,09/30/2009,06/30/2009,03/31/2009,12/31/2008,09/30/2008,06/30/2008,03/31/2008,12/31/2007,09/30/2007,06/30/2007,03/31/2007,12/31/2006,09/30/2006,06/30/2006,03/31/2006,12/31/2005,09/30/2005,06/30/2005,03/31/2005,12/31/2004,09/30/2004,06/30/2004,03/31/2004,12/31/2003,09/30/2003,06/30/2003,03/31/2003,12/31/2002,09/30/2002,06/30/2002,03/31/2002,12/31/2001,09/30/2001,06/30/2001,03/31/2001,12/31/2000,09/30/2000,06/30/2000,03/31/2000,12/31/1999,09/30/1999,06/30/1999,03/31/1999,12/31/1998,09/30/1998,06/30/1998,03/31/1998,12/31/1997,09/30/1997,06/30/1997,03/31/1997,12/31/1996,09/30/1996,06/30/1996,03/31/1996,12/31/1995,09/30/1995,06/30/1995,03/31/1995,12/31/1994,09/30/1994,06/30/1994,03/31/1994,12/31/1993,09/30/1993,06/30/1993,03/31/1993,12/31/1992,09/30/1992,06/30/1992,03/31/1992,12/31/1991,09/30/1991,06/30/1991,03/31/1991,12/31/1990,09/30/1990,06/30/1990,03/31/1990,12/31/1989,09/30/1989,06/30/1989,03/31/1989,12/31/1988,09/30/1988,06/30/1988,03/31/1988,12/31/1987,09/30/1987,06/30/1987,03/31/1987,12/31/1986,09/30/1986,06/30/1986,03/31/1986,12/31/1985,09/30/1985
TotalRevenue,"21,111,000,000","5,086,000,000","5,531,000,000","5,614,000,000","4,880,000,000","5,055,000,000","5,678,000,000","5,062,000,000","5,046,000,000","4,802,000,000","5,412,000,000","5,193,000,000","4,389,000,000","4,786,000,000","5,292,000,000","4,879,000,000","4,670,000,000","4,714,000,000","5,123,000,000","5,068,000,000","4,589,000,000","4,733,000,000","5,193,000,000","4,881,000,000","4,530,000,000","4,729,000,000","4,978,000,000","4,875,000,000","4,272,000,000","4,613,000,000","4,753,000,000","4,571,000,000","4,008,000,000","4,404,000,000","4,760,000,000","4,526,000,000","3,973,000,000","4,460,000,000","4,466,000,000","4,580,000,000","3,994,000,000","4,346,000,000","4,328,000,000","4,002,000,000","3,943,000,000","4,139,000,000","4,461,000,000","4,341,000,000","3,951,000,000","4,100,000,000","6,300,000,000","6,719,000,000","3,812,000,000","1,255,000,000","5,238,000,000","5,054,000,000","3,604,000,000","9,253,000,000","9,964,000,000","9,797,000,000","9,037,000,000","17,985,000,000","17,656,000,000","17,874,000,000","16,809,000,000","17,827,000,000","17,306,000,000","17,325,000,000","16,462,000,000","16,019,000,000","15,977,000,000","16,445,000,000","15,522,000,000","15,431,000,000","15,302,000,000","15,487,000,000","14,484,000,000","14,464,000,000","15,238,000,000","16,520,000,000","15,960,000,000","17,982,000,000","18,111,000,000","18,869,000,000","17,982,000,000","15,506,000,000","15,757,000,000","16,423,000,000","15,590,000,000","15,558,000,000","15,492,000,000","15,567,000,000","15,134,000,000","14,499,000,000","14,371,000,000","14,786,000,000","14,156,000,000","13,740,000,000","13,991,000,000","14,290,000,000","14,093,000,000","13,371,000,000","13,688,000,000","13,760,000,000","13,734,000,000","12,747,000,000","13,329,000,000","13,763,000,000","13,300,000,000","13,844,000,000","13,673,000,000","13,532,000,000","12,727,000,000","4,434,000,000","15,209,000,000","15,789,000,000","15,189,000,000","14,920,000,000","15,005,000,000","15,155,000,000","14,051,000,000","13,696,000,000","13,770,000,000","14,770,000,000","14,222,000,000","14,223,000,000","12,818,000,000","12,740,000,000","11,388,000,000","11,147,000,000","11,247,000,000","11,595,000,000","10,770,000,000","9,140,000,000","7,547,000,000","7,819,000,000","7,236,000,000","7,064,000,000","6,967,000,000","7,110,000,000","6,554,000,000","1,825,000,000","6,398,000,000","6,534,000,000","5,924,000,000","1,480,600,000","3,634,800,000"
	OperatingRevenue,"26,013,000,000","6,255,000,000","6,786,000,000","6,936,000,000","6,036,000,000","6,304,000,000","7,123,000,000","6,367,000,000","6,359,000,000","6,007,000,000","6,856,000,000","6,619,000,000","5,628,000,000","6,114,000,000","6,837,000,000","6,305,000,000","6,108,000,000","6,101,000,000","6,729,000,000","6,663,000,000","6,083,000,000","6,252,000,000","6,905,000,000","6,521,000,000","6,066,000,000","6,318,000,000","6,699,000,000","6,613,000,000","5,804,000,000","6,258,000,000","6,491,000,000","6,256,000,000","5,517,000,000","6,080,000,000","6,553,000,000","6,305,000,000","5,528,000,000","6,242,000,000","6,242,000,000","6,487,000,000","5,647,000,000","6,129,000,000","6,108,000,000","5,920,000,000","5,643,000,000","5,927,000,000","6,402,000,000","6,274,000,000","5,760,000,000","6,014,000,000","8,282,000,000","8,844,000,000","4,523,000,000","2,076,000,000","5,238,000,000","5,054,000,000","4,410,000,000","18,229,000,000","19,207,000,000","18,809,000,000","9,037,000,000","25,398,000,000","25,885,000,000","25,769,000,000","24,355,000,000","24,490,000,000","24,962,000,000","24,784,000,000","23,618,000,000","22,035,000,000","22,728,000,000","23,008,000,000","21,839,000,000","20,691,000,000","20,939,000,000","20,831,000,000","19,371,000,000","18,774,000,000","19,996,000,000","21,103,000,000","20,535,000,000","21,973,000,000","22,404,000,000","23,188,000,000","22,359,000,000","19,414,000,000","20,058,000,000","20,844,000,000","20,040,000,000","19,411,000,000","19,878,000,000","19,810,000,000","19,497,000,000","18,442,000,000","18,587,000,000","18,978,000,000","18,383,000,000","17,333,000,000","18,092,000,000","18,413,000,000","18,217,000,000","16,790,000,000","17,414,000,000","17,509,000,000","17,491,000,000","15,736,000,000","16,689,000,000","17,129,000,000","16,517,000,000","16,501,000,000","16,710,000,000","16,414,000,000","15,500,000,000","14,714,000,000","15,209,000,000","15,789,000,000","15,189,000,000","14,920,000,000","15,005,000,000","15,155,000,000","14,051,000,000","13,696,000,000","13,770,000,000","14,770,000,000","14,222,000,000","14,223,000,000","12,818,000,000","12,740,000,000","11,388,000,000","11,147,000,000","11,247,000,000","11,595,000,000","10,770,000,000","9,140,000,000","7,547,000,000","7,819,000,000","7,236,000,000","7,064,000,000","6,967,000,000","7,110,000,000","6,554,000,000","1,825,000,000","6,398,000,000","6,534,000,000","5,924,000,000","1,480,600,000","3,634,800,000"
	ExciseTaxes,"4,902,000,000","1,169,000,000","1,255,000,000","1,322,000,000","1,156,000,000","1,249,000,000","1,445,000,000","1,305,000,000","1,313,000,000","1,205,000,000","1,444,000,000","1,426,000,000","1,239,000,000","1,328,000,000","1,545,000,000","1,426,000,000","1,438,000,000","1,387,000,000","1,606,000,000","1,595,000,000","1,494,000,000","1,519,000,000","1,712,000,000","1,640,000,000","1,536,000,000","1,589,000,000","1,721,000,000","1,738,000,000","1,532,000,000","1,645,000,000","1,738,000,000","1,685,000,000","1,509,000,000","1,676,000,000","1,793,000,000","1,779,000,000","1,555,000,000","1,782,000,000","1,776,000,000","1,907,000,000","1,653,000,000","1,783,000,000","1,780,000,000","1,918,000,000","1,700,000,000","1,788,000,000","1,941,000,000","1,933,000,000","1,809,000,000","1,914,000,000","1,982,000,000","2,125,000,000","711,000,000","821,000,000",,,"806,000,000","8,976,000,000","9,243,000,000","9,012,000,000",,"7,413,000,000","8,229,000,000","7,895,000,000","7,546,000,000","6,663,000,000","7,656,000,000","7,459,000,000","7,156,000,000","6,016,000,000","6,751,000,000","6,563,000,000","6,317,000,000","5,260,000,000","5,637,000,000","5,344,000,000","4,887,000,000","4,310,000,000","4,758,000,000","4,583,000,000","4,575,000,000","3,991,000,000","4,293,000,000","4,319,000,000","4,377,000,000","3,908,000,000","4,301,000,000","4,421,000,000","4,450,000,000","3,853,000,000","4,386,000,000","4,243,000,000","4,363,000,000","3,943,000,000","4,216,000,000","4,192,000,000","4,227,000,000","3,593,000,000","4,101,000,000","4,123,000,000","4,124,000,000","3,419,000,000","3,726,000,000","3,749,000,000","3,757,000,000","2,989,000,000","3,360,000,000","3,366,000,000","3,217,000,000","2,657,000,000","3,037,000,000","2,882,000,000","2,773,000,000",,,,,,,,,,,,,,,,,,,,,,,,,,,,,,,,,,
CostOfRevenue,"7,119,000,000","1,771,000,000","1,858,000,000","1,882,000,000","1,608,000,000","1,909,000,000","1,961,000,000","1,775,000,000","2,173,000,000","1,718,000,000","1,915,000,000","1,874,000,000","1,578,000,000","1,864,000,000","2,037,000,000","1,738,000,000","1,734,000,000","1,844,000,000","1,940,000,000","1,949,000,000","1,810,000,000","1,905,000,000","2,043,000,000","1,924,000,000","1,874,000,000","2,007,000,000","1,932,000,000","2,004,000,000","1,797,000,000","1,986,000,000","2,079,000,000","1,968,000,000","1,752,000,000","1,996,000,000","1,939,000,000","1,972,000,000","1,299,000,000","2,077,000,000","1,982,000,000","2,086,000,000","1,792,000,000","1,972,000,000","1,883,000,000","2,030,000,000","1,795,000,000","1,885,000,000","1,985,000,000","1,967,000,000","1,867,000,000","2,049,000,000","2,033,000,000","2,138,000,000","1,770,000,000","1,985,000,000","2,230,000,000","3,043,000,000","1,887,000,000","4,048,000,000","4,325,000,000","4,265,000,000","3,909,000,000","9,907,000,000","9,265,000,000","9,393,000,000","8,915,000,000","9,877,000,000","9,082,000,000","9,134,000,000","8,671,000,000","8,712,000,000","8,421,000,000","8,636,000,000","8,084,000,000","8,414,000,000","7,900,000,000","7,991,000,000","7,565,000,000","8,041,000,000","7,674,000,000","8,501,000,000","8,532,000,000","8,304,000,000","8,139,000,000","8,599,000,000","8,225,000,000","6,768,000,000","7,002,000,000","7,231,000,000","7,021,000,000","7,063,000,000","7,163,000,000","7,211,000,000","7,004,000,000","6,453,000,000","6,244,000,000","6,598,000,000","6,419,000,000","6,404,000,000","6,322,000,000","6,412,000,000","6,436,000,000","6,278,000,000","6,320,000,000","6,394,000,000","6,471,000,000","6,100,000,000","6,287,000,000","6,667,000,000","6,401,000,000","6,495,000,000","6,804,000,000","6,789,000,000","6,541,000,000","6,182,000,000","6,282,000,000","6,455,000,000","6,233,000,000","6,261,000,000","6,174,000,000","6,166,000,000","5,939,000,000","5,901,000,000","5,899,000,000","6,166,000,000","6,146,000,000","6,554,000,000","5,696,000,000","5,655,000,000","5,167,000,000","5,178,000,000","5,169,000,000","5,264,000,000",,,,,,,,,,,,,,,
GrossProfit,"13,992,000,000","3,315,000,000","3,673,000,000","3,732,000,000","3,272,000,000","3,146,000,000","3,717,000,000","3,287,000,000","2,873,000,000","3,084,000,000","3,497,000,000","3,319,000,000","2,811,000,000","2,922,000,000","3,255,000,000","3,141,000,000","2,936,000,000","2,870,000,000","3,183,000,000","3,119,000,000","2,779,000,000","2,828,000,000","3,150,000,000","2,957,000,000","2,656,000,000","2,722,000,000","3,046,000,000","2,871,000,000","2,475,000,000","2,627,000,000","2,674,000,000","2,603,000,000","2,256,000,000","2,408,000,000","2,821,000,000","2,554,000,000","2,674,000,000","2,383,000,000","2,484,000,000","2,494,000,000","2,202,000,000","2,374,000,000","2,445,000,000","1,972,000,000","2,148,000,000","2,254,000,000","2,476,000,000","2,374,000,000","2,084,000,000","2,051,000,000","2,285,000,000","2,456,000,000","2,042,000,000","-730,000,000","3,008,000,000","2,011,000,000","1,717,000,000","5,205,000,000","5,639,000,000","5,532,000,000","5,128,000,000","8,078,000,000","8,391,000,000","8,481,000,000","7,894,000,000","7,950,000,000","8,224,000,000","8,191,000,000","7,791,000,000","7,307,000,000","7,556,000,000","7,809,000,000","7,438,000,000","7,017,000,000","7,402,000,000","7,496,000,000","6,919,000,000","6,423,000,000","7,564,000,000","8,019,000,000","7,428,000,000","9,678,000,000","9,972,000,000","10,270,000,000","9,757,000,000","8,738,000,000","8,755,000,000","9,192,000,000","8,569,000,000","8,495,000,000","8,329,000,000","8,356,000,000","8,130,000,000","8,046,000,000","8,127,000,000","8,188,000,000","7,737,000,000","7,336,000,000","7,669,000,000","7,878,000,000","7,657,000,000","7,093,000,000","7,368,000,000","7,366,000,000","7,263,000,000","6,647,000,000","7,042,000,000","7,096,000,000","6,899,000,000","7,349,000,000","6,869,000,000","6,743,000,000","6,186,000,000","-1,748,000,000","8,927,000,000","9,334,000,000","8,956,000,000","8,659,000,000","8,831,000,000","8,989,000,000","8,112,000,000","7,795,000,000","7,871,000,000","8,604,000,000","8,076,000,000","7,669,000,000","7,122,000,000","7,085,000,000","6,221,000,000","5,969,000,000","6,078,000,000","6,331,000,000",,,,,,,,,,,,,,,
OperatingExpense,"2,432,000,000","582,000,000","722,000,000","546,000,000","582,000,000","569,000,000","557,000,000","491,000,000","537,000,000","572,000,000","552,000,000","569,000,000","533,000,000","797,000,000","700,000,000","641,000,000","618,000,000","698,000,000","568,000,000","568,000,000","528,000,000","779,000,000","766,000,000","546,000,000","559,000,000","757,000,000","739,000,000","643,000,000","610,000,000","715,000,000","668,000,000","638,000,000","520,000,000","599,000,000","689,000,000","552,000,000","522,000,000","556,000,000","553,000,000","601,000,000","539,000,000","794,000,000","586,000,000","676,000,000","607,000,000","756,000,000","697,000,000","824,000,000","654,000,000","430,000,000","891,000,000","779,000,000","851,000,000","805,000,000","712,000,000","594,000,000","504,000,000","2,169,000,000","1,934,000,000","2,288,000,000","1,878,000,000","4,479,000,000","3,675,000,000","4,078,000,000","3,815,000,000","4,428,000,000","3,909,000,000","3,718,000,000","3,615,000,000","3,823,000,000","3,398,000,000","3,893,000,000","3,710,000,000","3,385,000,000","3,179,000,000","3,305,000,000","3,055,000,000","3,178,000,000","3,006,000,000","3,392,000,000","3,257,000,000","5,754,000,000","5,765,000,000","6,066,000,000","6,425,000,000","5,253,000,000","4,791,000,000","5,440,000,000","5,091,000,000","5,259,000,000","4,813,000,000","4,779,000,000","4,969,000,000","5,010,000,000","4,514,000,000","4,849,000,000","4,368,000,000","4,270,000,000","4,245,000,000","4,514,000,000","4,391,000,000","4,338,000,000","4,297,000,000","4,352,000,000","4,334,000,000","4,227,000,000","4,303,000,000","4,377,000,000","4,251,000,000","5,181,000,000","4,412,000,000","4,281,000,000","3,824,000,000","-2,683,000,000","6,866,000,000","7,207,000,000","6,492,000,000","6,240,000,000","6,229,000,000","6,247,000,000","5,816,000,000","6,103,000,000","5,487,000,000","6,138,000,000","5,996,000,000","5,603,000,000","5,036,000,000","5,021,000,000","4,491,000,000","4,125,000,000","4,359,000,000","4,575,000,000",,,,,,,,,,,,,,,
	SellingGeneralAndAdministration,"2,432,000,000","582,000,000","722,000,000","546,000,000","582,000,000","569,000,000","557,000,000","491,000,000","537,000,000","572,000,000","552,000,000","569,000,000","533,000,000","797,000,000","700,000,000","641,000,000","618,000,000","698,000,000","568,000,000","568,000,000","528,000,000","779,000,000","766,000,000","546,000,000","559,000,000","757,000,000","698,000,000","643,000,000","610,000,000","718,000,000","663,000,000","638,000,000","520,000,000","597,000,000","659,000,000","547,000,000","517,000,000","603,000,000","548,000,000","596,000,000","534,000,000","790,000,000","581,000,000","671,000,000","601,000,000","752,000,000","691,000,000","651,000,000","648,000,000","426,000,000","884,000,000","776,000,000","845,000,000","693,000,000","763,000,000","649,000,000","648,000,000","2,054,000,000","1,907,000,000","1,966,000,000","1,878,000,000","4,029,000,000","3,726,000,000","3,679,000,000","3,540,000,000","3,982,000,000","3,619,000,000","3,643,000,000","3,556,000,000","2,698,000,000","3,319,000,000","3,468,000,000","3,371,000,000","2,509,000,000","3,167,000,000","3,111,000,000","3,053,000,000","2,632,000,000","3,005,000,000","3,390,000,000","3,255,000,000","5,498,000,000","5,513,000,000","5,813,000,000","6,172,000,000","4,815,000,000","4,373,000,000","5,007,000,000","4,663,000,000","4,811,000,000","4,383,000,000","4,358,000,000","4,566,000,000","4,611,000,000","4,086,000,000","4,420,000,000","3,934,000,000","3,816,000,000","3,854,000,000","4,089,000,000","3,961,000,000","3,906,000,000","3,871,000,000","3,940,000,000","3,913,000,000","3,839,000,000","3,876,000,000","3,949,000,000","3,673,000,000","4,098,000,000","3,975,000,000","3,873,000,000","3,426,000,000","4,777,000,000","3,865,000,000","4,150,000,000","3,471,000,000","3,592,000,000","3,496,000,000","3,640,000,000","3,226,000,000","3,833,000,000","3,130,000,000","3,521,000,000","3,346,000,000","3,283,000,000","3,000,000,000","3,049,000,000","2,615,000,000","2,417,000,000","2,637,000,000","2,784,000,000",,,,,,,,,,,,,,,
		GeneralAndAdministrativeExpense,"345,000,000","90,000,000",,,,"77,000,000","60,000,000","45,000,000",,"45,000,000",,,"525,000,000","789,000,000",,,"613,000,000",,,"563,000,000",,,,,,"752,000,000",,,,"713,000,000","658,000,000",,"515,000,000","597,000,000",,"547,000,000",,"603,000,000",,,,,,,,,,,"641,000,000",,"751,000,000","738,000,000","717,000,000",,,,,,,,,,,,,,,,,,,,,,,,,,,,,,,,,,,,,,,,,,,,,,,,,,,,,,,,,,,,,,,,,,,,,,,,,,,,,,,,,,,,,,,,,,,,,,
			OtherGandA,"345,000,000","90,000,000",,,,"77,000,000","60,000,000","45,000,000",,"45,000,000",,,"525,000,000","789,000,000",,,"613,000,000",,,"563,000,000",,,,,,"752,000,000",,,,"713,000,000","658,000,000",,"515,000,000","597,000,000",,"547,000,000",,"603,000,000",,,,,,,,,,,"641,000,000",,"751,000,000","738,000,000","717,000,000",,,,,,,,,,,,,,,,,,,,,,,,,,,,,,,,,,,,,,,,,,,,,,,,,,,,,,,,,,,,,,,,,,,,,,,,,,,,,,,,,,,,,,,,,,,,,,
		SellingAndMarketingExpense,"2,432,000,000","473,000,000","722,000,000",,,"474,000,000","480,000,000","428,000,000",,"511,000,000","552,000,000","569,000,000","533,000,000","797,000,000","700,000,000","641,000,000","618,000,000","698,000,000","568,000,000","568,000,000","528,000,000","779,000,000","766,000,000","546,000,000","559,000,000","757,000,000","698,000,000","643,000,000","610,000,000","718,000,000","663,000,000","638,000,000","520,000,000","597,000,000","659,000,000","547,000,000","517,000,000",,,,,,,,,,,,"7,000,000",,"133,000,000","38,000,000","128,000,000",,,,,,,,,,,,,,,,,,,,,,,,,,,,,,,,,,,,,,,,,,,,,,,,,,,,,,,,,,,,,,,,,,,,,,,,,,,,,,,,,,,,,,,,,,,,,,
	DepreciationAmortizationDepletionIncomeStatement,"72,000,000","19,000,000",,,,"18,000,000","17,000,000","18,000,000",,"16,000,000",,,"8,000,000","8,000,000",,,"5,000,000",,,"5,000,000",,,,,,"5,000,000",,,,"5,000,000","5,000,000",,"5,000,000","5,000,000","5,000,000","5,000,000","5,000,000","5,000,000","5,000,000","5,000,000","5,000,000","4,000,000","5,000,000","5,000,000","6,000,000","4,000,000","6,000,000","4,000,000","6,000,000","4,000,000","7,000,000","3,000,000","6,000,000","2,000,000","2,000,000","1,000,000","2,000,000","10,000,000","6,000,000","6,000,000","6,000,000","7,000,000","7,000,000","9,000,000","7,000,000","14,000,000","6,000,000","4,000,000","4,000,000","5,000,000","3,000,000","5,000,000","4,000,000","2,000,000","2,000,000","3,000,000","2,000,000","2,000,000","1,000,000","2,000,000","2,000,000","256,000,000","252,000,000","253,000,000","253,000,000","438,000,000","418,000,000","433,000,000","428,000,000","448,000,000","430,000,000","421,000,000","403,000,000","399,000,000","428,000,000","429,000,000","434,000,000","454,000,000","391,000,000","425,000,000","430,000,000","432,000,000","426,000,000","412,000,000","421,000,000","388,000,000","427,000,000","428,000,000","578,000,000","1,083,000,000","437,000,000","408,000,000","398,000,000","422,000,000","376,000,000","424,000,000","397,000,000","377,000,000","385,000,000","387,000,000","393,000,000","363,000,000","378,000,000","378,000,000","381,000,000","417,000,000","316,000,000","313,000,000","312,000,000","280,000,000","309,000,000","303,000,000",,,,,,,,,,,,,,,
		DepreciationAndAmortizationInIncomeStatement,"72,000,000","19,000,000",,,,"18,000,000","17,000,000","18,000,000",,"16,000,000",,,"8,000,000","8,000,000",,,"5,000,000",,,"5,000,000",,,,,,"5,000,000",,,,"5,000,000","5,000,000",,"5,000,000","5,000,000","5,000,000","5,000,000","5,000,000","5,000,000","5,000,000","5,000,000","5,000,000","4,000,000","5,000,000","5,000,000","6,000,000","4,000,000","6,000,000","4,000,000","6,000,000","4,000,000","7,000,000","3,000,000","6,000,000","2,000,000","2,000,000","1,000,000","2,000,000","10,000,000","6,000,000","6,000,000","6,000,000","7,000,000","7,000,000","9,000,000","7,000,000","14,000,000","6,000,000","4,000,000","4,000,000","5,000,000","3,000,000","5,000,000","4,000,000","2,000,000","2,000,000","3,000,000","2,000,000","2,000,000","1,000,000","2,000,000","2,000,000","256,000,000","252,000,000","253,000,000","253,000,000","438,000,000","418,000,000","433,000,000","428,000,000","448,000,000","430,000,000","421,000,000","403,000,000","399,000,000","428,000,000","429,000,000","434,000,000","454,000,000","391,000,000","425,000,000","430,000,000","432,000,000","426,000,000","412,000,000","421,000,000","388,000,000","427,000,000","428,000,000","578,000,000","1,083,000,000","437,000,000","408,000,000","398,000,000","422,000,000","376,000,000","424,000,000","397,000,000","377,000,000","385,000,000","387,000,000","393,000,000","363,000,000","378,000,000","378,000,000","381,000,000","417,000,000","316,000,000","313,000,000","312,000,000","280,000,000","309,000,000","303,000,000",,,,,,,,,,,,,,,
			Amortization,"72,000,000","19,000,000",,,,"18,000,000","17,000,000","18,000,000",,"16,000,000",,,"8,000,000","8,000,000",,,"5,000,000",,,"5,000,000",,,,,,"5,000,000",,,,"5,000,000","5,000,000",,"5,000,000","5,000,000","5,000,000","5,000,000","5,000,000","5,000,000","5,000,000","5,000,000","5,000,000","4,000,000","5,000,000","5,000,000","6,000,000","4,000,000","6,000,000","4,000,000","6,000,000","4,000,000","7,000,000","3,000,000","6,000,000","2,000,000","2,000,000","1,000,000","2,000,000","10,000,000","6,000,000","6,000,000","6,000,000","7,000,000","7,000,000","9,000,000","7,000,000","14,000,000","6,000,000","4,000,000","4,000,000","5,000,000","3,000,000","5,000,000","4,000,000","2,000,000","2,000,000","3,000,000","2,000,000","2,000,000","1,000,000","2,000,000","2,000,000","256,000,000","252,000,000","253,000,000","253,000,000",,,,,,,,,,,,,,,,,,,,,,,,,,,,,,,,,,,,,,,,,,,,,,,,,,,,,,,,,,,,,,
				AmortizationOfIntangiblesIncomeStatement,"72,000,000","19,000,000",,,,"18,000,000","17,000,000","18,000,000",,"16,000,000",,,"8,000,000","8,000,000",,,"5,000,000",,,"5,000,000",,,,,,"5,000,000",,,,"5,000,000","5,000,000",,"5,000,000","5,000,000","5,000,000","5,000,000","5,000,000","5,000,000","5,000,000","5,000,000","5,000,000","4,000,000","5,000,000","5,000,000","6,000,000","4,000,000","6,000,000","4,000,000","6,000,000","4,000,000","7,000,000","3,000,000","6,000,000","2,000,000","2,000,000","1,000,000","2,000,000","10,000,000","6,000,000","6,000,000","6,000,000","7,000,000","7,000,000","9,000,000","7,000,000","14,000,000","6,000,000","4,000,000","4,000,000","5,000,000","3,000,000","5,000,000","4,000,000","2,000,000","2,000,000","3,000,000","2,000,000","2,000,000","1,000,000","2,000,000","2,000,000","256,000,000","252,000,000","253,000,000","253,000,000",,,,,,,,,,,,,,,,,,,,,,,,,,,,,,,,,,,,,,,,,,,,,,,,,,,,,,,,,,,,,,
	OtherOperatingExpenses,,,,,,,,,,,,,,,,,,,,,,,,,,"0","41,000,000",,,"-3,000,000","5,000,000",,,"-3,000,000","25,000,000",,,"-4,000,000",,,,,,,,,,"169,000,000",,,"88,000,000",,,"-294,000,000","-53,000,000","-56,000,000","-146,000,000","105,000,000","21,000,000","316,000,000","-6,000,000","443,000,000","-58,000,000","390,000,000","268,000,000","432,000,000","284,000,000","71,000,000","55,000,000","311,000,000","76,000,000","420,000,000","335,000,000","112,000,000","10,000,000","191,000,000",,,,,,,,,,,,,,,,,,,,,,,,,,,,,,,,,,,,,,,"2,625,000,000","2,633,000,000","2,624,000,000","2,271,000,000","2,348,000,000","2,220,000,000","2,197,000,000","1,907,000,000","1,979,000,000","2,239,000,000","2,269,000,000","1,903,000,000","1,720,000,000","1,659,000,000","1,564,000,000","1,428,000,000","1,413,000,000","1,488,000,000",,,,,,,,,,,,,,,
OperatingIncome,"11,560,000,000","2,733,000,000","2,951,000,000","3,186,000,000","2,690,000,000","2,577,000,000","3,160,000,000","2,796,000,000","2,336,000,000","2,512,000,000","2,945,000,000","2,750,000,000","2,278,000,000","2,125,000,000","2,555,000,000","2,500,000,000","2,318,000,000","2,172,000,000","2,615,000,000","2,551,000,000","2,251,000,000","2,049,000,000","2,384,000,000","2,411,000,000","2,097,000,000","1,965,000,000","2,307,000,000","2,228,000,000","1,865,000,000","1,912,000,000","2,006,000,000","1,965,000,000","1,736,000,000","1,809,000,000","2,132,000,000","2,002,000,000","2,152,000,000","1,827,000,000","1,931,000,000","1,893,000,000","1,663,000,000","1,580,000,000","1,859,000,000","1,296,000,000","1,541,000,000","1,498,000,000","1,779,000,000","1,550,000,000","1,430,000,000","1,621,000,000","3,376,000,000","3,802,000,000","1,191,000,000","-1,535,000,000","2,296,000,000","1,417,000,000","1,213,000,000","3,036,000,000","3,705,000,000","3,244,000,000","3,250,000,000","3,599,000,000","4,716,000,000","4,403,000,000","4,079,000,000","3,522,000,000","4,315,000,000","4,473,000,000","4,176,000,000","3,484,000,000","4,158,000,000","3,916,000,000","3,728,000,000","3,632,000,000","4,223,000,000","4,191,000,000","3,864,000,000","3,245,000,000","4,558,000,000","4,627,000,000","4,171,000,000","3,924,000,000","4,207,000,000","4,204,000,000","3,332,000,000","3,485,000,000","3,964,000,000","3,752,000,000","3,478,000,000","3,236,000,000","3,516,000,000","3,577,000,000","3,161,000,000","3,036,000,000","3,613,000,000","3,339,000,000","3,369,000,000","3,066,000,000","3,424,000,000","3,364,000,000","3,266,000,000","2,755,000,000","3,071,000,000","3,014,000,000","2,929,000,000","2,420,000,000","2,739,000,000","2,719,000,000","2,648,000,000","2,168,000,000","2,457,000,000","2,462,000,000","2,362,000,000","935,000,000","2,061,000,000","2,127,000,000","2,464,000,000","2,419,000,000","2,602,000,000","2,742,000,000","2,296,000,000","1,692,000,000","2,384,000,000","2,466,000,000","2,080,000,000","2,066,000,000","2,086,000,000","2,064,000,000","1,730,000,000","1,844,000,000","1,719,000,000","1,756,000,000","10,770,000,000","-18,080,000,000","7,547,000,000","7,819,000,000","7,236,000,000","-16,620,000,000","6,967,000,000","7,110,000,000","6,554,000,000","-15,252,000,000","6,398,000,000","6,534,000,000","5,924,000,000","-8,077,400,000","3,634,800,000"
NetNonOperatingInterestIncomeExpense,"-1,162,000,000","-293,000,000","-266,000,000","-295,000,000","-308,000,000","-316,000,000","-310,000,000","-308,000,000","-275,000,000","-291,000,000","-293,000,000","-312,000,000","-384,000,000","-162,000,000","-159,000,000","-178,000,000","-166,000,000","-180,000,000","-169,000,000","-177,000,000","-179,000,000","-176,000,000","-179,000,000","-192,000,000","-200,000,000","-208,000,000","-205,000,000","-195,000,000","-209,000,000","-212,000,000","-213,000,000","-230,000,000","-153,000,000","-255,000,000","-269,000,000","-264,000,000","-261,000,000","-258,000,000","-282,000,000","-293,000,000","-293,000,000","-351,000,000","-293,000,000","-294,000,000","-278,000,000","-277,000,000","-279,000,000","-290,000,000","-287,000,000","-283,000,000","-279,000,000","-287,000,000","-336,000,000",,,,,,,,,,,,,,,,,,,,,,,,,,,,,,,,,,,,,,,,,,,,,,,,,,,,,,,,,,,,,,,,,,,,,,,,,,,,,,,,,,,,,,,,,,,,,,
	InterestIncomeNonOperating,"26,000,000"
	InterestExpenseNonOperating,"1,188,000,000","319,000,000","266,000,000","295,000,000","308,000,000","330,000,000","310,000,000","308,000,000","275,000,000","333,000,000","293,000,000","312,000,000","384,000,000","194,000,000","159,000,000","178,000,000","166,000,000","211,000,000","169,000,000","177,000,000","179,000,000","189,000,000","179,000,000","192,000,000","200,000,000","212,000,000","205,000,000","195,000,000","209,000,000","261,000,000","213,000,000","230,000,000","153,000,000","259,000,000","269,000,000","264,000,000","261,000,000","260,000,000","282,000,000","293,000,000",,,,,,"280,000,000","279,000,000","290,000,000","287,000,000","287,000,000","279,000,000","287,000,000",,,,,,,,,,,,,,,,,,,,,,,,,,,,,,,,,,,,,,,,,,,,,,,,,,,,,,,,,,,,,,,,,,,,,,,,,,,,,,,,,,,,,,,,,,,,,,,
	TotalOtherFinanceCost,"1,162,000,000","293,000,000",,"295,000,000","308,000,000","316,000,000","310,000,000","308,000,000","275,000,000","291,000,000","293,000,000","312,000,000","384,000,000","162,000,000","159,000,000","178,000,000","166,000,000",,"169,000,000","177,000,000","179,000,000",,"179,000,000","192,000,000","200,000,000","208,000,000","205,000,000","195,000,000","209,000,000","212,000,000","213,000,000","230,000,000","153,000,000","255,000,000","269,000,000","264,000,000","261,000,000","258,000,000",,"293,000,000","293,000,000",,"293,000,000","294,000,000","278,000,000",,"279,000,000",,,,"-279,000,000","-287,000,000","336,000,000",,,,,,,,,,,,,,,,,,,,,,,,,,,,,,,,,,,,,,,,,,,,,,,,,,,,,,,,,,,,,,,,,,,,,,,,,,,,,,,,,,,,,,,,,,,,,,
OtherIncomeExpense,"-6,574,000,000","-160,000,000","-5,987,000,000","18,000,000","-445,000,000","280,000,000","-3,174,000,000","77,000,000","47,000,000","-3,444,000,000","-4,780,000,000","163,000,000","-378,000,000","-253,000,000","212,000,000","235,000,000","314,000,000","191,000,000","198,000,000","536,000,000","19,000,000","13,835,000,000","-478,000,000","315,000,000","-14,000,000","216,000,000","187,000,000","221,000,000","-94,000,000","209,000,000","321,000,000","210,000,000","223,000,000","-841,000,000","255,000,000","226,000,000","256,000,000","189,000,000","-606,000,000","207,000,000","157,000,000","-46,000,000","227,000,000","154,000,000","187,000,000","186,000,000","183,000,000","92,000,000","138,000,000","-263,000,000","119,000,000","217,000,000","106,000,000","-32,000,000","37,000,000","128,000,000","-104,000,000","-63,000,000","35,000,000","-217,000,000","46,000,000","176,000,000","55,000,000","-390,000,000","-268,000,000","-324,000,000","-284,000,000","-73,000,000","-55,000,000","-311,000,000","-76,000,000","-420,000,000","-335,000,000","-112,000,000","-10,000,000","-191,000,000",,"-566,000,000","2,653,000,000",,,,,,,,,,,,,,,"-2,265,000,000","-111,000,000","-199,000,000","-806,000,000","-645,000,000","-812,000,000",,,,,,,,,,,,,,,,,,,,,,,,,,,,,,,,,,,,,,,,,,,,,,,,
	GainOnSaleOfSecurity,"-148,000,000","-20,000,000","-135,000,000","-103,000,000","110,000,000","62,000,000","-105,000,000","40,000,000","-137,000,000","-115,000,000","-636,000,000","-266,000,000","-425,000,000",,,,,,,,,,"48,000,000","117,000,000","40,000,000",,,,,,,,,,,,,,,,,,,,,,,,,,,,,,,,,,,,,,,,,,,,,,,,,,,,,,,,,,,,,,,,,,,,,,,,,,,,,,,,,,,,,,,,,,,,,,,,,,,,,,,,,,,,,,,,,,,,,,,,,,
	EarningsFromEquityInterest,"-5,979,000,000","-190,000,000","-5,915,000,000","75,000,000","51,000,000","195,000,000","-472,000,000","9,000,000","157,000,000","859,000,000","333,000,000","447,000,000","86,000,000","131,000,000","189,000,000","228,000,000","342,000,000","200,000,000","169,000,000","140,000,000","23,000,000","231,000,000","299,000,000","199,000,000","66,000,000","211,000,000","187,000,000","225,000,000","134,000,000","253,000,000","328,000,000","200,000,000","225,000,000","253,000,000","255,000,000","227,000,000","256,000,000","251,000,000","230,000,000","223,000,000","178,000,000","178,000,000","208,000,000","155,000,000","189,000,000","191,000,000","186,000,000","113,000,000","138,000,000","158,000,000","119,000,000","217,000,000","106,000,000","123,000,000","54,000,000","147,000,000","143,000,000","42,000,000","56,000,000","99,000,000","40,000,000",,,,,,,,,,,,,,,,,,,,,,,,,,,,,,,,,,,,,,,,,,,,,,,,,,,,,,,,,,,,,,,,,,,,,,,,,,,,,,,,,,,,,,
	SpecialIncomeCharges,"-649,000,000","0","0","0","-649,000,000","4,000,000","-2,600,000,000","0","0","-4,185,000,000","-4,501,000,000","-33,000,000","-40,000,000","-381,000,000","2,000,000","-2,000,000","-35,000,000","-9,000,000","29,000,000","396,000,000","-4,000,000","13,809,000,000","-825,000,000","-1,000,000","-120,000,000","0","0","-4,000,000","-228,000,000","-44,000,000","-7,000,000","10,000,000","-2,000,000","-1,094,000,000","0","-1,000,000","0","-62,000,000","-836,000,000","-16,000,000","-21,000,000","-224,000,000","19,000,000","-1,000,000","-2,000,000","-5,000,000","-3,000,000","-21,000,000","0",,,,,"-155,000,000","-17,000,000","-19,000,000","-247,000,000","-105,000,000","-21,000,000","-316,000,000","6,000,000","176,000,000","55,000,000","-390,000,000","-268,000,000","-324,000,000","-284,000,000","-73,000,000","-55,000,000","-311,000,000","-76,000,000","-420,000,000","-335,000,000","-112,000,000","-10,000,000","-191,000,000",,"-566,000,000","2,653,000,000",,,,,,,,,,,,,,,"-2,265,000,000","-111,000,000","-199,000,000","-806,000,000","-645,000,000","-812,000,000",,,,,,,,,,,,,,,,,,,,,,,,,,,,,,,,,,,,,,,,,,,,,,,,
		RestructuringAndMergernAcquisition,,,,,,,,,,"0","0","0","0","0","0",,"33,000,000","0","-37,000,000","-408,000,000","0",,,,,,,,,,,,,,,,,,,,,,,,,,,,"0",,,,,,,,,,,,,"-619,000,000","3,000,000",,,,,"2,000,000",,,,,,,,,,,,,,,,,,,,,,,,,,,,,,,,,,,,,,,,,,,,,,,,,,,,,,,,,,,,,,,,,,,,,,,,,,,,,,,
		ImpairmentOfCapitalAssets,,,,,,"-3,000,000","0","0","0","85,000,000","1,000,000","33,000,000","40,000,000","381,000,000","-2,000,000","2,000,000","2,000,000","9,000,000","8,000,000","12,000,000","4,000,000","56,000,000","2,000,000","1,000,000","120,000,000","0","0","4,000,000","0","0","7,000,000","-10,000,000","2,000,000","10,000,000","0","1,000,000","0","14,000,000","10,000,000","16,000,000","21,000,000","219,000,000",,"1,000,000","2,000,000","5,000,000","3,000,000","21,000,000",,,,,,,,,,,,,,,,,,,,,,,,,,,,,,,,,,,,,,,,,,,,,,,,,,,,,,,,,,,,,,,,,,,,,,,,,,,,,,,,,,,,,,,,,,,,,,,,,,,
		WriteOff,"0","0","0",,,"-4,000,000","2,600,000,000","0","0","4,185,000,000","4,501,000,000","33,000,000","40,000,000","381,000,000","-2,000,000","2,000,000","2,000,000","9,000,000","8,000,000","12,000,000","4,000,000","56,000,000","2,000,000","1,000,000","120,000,000","0","0","4,000,000","0","0","7,000,000","-10,000,000","2,000,000","10,000,000","0","1,000,000","0","14,000,000",,,,,,,,,,,,,,,,,,,,,,,,,,,,,,,,,,,,,,,,,,,,,,,,,,,,,,,,,,,,,,,,,,,,,,,,,,,,,,,,,,,,,,,,,,,,,,,,,,,,,,,,,,,,,
		OtherSpecialCharges,"649,000,000","0",,,"649,000,000",,,,,,,,,,,,,,,,,"0","823,000,000",,,"0",,,"228,000,000","44,000,000",,,,"1,084,000,000",,,,"48,000,000","826,000,000",,,"5,000,000",,,,,,,,,,,,,,,,,,,,"443,000,000","-58,000,000",,,,,"71,000,000",,,,,,,,,,,,,,,,,,,,,,,,,,,,,,,,,,,,,,,,,,,,,,,,,,,,,,,,,,,,,,,,,,,,,,,,,,,,,,,
	OtherNonOperatingIncomeExpenses,"202,000,000","50,000,000","63,000,000","46,000,000","43,000,000","19,000,000","3,000,000","28,000,000","27,000,000","-3,000,000","24,000,000","15,000,000","1,000,000","-3,000,000","21,000,000","9,000,000","7,000,000",,,,,,,,,"5,000,000",,,,,,,,,,,,,,,,,,,,,,,,,,,,,,,,,,,,,,,,,,,,,,,,,,,,,,,,,,,,,,,,,,,,,,,,,,,,,,,,,,,,,,,,,,,,,,,,,,,,,,,,,,,,,,,,,,,,,,,,,
PretaxIncome,"3,824,000,000","2,280,000,000","-3,302,000,000","2,909,000,000","1,937,000,000","2,541,000,000","-324,000,000","2,565,000,000","2,108,000,000","-1,223,000,000","-2,128,000,000","2,601,000,000","1,516,000,000","1,710,000,000","2,608,000,000","2,557,000,000","2,466,000,000","2,183,000,000","2,644,000,000","2,910,000,000","2,091,000,000","15,708,000,000","1,727,000,000","2,534,000,000","1,883,000,000","1,973,000,000","2,289,000,000","2,254,000,000","1,562,000,000","1,909,000,000","2,114,000,000","1,945,000,000","1,806,000,000","713,000,000","2,118,000,000","1,964,000,000","2,147,000,000","1,758,000,000","1,043,000,000","1,807,000,000","1,527,000,000","1,183,000,000","1,793,000,000","1,156,000,000","1,450,000,000","1,407,000,000","1,683,000,000","1,352,000,000","1,281,000,000","1,075,000,000","1,234,000,000","1,607,000,000","961,000,000","981,000,000","1,358,000,000","1,471,000,000","979,000,000","3,008,000,000","3,694,000,000","3,182,000,000","3,136,000,000","4,043,000,000","4,520,000,000","4,137,000,000","3,836,000,000","3,380,000,000","4,009,000,000","4,151,000,000","3,895,000,000","3,087,000,000","3,870,000,000","3,619,000,000","3,428,000,000","3,329,000,000","3,922,000,000","3,928,000,000","3,581,000,000","2,970,000,000","6,932,000,000","4,318,000,000","3,878,000,000","3,671,000,000","3,931,000,000","2,682,000,000","2,881,000,000","3,302,000,000","3,806,000,000","3,559,000,000","3,293,000,000","3,068,000,000","3,317,000,000","3,355,000,000","2,955,000,000","564,000,000","3,302,000,000","2,902,000,000","2,319,000,000","2,184,000,000","2,363,000,000","3,085,000,000","2,979,000,000","2,493,000,000","2,790,000,000","2,748,000,000","2,652,000,000","2,157,000,000","2,449,000,000","2,411,000,000","2,330,000,000","1,876,000,000","2,147,000,000","2,150,000,000","2,043,000,000","612,000,000","1,718,000,000","1,784,000,000","2,082,000,000","2,096,000,000","2,247,000,000","2,353,000,000","1,912,000,000","1,278,000,000","1,996,000,000","2,047,000,000","1,650,000,000","1,623,000,000","1,679,000,000","1,669,000,000","1,340,000,000","1,453,000,000","1,286,000,000","1,300,000,000",,,,,,,,,,,,,,,
TaxProvision,"1,349,000,000","656,000,000","-582,000,000","759,000,000","516,000,000","619,000,000","632,000,000","627,000,000","558,000,000","591,000,000","474,000,000","604,000,000","395,000,000","459,000,000","664,000,000","680,000,000","571,000,000","-2,785,000,000","777,000,000","920,000,000","689,000,000","5,430,000,000","633,000,000","880,000,000","665,000,000","725,000,000","761,000,000","805,000,000","544,000,000","673,000,000","717,000,000","683,000,000","631,000,000","225,000,000","722,000,000","698,000,000","762,000,000","653,000,000","386,000,000","581,000,000","554,000,000","346,000,000","619,000,000","712,000,000","512,000,000","487,000,000","552,000,000","309,000,000","468,000,000","349,000,000","352,000,000","596,000,000","372,000,000","302,000,000","491,000,000","541,000,000","365,000,000","862,000,000","1,117,000,000","1,066,000,000","1,051,000,000","1,076,000,000","1,598,000,000","1,388,000,000","289,000,000","1,037,000,000","1,098,000,000","1,192,000,000","1,291,000,000","1,096,000,000","1,295,000,000","963,000,000","1,186,000,000","1,155,000,000","1,353,000,000","1,382,000,000","1,261,000,000","1,054,000,000","2,461,000,000","1,533,000,000","1,376,000,000","1,389,000,000","1,492,000,000","1,431,000,000","1,095,000,000","1,291,000,000","1,487,000,000","1,388,000,000","1,284,000,000","1,211,000,000","1,316,000,000","1,325,000,000","1,168,000,000","290,000,000","1,322,000,000","1,166,000,000","937,000,000","889,000,000","957,000,000","1,249,000,000","1,206,000,000","1,022,000,000","1,144,000,000","1,127,000,000","1,087,000,000","885,000,000","1,016,000,000","1,001,000,000","967,000,000","784,000,000","917,000,000","918,000,000","872,000,000","286,000,000","747,000,000","731,000,000","864,000,000","900,000,000","956,000,000","1,000,000,000","813,000,000","577,000,000","865,000,000","894,000,000","708,000,000","743,000,000","742,000,000","721,000,000","565,000,000","590,000,000","538,000,000","555,000,000",,,,,,,,,,,,,,,
NetIncomeCommonStockholders,"2,464,000,000","1,621,000,000","-2,724,000,000","2,146,000,000","1,421,000,000","1,922,000,000","-953,000,000","1,940,000,000","1,550,000,000","-1,811,000,000","-2,601,000,000","1,994,000,000","1,118,000,000","1,249,000,000","1,941,000,000","1,873,000,000","1,892,000,000","4,959,000,000","1,864,000,000","1,986,000,000","1,399,000,000","10,258,000,000","1,092,000,000","1,650,000,000","1,215,000,000","1,245,000,000","1,525,000,000","1,445,000,000","1,016,000,000","1,233,000,000","1,394,000,000","1,259,000,000","1,172,000,000","487,000,000","1,392,000,000","1,263,000,000","1,381,000,000","1,090,000,000","657,000,000","1,225,000,000","973,000,000","836,000,000","1,173,000,000","444,000,000","937,000,000","916,000,000","1,126,000,000","1,042,000,000","813,000,000","725,000,000","882,000,000","1,010,000,000","589,000,000","679,000,000","867,000,000","930,000,000","2,454,000,000","2,188,000,000","2,633,000,000","2,215,000,000","2,750,000,000","2,959,000,000","2,875,000,000","2,711,000,000","3,477,000,000","2,289,000,000","2,883,000,000","2,667,000,000","2,596,000,000","1,947,000,000","2,648,000,000","2,627,000,000","2,194,000,000","2,091,000,000","2,490,000,000","2,437,000,000","2,186,000,000","1,768,000,000","4,359,000,000","2,610,000,000","2,365,000,000","2,164,000,000","2,328,000,000","2,288,000,000","1,780,000,000","2,011,000,000","2,319,000,000","2,171,000,000","2,009,000,000","1,857,000,000","2,001,000,000","2,030,000,000","1,787,000,000","274,000,000","1,980,000,000","1,736,000,000","1,382,000,000","1,295,000,000","1,406,000,000","1,836,000,000","1,773,000,000","1,471,000,000","1,646,000,000","1,621,000,000","1,565,000,000","1,272,000,000","1,433,000,000","1,410,000,000","1,335,000,000","1,092,000,000","1,230,000,000","1,232,000,000","1,171,000,000","-151,000,000","971,000,000","1,053,000,000","1,218,000,000","1,196,000,000","1,291,000,000","1,353,000,000","1,099,000,000","701,000,000","1,131,000,000","1,153,000,000","942,000,000","880,000,000","937,000,000","948,000,000","775,000,000","863,000,000","748,000,000","745,000,000",,,,,,,,,,,,,,,
	NetIncome,"2,475,000,000","1,624,000,000","-2,722,000,000","2,149,000,000","1,424,000,000","1,924,000,000","-952,000,000","1,943,000,000","1,552,000,000","-1,809,000,000","-2,600,000,000","1,996,000,000","1,120,000,000","1,250,000,000","1,943,000,000","1,876,000,000","1,894,000,000","4,966,000,000","1,866,000,000","1,989,000,000","1,401,000,000","10,276,000,000","1,093,000,000","1,653,000,000","1,217,000,000","1,247,000,000","1,528,000,000","1,448,000,000","1,018,000,000","1,236,000,000","1,397,000,000","1,262,000,000","1,175,000,000","488,000,000","1,396,000,000","1,266,000,000","1,385,000,000","1,103,000,000","657,000,000","1,225,000,000","973,000,000","836,000,000","1,173,000,000","444,000,000","937,000,000","919,000,000","1,131,000,000","1,042,000,000","813,000,000","725,000,000","882,000,000","1,010,000,000","589,000,000","679,000,000","867,000,000","930,000,000","2,454,000,000","2,188,000,000","2,633,000,000","2,215,000,000","2,750,000,000","2,959,000,000","2,875,000,000","2,711,000,000","3,477,000,000","2,289,000,000","2,883,000,000","2,667,000,000","2,596,000,000","1,947,000,000","2,648,000,000","2,627,000,000","2,194,000,000","2,091,000,000","2,490,000,000","2,437,000,000","2,186,000,000","1,768,000,000","4,359,000,000","2,610,000,000","2,365,000,000","2,164,000,000","2,328,000,000","2,288,000,000","1,780,000,000","2,011,000,000","2,319,000,000","2,171,000,000","2,009,000,000","1,857,000,000","2,001,000,000","2,030,000,000","1,787,000,000","274,000,000","1,980,000,000","1,736,000,000","1,382,000,000","1,295,000,000","1,406,000,000","1,836,000,000","1,773,000,000","1,471,000,000","1,646,000,000","1,621,000,000","1,565,000,000","1,272,000,000","1,433,000,000","1,410,000,000","1,335,000,000","1,092,000,000","1,230,000,000","1,232,000,000","1,171,000,000","-151,000,000","971,000,000","1,053,000,000","1,218,000,000","1,196,000,000","1,291,000,000","1,353,000,000","1,099,000,000","701,000,000","1,131,000,000","1,153,000,000","942,000,000","880,000,000","937,000,000","948,000,000","775,000,000","863,000,000","748,000,000","745,000,000",,,,,,,,,,,,,,,
		NetIncomeIncludingNoncontrollingInterests,"2,475,000,000","1,624,000,000","-2,720,000,000","2,150,000,000","1,421,000,000","1,922,000,000","-956,000,000","1,938,000,000","1,550,000,000","-1,814,000,000","-2,602,000,000","1,997,000,000","1,121,000,000","1,251,000,000","1,944,000,000","1,877,000,000","1,895,000,000","4,968,000,000","1,867,000,000","1,990,000,000","1,402,000,000","10,278,000,000","1,094,000,000","1,654,000,000","1,218,000,000","1,248,000,000","1,528,000,000","1,449,000,000","1,018,000,000","1,236,000,000","1,397,000,000","1,262,000,000","1,175,000,000","488,000,000","1,396,000,000","1,266,000,000","1,385,000,000","1,105,000,000","657,000,000","1,226,000,000","973,000,000","837,000,000","1,174,000,000","444,000,000","938,000,000","920,000,000","1,131,000,000","1,043,000,000","813,000,000","726,000,000","882,000,000","1,011,000,000","589,000,000","679,000,000","867,000,000","930,000,000","2,454,000,000","2,188,000,000","2,633,000,000","2,215,000,000","2,750,000,000","2,967,000,000","2,922,000,000","2,749,000,000","3,547,000,000","2,343,000,000","2,911,000,000","2,714,000,000","2,616,000,000","1,987,000,000","2,575,000,000","2,656,000,000","2,242,000,000","2,174,000,000","2,569,000,000","2,546,000,000","2,320,000,000","1,916,000,000","4,471,000,000","2,785,000,000","2,502,000,000","2,282,000,000","2,439,000,000","2,335,000,000","1,780,000,000","2,011,000,000","2,319,000,000","2,171,000,000","2,009,000,000","1,857,000,000","2,001,000,000","2,030,000,000","1,787,000,000","274,000,000","1,980,000,000","1,736,000,000","1,382,000,000","1,295,000,000","1,406,000,000","1,836,000,000","1,773,000,000","1,471,000,000","1,646,000,000","1,621,000,000","1,565,000,000","1,272,000,000","1,433,000,000","1,410,000,000","1,335,000,000","1,092,000,000","1,230,000,000","1,232,000,000","1,171,000,000","-151,000,000","971,000,000","1,053,000,000","1,218,000,000","1,196,000,000","1,291,000,000","1,353,000,000","1,099,000,000","701,000,000","1,131,000,000","1,153,000,000","942,000,000","880,000,000","937,000,000","948,000,000","775,000,000","863,000,000","748,000,000","745,000,000","590,000,000","569,000,000","639,000,000","627,000,000","502,000,000","478,000,000","502,000,000","476,000,000","386,000,000","371,000,000","414,000,000","377,000,000","316,000,000","282,900,000","394,000,000"
			NetIncomeContinuousOperations,"2,475,000,000","1,624,000,000","-2,720,000,000","2,150,000,000","1,421,000,000","1,922,000,000","-956,000,000","1,938,000,000","1,550,000,000","-1,814,000,000","-2,602,000,000","1,997,000,000","1,121,000,000","1,251,000,000","1,944,000,000","1,877,000,000","1,895,000,000","4,968,000,000","1,867,000,000","1,990,000,000","1,402,000,000","10,278,000,000","1,094,000,000","1,654,000,000","1,218,000,000","1,248,000,000","1,528,000,000","1,449,000,000","1,018,000,000","1,236,000,000","1,397,000,000","1,262,000,000","1,175,000,000","488,000,000","1,396,000,000","1,266,000,000","1,385,000,000","1,105,000,000","657,000,000","1,226,000,000","973,000,000","837,000,000","1,174,000,000","444,000,000","938,000,000","920,000,000","1,131,000,000","1,043,000,000","813,000,000","726,000,000","882,000,000","1,011,000,000","589,000,000","679,000,000","867,000,000","930,000,000","614,000,000","2,188,000,000","2,633,000,000","2,215,000,000","2,125,000,000","2,959,000,000","2,875,000,000","2,711,000,000","3,477,000,000","2,289,000,000","2,883,000,000","2,912,000,000","2,584,000,000","1,951,000,000","2,648,000,000","2,627,000,000","2,194,000,000","2,091,000,000","2,490,000,000","2,437,000,000","2,186,000,000","1,768,000,000","4,359,000,000","2,610,000,000","2,365,000,000","2,164,000,000","2,328,000,000","2,288,000,000","1,786,000,000","2,011,000,000","2,319,000,000","2,171,000,000","2,009,000,000","1,857,000,000","2,001,000,000","2,030,000,000","1,787,000,000","274,000,000","1,980,000,000","1,736,000,000","1,382,000,000","1,295,000,000","1,406,000,000","1,836,000,000","1,773,000,000","1,471,000,000","1,646,000,000","1,621,000,000","1,565,000,000","1,272,000,000","1,433,000,000","1,410,000,000","1,363,000,000","1,092,000,000","1,230,000,000","1,232,000,000","1,171,000,000","326,000,000","971,000,000","1,053,000,000","1,218,000,000","1,196,000,000","1,291,000,000","1,353,000,000","1,099,000,000","701,000,000","1,131,000,000","1,153,000,000","942,000,000","880,000,000","937,000,000","948,000,000","775,000,000","863,000,000","748,000,000","745,000,000","590,000,000","569,000,000","639,000,000","627,000,000","502,000,000","478,000,000","502,000,000","476,000,000","386,000,000","371,000,000","414,000,000","377,000,000","316,000,000","282,900,000","394,000,000"
			NetIncomeDiscontinuousOperations,,,,,,,,,,,,,,,,,,,,,,,,,,,,,,,,,,,,,,,,,,,,,,,,,,"0",,,"0","0",,,"1,840,000,000","0",,,"625,000,000",,,,,"0",,"-245,000,000","12,000,000",,,,,,,,,,,,,,,,,,,,,,,,,,,,,,,,,,,,,,,,,,,,,,,,,,,,,,,,,,,,,,,,,,,,,,,,,,,,,,
			NetIncomeExtraordinary,,,,,,,,,,,,,,,,,,,,,,,,,,,,,,,,,,,,,,,,,,,,,,,,,,,,,,,,,,,,,,,,,,,,,,,,,,,,,,,,,,"0",,,"-6,000,000",,,,,,,,,,,,,,,,,,,,,"0",,,"-28,000,000",,,,,,,,,,,,,,,,,,,,,,,,,,,,,,,,,,,,,,
		MinorityInterests,"0","0","-2,000,000","-1,000,000","3,000,000","2,000,000","4,000,000","5,000,000","2,000,000","5,000,000","2,000,000","-1,000,000","-1,000,000","-1,000,000","-1,000,000","-1,000,000","-1,000,000","-2,000,000","-1,000,000","-1,000,000","-1,000,000","-2,000,000","-1,000,000","-1,000,000","-1,000,000","-1,000,000","0","-1,000,000","0","0","0","0","0","0","0","0","0","-2,000,000","0","-1,000,000","0","-1,000,000","-1,000,000","0","-1,000,000","-1,000,000",,"-1,000,000",,"-1,000,000",,"-1,000,000","0",,,,,,,,,"-8,000,000","-47,000,000","-38,000,000","-70,000,000","-54,000,000","-28,000,000","-47,000,000","-20,000,000","-40,000,000","73,000,000","-29,000,000","-48,000,000","-83,000,000","-79,000,000","-109,000,000","-134,000,000","-148,000,000","-112,000,000","-175,000,000","-137,000,000","-118,000,000","-111,000,000","-47,000,000",,,,,,,,,,,,,,,,,,,,,,,,,,,,,,,,,,,,,,,,,,,,,,,,,,,,,,,,,,,,,,,
	OtherunderPreferredStockDividend,"11,000,000","3,000,000","2,000,000","3,000,000","3,000,000","2,000,000","1,000,000","3,000,000","2,000,000","2,000,000","1,000,000","2,000,000","2,000,000","1,000,000","2,000,000","3,000,000","2,000,000","7,000,000","2,000,000","3,000,000","2,000,000","18,000,000","1,000,000","3,000,000","2,000,000","2,000,000","3,000,000","3,000,000","2,000,000","3,000,000","3,000,000","3,000,000","3,000,000","1,000,000","4,000,000","3,000,000","4,000,000",,,,,,,,,"3,000,000","5,000,000",,,,,"1,000,000",,,,,,,,,,,,,,,,,,,,,,,,,,,,,,,,,,,,,,,,,,,,,,,,,,,,,,,,,,,,,,,,,,,,,,,,,,,,,,,,,,,,,,,,,,,,,,,
AverageDilutionEarnings,,,,,,,,"-3,000,000","-2,000,000","-2,000,000","-1,000,000","-2,000,000","-2,000,000","-1,000,000","-2,000,000","-3,000,000","-2,000,000","-7,000,000","-2,000,000","-3,000,000","-2,000,000","-18,000,000","-1,000,000","-3,000,000","-2,000,000","-2,000,000","-3,000,000","-3,000,000","-2,000,000","-3,000,000","-3,000,000","-3,000,000","-3,000,000","-1,000,000","-4,000,000","-3,000,000","-4,000,000",,,,,,,,,,"0",,,,,,,,,,,,,,,,,,,,,,,,,,,,,,,,,,,,,,,,,,,,,,,,,,,,,,,,,,,,,,,,,,,,,,,,,,,,,,,,,,,,,,,,,,,,,,,,,,,,
DilutedNIAvailtoComStockholders,"2,464,000,000","1,621,000,000","-2,724,000,000","2,146,000,000","1,421,000,000","1,922,000,000","-953,000,000","1,940,000,000","1,550,000,000","-1,811,000,000","-2,601,000,000","1,994,000,000","1,118,000,000","1,249,000,000","1,941,000,000","1,873,000,000","1,892,000,000","4,959,000,000","1,864,000,000","1,986,000,000","1,399,000,000","10,258,000,000","1,092,000,000","1,650,000,000","1,215,000,000","1,245,000,000","1,525,000,000","1,445,000,000","1,016,000,000","1,233,000,000","1,394,000,000","1,259,000,000","1,172,000,000","487,000,000","1,392,000,000","1,263,000,000","1,381,000,000","1,090,000,000","657,000,000","1,225,000,000","973,000,000","836,000,000","1,173,000,000","444,000,000","937,000,000","916,000,000","1,126,000,000","1,042,000,000","813,000,000","725,000,000","882,000,000","1,010,000,000","589,000,000","679,000,000","867,000,000","930,000,000","2,454,000,000","2,188,000,000","2,633,000,000","2,215,000,000","2,750,000,000","2,959,000,000","2,875,000,000","2,711,000,000","3,477,000,000","2,289,000,000","2,883,000,000","2,667,000,000","2,596,000,000","1,947,000,000","2,648,000,000","2,627,000,000","2,194,000,000","2,091,000,000","2,490,000,000","2,437,000,000","2,186,000,000","1,768,000,000","4,359,000,000","2,610,000,000","2,365,000,000","2,164,000,000","2,328,000,000","2,288,000,000","1,780,000,000","2,011,000,000","2,319,000,000","2,171,000,000","2,009,000,000","1,857,000,000","2,001,000,000","2,030,000,000","1,787,000,000","274,000,000","1,980,000,000","1,736,000,000","1,382,000,000","1,295,000,000","1,406,000,000","1,836,000,000","1,773,000,000","1,471,000,000","1,646,000,000","1,621,000,000","1,565,000,000","1,272,000,000","1,433,000,000","1,410,000,000","1,335,000,000","1,092,000,000","1,230,000,000","1,232,000,000","1,171,000,000","-151,000,000","971,000,000","1,053,000,000","1,218,000,000","1,196,000,000","1,291,000,000","1,353,000,000","1,099,000,000","701,000,000","1,131,000,000","1,153,000,000","942,000,000","880,000,000","937,000,000","948,000,000","775,000,000","863,000,000","748,000,000","745,000,000",,,,,,,,,,,,,,,
BasicEPS,,"0.891","-1.48","1.16","0.77","1.035","-0.512","1.046","0.83","-0.974","-1.39","1.07","0.6","0.67","1.03","0.99","1",,"0.97","1.03","0.72",,"0.56","0.84","0.62","0.64","0.78","0.74","0.52","0.63","0.71","0.64","0.59","0.24","0.7","0.63","0.69","0.55","0.32","0.6","0.48",,"0.57","0.21","0.45",,"0.54","0.5","0.39",,"0.43","0.49","0.28",,"0.42","0.45","1.16",,"1.25","1.05","1.31",,"1.38","1.3","1.67",,"1.39","1.29","1.26",,"1.29","1.28","1.07",,"1.23","1.2","1.08",,"2.07","1.22","1.1",,"1.07","1.04","0.81",,"1.04","0.96","0.87",,"0.84","0.84","0.74",,"0.81","0.72","0.57",,"0.58","0.76","0.73",,"0.67","0.66","0.63",,"0.57","0.56","0.52",,"0.47","0.47","0.45",,"0.37","0.4","0.46",,"0.48","0.49","0.4",,"0.41","0.41","0.34",,"0.34","0.34","0.28",,"0.27","0.27","0.21",,"0.23","0.22","0.18",,"0.18","0.17","0.14",,"0.15","0.13","0.11",,"0.14"
DilutedEPS,,"0.88","-1.48","1.16","0.77","1.03","-0.512","1.04","0.83","-1","-1.39","1.07","0.598","0.66","1.03","0.99","1",,"0.97","1.03","0.72",,"0.56","0.84","0.62","0.64","0.78","0.74","0.52","0.63","0.71","0.64","0.59","0.24","0.7","0.63","0.69","0.55","0.32","0.6","0.48",,"0.57","0.21","0.45",,"0.54","0.5","0.39",,"0.42","0.49","0.28",,"0.42","0.45","1.16",,"1.24","1.05","1.3",,"1.36","1.29","1.65",,"1.38","1.28","1.25",,"1.29","1.27","1.07",,"1.22","1.2","1.07",,"2.06","1.21","1.09",,"1.06","1.03","0.8",,"1.03","0.95","0.87",,"0.84","0.84","0.73",,"0.81","0.71","0.57",,"0.58","0.76","0.73",,"0.67","0.66","0.63",,"0.57","0.56","0.52",,"0.47","0.47","0.45",,"0.37","0.4","0.46",,"0.48","0.49","0.4",,"0.41","0.41","0.34",,"0.34","0.34","0.28",,"0.27","0.27","0.21",,"0.23","0.22","0.18",,"0.18","0.17","0.14",,"0.15","0.13","0.11",,"0.14"
BasicAverageShares,,"1,823,175,618","1,842,000,000","1,849,000,000","1,857,000,000","1,859,000,000","1,858,419,165","1,858,387,522","1,858,000,000","1,857,981,554","1,868,000,000","1,870,000,000","1,874,000,000","1,865,671,642","1,883,000,000","1,891,000,000","1,894,000,000",,"1,915,000,000","1,931,067,961","1,939,000,000",,"1,952,000,000","1,954,000,000","1,956,000,000","1,948,437,500","1,958,000,000","1,962,000,000","1,966,000,000","1,961,904,762","1,967,605,634","1,980,000,000","1,991,525,424","2,033,333,333","1,998,000,000","2,009,523,810","2,003,000,000","2,005,454,545","2,024,000,000","2,027,000,000","2,034,000,000",,"2,054,000,000","2,076,000,000","2,084,000,000",,"2,080,000,000","2,079,000,000","2,077,000,000",,"2,051,162,791","2,061,224,490","2,061,000,000",,"2,058,000,000","2,075,000,000","2,115,517,241",,"2,106,400,000","2,109,523,810","2,099,236,641",,"2,083,333,333","2,085,384,615","2,082,035,928",,"2,074,100,719","2,067,441,860","2,060,317,460",,"2,052,713,178","2,052,343,750","2,050,467,290",,"2,024,390,244","2,030,833,333","2,024,074,074",,"2,105,797,101","2,139,344,262","2,150,000,000",,"2,175,700,935","2,200,000,000","2,197,530,864",,"2,229,807,692","2,261,458,333","2,309,195,402",,"2,386,000,000","2,406,000,000","2,424,000,000",,"2,430,000,000","2,428,000,000","2,425,000,000",,"2,423,000,000","2,426,000,000","2,429,000,000",,"2,454,000,000","2,469,000,000","2,490,000,000",,"2,517,000,000","2,532,000,000","2,550,000,000",,"2,595,000,000","2,610,000,000","2,631,000,000",,"2,624,324,324","2,632,500,000","2,647,826,087",,"2,689,583,333","2,761,224,490","2,747,500,000",,"2,758,536,585","2,812,195,122","2,770,588,235",,"2,755,882,353","2,788,235,294","2,767,857,143",,"2,770,370,370","2,759,259,259","2,774,450,000",,"2,842,354,000","2,842,354,000","2,842,354,000",,"2,862,138,000","2,860,541,000","2,857,153,000",,"2,874,787,000","2,874,787,000","2,867,291,000",,"2,862,198,000"
DilutedAverageShares,,"1,832,000,000","1,842,000,000","1,849,000,000","1,857,000,000","1,859,000,000","1,859,000,000","1,859,000,000","1,858,000,000","1,865,000,000","1,868,000,000","1,870,000,000","1,874,000,000","1,877,000,000","1,883,000,000","1,891,000,000","1,899,000,000",,"1,915,000,000","1,931,067,961","1,939,000,000",,"1,952,000,000","1,954,000,000","1,956,000,000","1,958,000,000","1,958,000,000","1,962,000,000","1,966,000,000","1,970,000,000","1,976,000,000","1,980,000,000","1,991,525,424","2,033,333,333","1,998,000,000","2,009,523,810","2,003,000,000","2,013,000,000","2,024,000,000","2,027,000,000","2,034,000,000",,"2,054,000,000","2,076,000,000","2,084,000,000",,"2,080,000,000","2,079,000,000","2,077,000,000",,"2,072,000,000","2,069,000,000","2,067,000,000",,"2,058,000,000","2,088,000,000","2,115,517,241",,"2,123,387,097","2,109,523,810","2,115,384,615",,"2,113,970,588","2,101,550,388","2,107,272,727",,"2,089,130,435","2,083,593,750","2,076,800,000",,"2,052,713,178","2,068,503,937","2,050,467,290",,"2,040,983,607","2,030,833,333","2,042,990,654",,"2,116,019,417","2,157,024,793","2,169,724,771",,"2,196,226,415","2,221,359,223","2,225,000,000",,"2,251,456,311","2,285,263,158","2,309,195,402",,"2,396,000,000","2,417,000,000","2,439,000,000",,"2,448,000,000","2,443,000,000","2,444,000,000",,"2,423,000,000","2,426,000,000","2,429,000,000",,"2,454,000,000","2,469,000,000","2,490,000,000",,"2,517,000,000","2,532,000,000","2,550,000,000",,"2,595,000,000","2,610,000,000","2,631,000,000",,"2,624,324,324","2,632,500,000","2,647,826,087",,"2,689,583,333","2,761,224,490","2,747,500,000",,"2,758,536,585","2,812,195,122","2,770,588,235",,"2,755,882,353","2,788,235,294","2,767,857,143",,"2,770,370,370","2,759,259,259","2,774,450,000",,"2,842,354,000","2,842,354,000","2,842,354,000",,"2,862,138,000","2,860,541,000","2,857,153,000",,"2,874,787,000","2,874,787,000","2,867,291,000",,"2,862,198,000"
TotalOperatingIncomeAsReported,"11,560,000,000","2,733,000,000","2,951,000,000","3,186,000,000","2,690,000,000","2,581,000,000","3,160,000,000","2,796,000,000","2,336,000,000","2,427,000,000","2,944,000,000","2,717,000,000","2,238,000,000","1,744,000,000","2,557,000,000","2,498,000,000","2,316,000,000","2,163,000,000","2,607,000,000","2,539,000,000","2,247,000,000","1,993,000,000","2,382,000,000","2,410,000,000","1,977,000,000","1,965,000,000","2,307,000,000","2,224,000,000","1,865,000,000","1,912,000,000","1,999,000,000","1,975,000,000","1,734,000,000","1,799,000,000","2,132,000,000","2,001,000,000","2,152,000,000","1,765,000,000","1,969,000,000","1,877,000,000","1,642,000,000","1,356,000,000","1,878,000,000","1,295,000,000","1,539,000,000","1,493,000,000","1,776,000,000","1,529,000,000","1,430,000,000","1,200,000,000","1,394,000,000","1,677,000,000","1,191,000,000","998,000,000","1,399,000,000","1,417,000,000","1,213,000,000","3,036,000,000","3,705,000,000","3,244,000,000","3,250,000,000","4,218,000,000","4,713,000,000","4,403,000,000","4,079,000,000","3,630,000,000","4,315,000,000","4,471,000,000","4,176,000,000","3,378,000,000","4,158,000,000","3,916,000,000","3,728,000,000","3,632,000,000","4,223,000,000","4,191,000,000","3,864,000,000","3,245,000,000","4,558,000,000","4,627,000,000","4,171,000,000","3,924,000,000","4,207,000,000","4,204,000,000","3,332,000,000","3,485,000,000","3,964,000,000","3,752,000,000","3,478,000,000","3,236,000,000","3,516,000,000","3,577,000,000","3,161,000,000","3,036,000,000","3,613,000,000","3,339,000,000","3,369,000,000","3,066,000,000","3,424,000,000","3,364,000,000","3,266,000,000","2,755,000,000","3,071,000,000","3,014,000,000","2,929,000,000","2,420,000,000","2,739,000,000","2,719,000,000","2,648,000,000","2,168,000,000","2,457,000,000","2,462,000,000","2,362,000,000","935,000,000","2,061,000,000","2,127,000,000","2,464,000,000","2,419,000,000","2,602,000,000","2,742,000,000","2,296,000,000","1,692,000,000","2,384,000,000","2,466,000,000","2,080,000,000","2,066,000,000","2,086,000,000","2,064,000,000","1,730,000,000","1,844,000,000","1,719,000,000","1,756,000,000",,,,,,,,,,,,,,,
TotalExpenses,"9,551,000,000","2,353,000,000","2,580,000,000","2,428,000,000","2,190,000,000","2,478,000,000","2,518,000,000","2,266,000,000","2,710,000,000","2,290,000,000","2,467,000,000","2,443,000,000","2,111,000,000","2,661,000,000","2,737,000,000","2,379,000,000","2,352,000,000","2,542,000,000","2,508,000,000","2,517,000,000","2,338,000,000","2,684,000,000","2,809,000,000","2,470,000,000","2,433,000,000","2,764,000,000","2,671,000,000","2,647,000,000","2,407,000,000","2,701,000,000","2,747,000,000","2,606,000,000","2,272,000,000","2,595,000,000","2,628,000,000","2,524,000,000","1,821,000,000","2,633,000,000","2,535,000,000","2,687,000,000","2,331,000,000","2,766,000,000","2,469,000,000","2,706,000,000","2,402,000,000","2,641,000,000","2,682,000,000","2,791,000,000","2,521,000,000","2,479,000,000","2,924,000,000","2,917,000,000","2,621,000,000","2,790,000,000","2,942,000,000","3,637,000,000","2,391,000,000","6,217,000,000","6,259,000,000","6,553,000,000","5,787,000,000","14,386,000,000","12,940,000,000","13,471,000,000","12,730,000,000","14,305,000,000","12,991,000,000","12,852,000,000","12,286,000,000","12,535,000,000","11,819,000,000","12,529,000,000","11,794,000,000","11,799,000,000","11,079,000,000","11,296,000,000","10,620,000,000","11,219,000,000","10,680,000,000","11,893,000,000","11,789,000,000","14,058,000,000","13,904,000,000","14,665,000,000","14,650,000,000","12,021,000,000","11,793,000,000","12,671,000,000","12,112,000,000","12,322,000,000","11,976,000,000","11,990,000,000","11,973,000,000","11,463,000,000","10,758,000,000","11,447,000,000","10,787,000,000","10,674,000,000","10,567,000,000","10,926,000,000","10,827,000,000","10,616,000,000","10,617,000,000","10,746,000,000","10,805,000,000","10,327,000,000","10,590,000,000","11,044,000,000","10,652,000,000","11,676,000,000","11,216,000,000","11,070,000,000","10,365,000,000","3,499,000,000","13,148,000,000","13,662,000,000","12,725,000,000","12,501,000,000","12,403,000,000","12,413,000,000","11,755,000,000","12,004,000,000","11,386,000,000","12,304,000,000","12,142,000,000","12,157,000,000","10,732,000,000","10,676,000,000","9,658,000,000","9,303,000,000","9,528,000,000","9,839,000,000",,,,,,,,,,,,,,,
NetIncomeFromContinuingAndDiscontinuedOperation,"2,475,000,000","1,624,000,000","-2,722,000,000","2,149,000,000","1,424,000,000","1,924,000,000","-952,000,000","1,943,000,000","1,552,000,000","-1,809,000,000","-2,600,000,000","1,996,000,000","1,120,000,000","1,250,000,000","1,943,000,000","1,876,000,000","1,894,000,000","4,966,000,000","1,866,000,000","1,989,000,000","1,401,000,000","10,276,000,000","1,093,000,000","1,653,000,000","1,217,000,000","1,247,000,000","1,528,000,000","1,448,000,000","1,018,000,000","1,236,000,000","1,397,000,000","1,262,000,000","1,175,000,000","488,000,000","1,396,000,000","1,266,000,000","1,385,000,000","1,103,000,000","657,000,000","1,225,000,000","973,000,000","836,000,000","1,173,000,000","444,000,000","937,000,000","919,000,000","1,131,000,000","1,042,000,000","813,000,000","725,000,000","882,000,000","1,010,000,000","589,000,000","679,000,000","867,000,000","930,000,000","2,454,000,000","2,188,000,000","2,633,000,000","2,215,000,000","2,750,000,000","2,959,000,000","2,875,000,000","2,711,000,000","3,477,000,000","2,289,000,000","2,883,000,000","2,667,000,000","2,596,000,000","1,947,000,000","2,648,000,000","2,627,000,000","2,194,000,000","2,091,000,000","2,490,000,000","2,437,000,000","2,186,000,000","1,768,000,000","4,359,000,000","2,610,000,000","2,365,000,000","2,164,000,000","2,328,000,000","2,288,000,000","1,786,000,000","2,011,000,000","2,319,000,000","2,171,000,000","2,009,000,000","1,857,000,000","2,001,000,000","2,030,000,000","1,787,000,000","274,000,000","1,980,000,000","1,736,000,000","1,382,000,000","1,295,000,000","1,406,000,000","1,836,000,000","1,773,000,000","1,471,000,000","1,646,000,000","1,621,000,000","1,565,000,000","1,272,000,000","1,433,000,000","1,410,000,000","1,363,000,000","1,092,000,000","1,230,000,000","1,232,000,000","1,171,000,000","326,000,000","971,000,000","1,053,000,000","1,218,000,000","1,196,000,000","1,291,000,000","1,353,000,000","1,099,000,000","701,000,000","1,131,000,000","1,153,000,000","942,000,000","880,000,000","937,000,000","948,000,000","775,000,000","863,000,000","748,000,000","745,000,000",,,,,,,,,,,,,,,
NormalizedIncome,"2,990,659,000","1,638,245,614.035","-2,610,794,669.897","2,225,117,000","1,819,415,074.858","1,874,077,922.078","1,022,650,000","1,912,760,000","1,652,735,294.118","1,330,000,000","1,150,010,000","2,225,632,000","1,463,635,000","1,528,731,578.947","1,941,502,000","1,877,468,000","1,920,880,000","4,971,400,000","1,845,526,000","1,718,136,000","1,403,680,000","1,374,681,436.211","1,584,841,000","1,577,284,135.754","1,268,747,211.896","1,247,000,000","1,528,000,000","1,450,571,428.571","1,166,594,110.115","1,264,488,213.724","1,401,627,000","1,255,511,568.123","1,176,301,218.162","1,236,768,583.45","1,396,000,000","1,266,645,000","1,385,000,000","1,141,970,420.933","1,183,680,000","1,235,848,000","986,381,139.489","994,485,207.101","1,160,559,397.658","444,650,000","938,293,793.103","922,269,367.448","1,133,016,042.781","1,058,200,443.787","813,000,000","725,000,000","882,000,000","1,010,000,000","589,000,000","786,283,384.302","877,853,460.972","942,012,236.574","768,911,133.81","2,262,910,239.362","2,647,649,972.929","2,425,137,020.742","2,121,010,841.837","2,829,840,465.001","2,839,444,690.265","2,970,151,559.101","3,724,809,176.225","2,513,595,266.272","3,089,217,011.724","2,964,037,340.4","2,620,770,218.228","2,151,583,414.318","2,698,568,475.452","2,935,239,845.261","2,413,098,599.767","2,164,141,483.929","2,496,550,229.475","2,560,799,898.167","2,186,000,000","2,133,136,700.337","2,647,868,580.496","2,610,000,000","2,365,000,000","2,164,000,000","2,328,000,000","2,288,000,000","1,786,000,000","2,011,000,000","2,319,000,000","2,171,000,000","2,009,000,000","1,857,000,000","2,001,000,000","2,030,000,000","1,787,000,000","1,633,000,000","2,046,600,000","1,855,400,000","1,865,600,000","1,682,000,000","1,893,200,000","1,836,000,000","1,773,000,000","1,471,000,000","1,646,000,000","1,621,000,000","1,565,000,000","1,272,000,000","1,433,000,000","1,410,000,000","1,363,000,000","1,092,000,000","1,230,000,000","1,232,000,000","1,171,000,000","326,000,000","971,000,000","1,053,000,000","1,218,000,000","1,196,000,000","1,291,000,000","1,353,000,000","1,099,000,000","701,000,000","1,131,000,000","1,153,000,000","942,000,000","880,000,000","937,000,000","948,000,000","775,000,000","863,000,000","748,000,000","745,000,000",,,,,,,,,,,,,,,
InterestIncome,"26,000,000"
InterestExpense,"1,188,000,000","319,000,000","266,000,000","295,000,000","308,000,000","330,000,000","310,000,000","308,000,000","275,000,000","333,000,000","293,000,000","312,000,000","384,000,000","194,000,000","159,000,000","178,000,000","166,000,000","211,000,000","169,000,000","177,000,000","179,000,000","189,000,000","179,000,000","192,000,000","200,000,000","212,000,000","205,000,000","195,000,000","209,000,000","261,000,000","213,000,000","230,000,000","153,000,000","259,000,000","269,000,000","264,000,000","261,000,000","260,000,000","282,000,000","293,000,000",,,,,,"280,000,000","279,000,000","290,000,000","287,000,000","287,000,000","279,000,000","287,000,000",,,,,,,,,,,,,,,,,,,,,,,,,,,,,,,,,,,,,,,,,,,,,,,,,,,,,,,,,,,,,,,,,,,,,,,,,,,,,,,,,,,,,,,,,,,,,,,
NetInterestIncome,"-1,162,000,000","-293,000,000","-266,000,000","-295,000,000","-308,000,000","-316,000,000","-310,000,000","-308,000,000","-275,000,000","-291,000,000","-293,000,000","-312,000,000","-384,000,000","-162,000,000","-159,000,000","-178,000,000","-166,000,000","-180,000,000","-169,000,000","-177,000,000","-179,000,000","-176,000,000","-179,000,000","-192,000,000","-200,000,000","-208,000,000","-205,000,000","-195,000,000","-209,000,000","-212,000,000","-213,000,000","-230,000,000","-153,000,000","-255,000,000","-269,000,000","-264,000,000","-261,000,000","-258,000,000","-282,000,000","-293,000,000","-293,000,000","-351,000,000","-293,000,000","-294,000,000","-278,000,000","-277,000,000","-279,000,000","-290,000,000","-287,000,000","-283,000,000","-279,000,000","-287,000,000","-336,000,000",,,,,,,,,,,,,,,,,,,,,,,,,,,,,,,,,,,,,,,,,,,,,,,,,,,,,,,,,,,,,,,,,,,,,,,,,,,,,,,,,,,,,,,,,,,,,,
EBIT,"5,012,000,000","2,599,000,000","-3,036,000,000","3,186,000,000","2,245,000,000","-179,000,000","3,160,000,000","2,796,000,000","2,383,000,000","-5,885,000,000","2,945,000,000","2,750,000,000","2,278,000,000","2,665,000,000","2,555,000,000","2,500,000,000","2,318,000,000","3,147,000,000","2,615,000,000","2,551,000,000","2,251,000,000","15,720,000,000","2,384,000,000","2,411,000,000","2,097,000,000","2,499,000,000","2,307,000,000","2,228,000,000","1,865,000,000","2,924,000,000","2,006,000,000","2,175,000,000","1,959,000,000","1,709,000,000","2,132,000,000","2,002,000,000","2,408,000,000","2,018,000,000","1,325,000,000","1,893,000,000","1,663,000,000","2,106,000,000","1,859,000,000","1,296,000,000","1,541,000,000","1,687,000,000","1,962,000,000","1,642,000,000","1,568,000,000","1,362,000,000","1,513,000,000","1,894,000,000","1,191,000,000","-1,436,000,000","2,296,000,000","1,417,000,000","1,213,000,000","3,036,000,000","3,705,000,000","3,244,000,000","3,250,000,000","3,599,000,000","4,716,000,000","4,403,000,000","4,079,000,000","3,522,000,000","4,315,000,000","4,473,000,000","4,176,000,000","3,484,000,000","4,158,000,000","3,916,000,000","3,728,000,000","3,632,000,000","4,223,000,000","4,191,000,000","3,864,000,000","3,245,000,000","4,558,000,000","4,627,000,000","4,171,000,000","3,924,000,000","4,207,000,000","4,204,000,000","3,332,000,000","3,485,000,000","3,964,000,000","3,752,000,000","3,478,000,000","3,236,000,000","3,516,000,000","3,577,000,000","3,161,000,000","3,036,000,000","3,613,000,000","3,339,000,000","3,369,000,000","3,066,000,000","3,424,000,000","3,364,000,000","3,266,000,000","2,755,000,000","3,071,000,000","3,014,000,000","2,929,000,000","2,420,000,000","2,739,000,000","2,719,000,000","2,648,000,000","2,168,000,000","2,457,000,000","2,462,000,000","2,362,000,000","935,000,000","2,061,000,000","2,127,000,000","2,464,000,000","2,419,000,000","2,602,000,000","2,742,000,000","2,296,000,000","1,692,000,000","2,384,000,000","2,466,000,000","2,080,000,000","2,066,000,000","2,086,000,000","2,064,000,000","1,730,000,000","1,844,000,000","1,719,000,000","1,756,000,000","10,770,000,000","-18,080,000,000","7,547,000,000","7,819,000,000","7,236,000,000","-16,620,000,000","6,967,000,000","7,110,000,000","6,554,000,000","-15,252,000,000","6,398,000,000","6,534,000,000","5,924,000,000","-8,077,400,000","3,634,800,000"
EBITDA,"5,256,000,000"
ReconciledCostOfRevenue,"7,119,000,000","1,771,000,000","1,858,000,000","1,882,000,000","1,608,000,000","1,909,000,000","1,961,000,000","1,775,000,000","2,173,000,000","1,718,000,000","1,915,000,000","1,874,000,000","1,578,000,000","1,864,000,000","2,037,000,000","1,738,000,000","1,734,000,000","1,844,000,000","1,940,000,000","1,949,000,000","1,810,000,000","1,905,000,000","2,043,000,000","1,924,000,000","1,874,000,000","2,007,000,000","1,932,000,000","2,004,000,000","1,797,000,000","1,986,000,000","2,079,000,000","1,968,000,000","1,752,000,000","1,947,000,000","1,892,000,000","1,925,000,000","1,250,000,000","2,026,000,000","1,931,000,000","2,034,000,000","1,741,000,000","1,907,000,000","1,825,000,000","1,974,000,000","1,741,000,000","1,821,000,000","1,920,000,000","1,903,000,000","1,804,000,000","1,980,000,000","1,969,000,000","2,072,000,000","1,698,000,000","1,934,000,000","2,180,000,000","2,993,000,000","1,830,000,000","3,782,000,000","4,089,000,000","4,035,000,000","3,689,000,000","9,449,000,000","8,816,000,000","8,965,000,000","8,476,000,000","9,439,000,000","8,682,000,000","8,728,000,000","8,268,000,000","8,279,000,000","8,027,000,000","8,253,000,000","7,704,000,000","8,026,000,000","7,532,000,000","7,655,000,000","7,226,000,000","7,688,000,000","7,363,000,000","8,173,000,000","8,200,000,000","7,947,000,000","7,830,000,000","8,277,000,000","7,890,000,000","6,768,000,000","7,002,000,000","7,231,000,000","7,021,000,000","7,063,000,000","7,163,000,000","7,211,000,000","7,004,000,000","6,453,000,000","6,244,000,000","6,598,000,000","6,419,000,000","6,404,000,000","6,322,000,000","6,412,000,000","6,436,000,000","6,278,000,000","6,320,000,000","6,394,000,000","6,471,000,000","6,100,000,000","6,287,000,000","6,817,000,000","6,401,000,000","6,495,000,000","6,814,000,000","6,779,000,000","6,541,000,000","6,182,000,000","6,282,000,000","6,455,000,000","6,233,000,000","6,261,000,000","6,168,000,000","6,172,000,000","5,939,000,000","5,901,000,000","5,900,000,000","6,168,000,000","6,146,000,000","6,554,000,000","5,688,000,000","5,654,000,000","5,167,000,000","5,178,000,000","5,169,000,000","5,264,000,000",,,,,,,,,,,,,,,
ReconciledDepreciation,"244,000,000","54,000,000","62,000,000","65,000,000","63,000,000","65,000,000","62,000,000","65,000,000","65,000,000","63,000,000","57,000,000","53,000,000","53,000,000","59,000,000","64,000,000","51,000,000","53,000,000","54,000,000","51,000,000","52,000,000","52,000,000","55,000,000","51,000,000","49,000,000","49,000,000","75,000,000","50,000,000","51,000,000","49,000,000","59,000,000","49,000,000","50,000,000","50,000,000","54,000,000","52,000,000","52,000,000","54,000,000","56,000,000","56,000,000","57,000,000","56,000,000","69,000,000","63,000,000","61,000,000","60,000,000","68,000,000","71,000,000","68,000,000","69,000,000","73,000,000","71,000,000","69,000,000","78,000,000","53,000,000","52,000,000","51,000,000","59,000,000","276,000,000","242,000,000","236,000,000","226,000,000","465,000,000","456,000,000","437,000,000","446,000,000","452,000,000","406,000,000","410,000,000","407,000,000","438,000,000","397,000,000","388,000,000","384,000,000","390,000,000","370,000,000","339,000,000","341,000,000","355,000,000","312,000,000","330,000,000","334,000,000","613,000,000","561,000,000","575,000,000","588,000,000","438,000,000","418,000,000","433,000,000","428,000,000","448,000,000","430,000,000","421,000,000","403,000,000","399,000,000","428,000,000","429,000,000","434,000,000","454,000,000","391,000,000","425,000,000","430,000,000","432,000,000","426,000,000","412,000,000","421,000,000","388,000,000","427,000,000","278,000,000","578,000,000","1,083,000,000","427,000,000","418,000,000","398,000,000","422,000,000","376,000,000","424,000,000","397,000,000","377,000,000","391,000,000","381,000,000","393,000,000","363,000,000","377,000,000","376,000,000","381,000,000","417,000,000","324,000,000","314,000,000","312,000,000","280,000,000","309,000,000","303,000,000",,,,,,,,,,,,,,,
NetIncomeFromContinuingOperationNetMinorityInterest,"2,475,000,000","1,624,000,000","-2,722,000,000","2,149,000,000","1,424,000,000","1,924,000,000","-952,000,000","1,943,000,000","1,552,000,000","-1,809,000,000","-2,600,000,000","1,996,000,000","1,120,000,000","1,250,000,000","1,943,000,000","1,876,000,000","1,894,000,000","4,966,000,000","1,866,000,000","1,989,000,000","1,401,000,000","10,276,000,000","1,093,000,000","1,653,000,000","1,217,000,000","1,247,000,000","1,528,000,000","1,448,000,000","1,018,000,000","1,236,000,000","1,397,000,000","1,262,000,000","1,175,000,000","488,000,000","1,396,000,000","1,266,000,000","1,385,000,000","1,103,000,000","657,000,000","1,225,000,000","973,000,000","836,000,000","1,173,000,000","444,000,000","937,000,000","919,000,000","1,131,000,000","1,042,000,000","813,000,000","725,000,000","882,000,000","1,010,000,000","589,000,000","679,000,000","867,000,000","930,000,000","614,000,000","2,188,000,000","2,633,000,000","2,215,000,000","2,125,000,000","2,959,000,000","2,875,000,000","2,711,000,000","3,477,000,000","2,289,000,000","2,883,000,000","2,912,000,000","2,584,000,000","1,951,000,000","2,648,000,000","2,627,000,000","2,194,000,000","2,091,000,000","2,490,000,000","2,437,000,000","2,186,000,000","1,768,000,000","4,359,000,000","2,610,000,000","2,365,000,000","2,164,000,000","2,328,000,000","2,288,000,000","1,786,000,000","2,011,000,000","2,319,000,000","2,171,000,000","2,009,000,000","1,857,000,000","2,001,000,000","2,030,000,000","1,787,000,000","274,000,000","1,980,000,000","1,736,000,000","1,382,000,000","1,295,000,000","1,406,000,000","1,836,000,000","1,773,000,000","1,471,000,000","1,646,000,000","1,621,000,000","1,565,000,000","1,272,000,000","1,433,000,000","1,410,000,000","1,363,000,000","1,092,000,000","1,230,000,000","1,232,000,000","1,171,000,000","326,000,000","971,000,000","1,053,000,000","1,218,000,000","1,196,000,000","1,291,000,000","1,353,000,000","1,099,000,000","701,000,000","1,131,000,000","1,153,000,000","942,000,000","880,000,000","937,000,000","948,000,000","775,000,000","863,000,000","748,000,000","745,000,000",,,,,,,,,,,,,,,
TotalUnusualItemsExcludingGoodwill,"-797,000,000","-20,000,000","-135,000,000","-103,000,000","-539,000,000","66,000,000","-2,705,000,000","40,000,000","-137,000,000","-4,300,000,000","-5,137,000,000","-299,000,000","-465,000,000","-381,000,000","2,000,000","-2,000,000","-35,000,000","-9,000,000","29,000,000","396,000,000","-4,000,000","13,604,000,000","-777,000,000","116,000,000","-80,000,000","0","0","-4,000,000","-228,000,000","-44,000,000","-7,000,000","10,000,000","-2,000,000","-1,094,000,000","0","-1,000,000","0","-62,000,000","-836,000,000","-16,000,000","-21,000,000","-224,000,000","19,000,000","-1,000,000","-2,000,000","-5,000,000","-3,000,000","-21,000,000","0",,,,,"-155,000,000","-17,000,000","-19,000,000","-247,000,000","-105,000,000","-21,000,000","-316,000,000","6,000,000","176,000,000","55,000,000","-390,000,000","-268,000,000","-324,000,000","-284,000,000","-73,000,000","-55,000,000","-311,000,000","-76,000,000","-420,000,000","-335,000,000","-112,000,000","-10,000,000","-191,000,000",,"-566,000,000","2,653,000,000",,,,,,,,,,,,,,,"-2,265,000,000","-111,000,000","-199,000,000","-806,000,000","-645,000,000","-812,000,000",,,,,,,,,,,,,,,,,,,,,,,,,,,,,,,,,,,,,,,,,,,,,,,,
TotalUnusualItems,"-797,000,000","-20,000,000","-135,000,000","-103,000,000","-539,000,000","66,000,000","-2,705,000,000","40,000,000","-137,000,000","-4,300,000,000","-5,137,000,000","-299,000,000","-465,000,000","-381,000,000","2,000,000","-2,000,000","-35,000,000","-9,000,000","29,000,000","396,000,000","-4,000,000","13,604,000,000","-777,000,000","116,000,000","-80,000,000","0","0","-4,000,000","-228,000,000","-44,000,000","-7,000,000","10,000,000","-2,000,000","-1,094,000,000","0","-1,000,000","0","-62,000,000","-836,000,000","-16,000,000","-21,000,000","-224,000,000","19,000,000","-1,000,000","-2,000,000","-5,000,000","-3,000,000","-21,000,000","0",,,,,"-155,000,000","-17,000,000","-19,000,000","-247,000,000","-105,000,000","-21,000,000","-316,000,000","6,000,000","176,000,000","55,000,000","-390,000,000","-268,000,000","-324,000,000","-284,000,000","-73,000,000","-55,000,000","-311,000,000","-76,000,000","-420,000,000","-335,000,000","-112,000,000","-10,000,000","-191,000,000",,"-566,000,000","2,653,000,000",,,,,,,,,,,,,,,"-2,265,000,000","-111,000,000","-199,000,000","-806,000,000","-645,000,000","-812,000,000",,,,,,,,,,,,,,,,,,,,,,,,,,,,,,,,,,,,,,,,,,,,,,,,
NormalizedEBITDA,"6,053,000,000","2,673,000,000","-2,839,000,000","3,354,000,000","2,847,000,000","-180,000,000","5,927,000,000","2,821,000,000","2,585,000,000","-1,522,000,000","8,139,000,000","3,102,000,000","2,796,000,000","3,105,000,000","2,617,000,000","2,553,000,000","2,406,000,000","3,210,000,000","2,637,000,000","2,207,000,000","2,307,000,000","2,171,000,000","3,212,000,000","2,344,000,000","2,226,000,000","2,574,000,000","2,357,000,000","2,283,000,000","2,142,000,000","3,027,000,000","2,062,000,000","2,215,000,000","2,011,000,000","2,857,000,000","2,184,000,000","2,055,000,000","2,462,000,000","2,136,000,000","2,217,000,000","1,966,000,000","1,740,000,000","2,399,000,000","1,903,000,000","1,358,000,000","1,603,000,000","1,760,000,000","2,036,000,000","1,731,000,000","1,637,000,000","1,435,000,000","1,584,000,000","1,963,000,000","1,269,000,000","-1,228,000,000","2,365,000,000","1,487,000,000","1,519,000,000","3,417,000,000","3,968,000,000","3,796,000,000","3,470,000,000","3,888,000,000","5,117,000,000","5,230,000,000","4,793,000,000","4,298,000,000","5,005,000,000","4,956,000,000","4,638,000,000","4,233,000,000","4,631,000,000","4,724,000,000","4,447,000,000","4,134,000,000","4,603,000,000","4,721,000,000","4,205,000,000","4,166,000,000","2,217,000,000","4,957,000,000","4,505,000,000","4,537,000,000","4,768,000,000","4,779,000,000","3,920,000,000","3,923,000,000","4,382,000,000","4,185,000,000","3,906,000,000","3,684,000,000","3,946,000,000","3,998,000,000","3,564,000,000","5,700,000,000","4,152,000,000","3,967,000,000","4,609,000,000","4,165,000,000","4,627,000,000","3,789,000,000","3,696,000,000","3,187,000,000","3,497,000,000","3,426,000,000","3,350,000,000","2,808,000,000","3,166,000,000","3,147,000,000","3,226,000,000","3,251,000,000","2,894,000,000","2,880,000,000","2,760,000,000","1,357,000,000","2,437,000,000","2,551,000,000","2,861,000,000","2,796,000,000","2,993,000,000","3,129,000,000","2,689,000,000","2,055,000,000","2,762,000,000","2,844,000,000","2,461,000,000","2,483,000,000","2,410,000,000","2,378,000,000","2,042,000,000","2,124,000,000","2,028,000,000","2,059,000,000","10,770,000,000","-18,080,000,000","7,547,000,000","7,819,000,000","7,236,000,000","-16,620,000,000","6,967,000,000","7,110,000,000","6,554,000,000","-15,252,000,000","6,398,000,000","6,534,000,000","5,924,000,000","-8,077,400,000","3,634,800,000"
TaxRateForCalcs,"0.353","0.288","0.176","0.261","0.266","0.244","0.27","0.244","0.265","0.27","0.27","0.232","0.261","0.268","0.251","0.266","0.232","0.4","0.294","0.316","0.33","0.346","0.367","0.347","0.353","0.367","0.332","0.357","0.348","0.353","0.339","0.351","0.349","0.316","0.348","0.355","0.355","0.371","0.37","0.322","0.363","0.292","0.345","0.35","0.353","0.346","0.328","0.229","0.365","0.325","0.285","0.371","0.387","0.308","0.362","0.368","0.373","0.287","0.302","0.335","0.335","0.266","0.354","0.336","0.075","0.307","0.274","0.287","0.331","0.355","0.335","0.266","0.346","0.347","0.345","0.352","0.352","0.355","0.355","0.355","0.355","0.378","0.38","0.4","0.38","0.391","0.391","0.39","0.39","0.395","0.397","0.395","0.395","0.4","0.4","0.4","0.4","0.4","0.4","0.4","0.4","0.4","0.4","0.4","0.4","0.4","0.4","0.4","0.4","0.4","0.4","0.4","0.4","0.4","0.4","0.4","0.4","0.4","0.4","0.4","0.4","0.4","0.4","0.4","0.4","0.4","0.4","0.4","0.4","0.4","0.4","0.4",,,,,,,,,,,,,,,
TaxEffectOfUnusualItems,"-281,341,000","-5,754,385.965","-23,794,669.897","-26,883,000","-143,584,925.142","16,077,922.078","-730,350,000","9,760,000","-36,264,705.882","-1,161,000,000","-1,386,990,000","-69,368,000","-121,365,000","-102,268,421.053","502,000","-532,000","-8,120,000","-3,600,000","8,526,000","125,136,000","-1,320,000","4,702,681,436.211","-285,159,000","40,284,135.754","-28,252,788.104","0","0","-1,428,571.429","-79,405,889.885","-15,511,786.276","-2,373,000","3,511,568.123","-698,781.838","-345,231,416.55","0","-355,000","0","-23,029,579.067","-309,320,000","-5,152,000","-7,618,860.511","-65,514,792.899","6,559,397.658","-350,000","-706,206.897","-1,730,632.552","-983,957.219","-4,799,556.213","0","0","0","0","0","-47,716,615.698","-6,146,539.028","-6,987,763.426","-92,088,866.19","-30,089,760.638","-6,350,027.071","-105,862,979.258","2,010,841.837","46,840,465.001","19,444,690.265","-130,848,440.899","-20,190,823.775","-99,404,733.728","-77,782,988.276","-20,962,659.6","-18,229,781.772","-110,416,585.682","-25,431,524.548","-111,760,154.739","-115,901,400.233","-38,858,516.071","-3,449,770.525","-67,200,101.833","0","-200,863,299.663","941,868,580.496","0","0","0","0","0","0","0","0","0","0","0","0","0","0","-906,000,000","-44,400,000","-79,600,000","-322,400,000","-258,000,000","-324,800,000","0","0","0","0","0","0","0","0","0","0","0","0","0","0","0","0","0","0","0","0","0","0","0","0","0","0","0","0","0","0","0","0","0",,,,,,,,,,,,,,,