name,ttm,12/31/2021,09/30/2021,06/30/2021,03/31/2021,12/31/2020,09/30/2020,06/30/2020,03/31/2020,12/31/2019,09/30/2019,06/30/2019,03/31/2019,12/31/2018,09/30/2018,06/30/2018,03/31/2018,12/31/2017,09/30/2017,06/30/2017,03/31/2017,12/31/2016,09/30/2016,06/30/2016,03/31/2016,12/31/2015,09/30/2015,06/30/2015,03/31/2015,12/31/2014,09/30/2014,06/30/2014,03/31/2014,12/31/2013,09/30/2013,06/30/2013,03/31/2013,12/31/2012,09/30/2012,06/30/2012,03/31/2012,12/31/2011,09/30/2011,06/30/2011,03/31/2011,12/31/2010,09/30/2010,06/30/2010,03/31/2010,12/31/2009,09/30/2009,06/30/2009,03/31/2009,12/31/2008,09/30/2008,06/30/2008,03/31/2008,12/31/2007,09/30/2007,06/30/2007,03/31/2007,12/31/2006,09/30/2006,06/30/2006,03/31/2006,12/31/2005,09/30/2005,06/30/2005,03/31/2005,12/31/2004,09/30/2004,06/30/2004,03/31/2004,12/31/2003,09/30/2003,06/30/2003,03/31/2003
TotalRevenue,"27,771,000,000","7,409,000,000","7,040,000,000","6,800,000,000","6,522,000,000","5,235,000,000","5,021,000,000","4,618,000,000","4,549,000,000","4,274,000,000","4,243,000,000","4,193,000,000","4,119,000,000","4,664,000,000","4,697,000,000","4,883,000,000","4,646,000,000","4,949,000,000","5,031,000,000","4,999,000,000","4,904,000,000","4,534,000,000","4,546,000,000","4,359,000,000","4,343,000,000","3,870,624,000","3,611,363,000","3,524,890,000","3,171,123,000","2,800,968,000","2,484,351,000","2,312,039,000","2,069,243,000","1,705,622,000","1,687,079,000","1,605,834,000","1,590,587,000","1,578,569,000","1,540,190,000","1,536,424,000","1,373,580,000","1,306,408,000","1,176,722,000","1,167,104,000","1,119,706,000","1,080,752,000","1,039,146,000","999,338,000","966,741,000","964,224,000","916,512,000","927,589,000","861,031,000","812,504,000","796,329,000","766,491,000","737,042,000","679,629,000","636,034,000","613,888,000","562,903,000","549,520,000","517,465,000","484,634,000","453,376,000","423,221,000","428,611,000","404,274,000","393,952,000","375,377,000","330,807,000","249,058,000","220,026,000","208,928,000","197,526,000","194,983,000","192,160,000"
	OperatingRevenue,"26,855,000,000","7,166,000,000","6,800,000,000","6,583,000,000","6,306,000,000","4,855,000,000","4,768,000,000","4,372,000,000","4,304,000,000","4,123,000,000","4,084,000,000","4,049,000,000","3,952,000,000","4,454,000,000","4,467,000,000","4,641,000,000","4,457,000,000","4,820,000,000","4,907,000,000","4,869,000,000","4,779,000,000","4,308,000,000","4,324,000,000","4,164,000,000","4,135,000,000","3,695,294,000","3,424,581,000","3,351,615,000","3,022,510,000","2,651,905,000","2,369,316,000","2,217,374,000","1,993,967,000","1,649,359,000","1,635,756,000","1,598,284,000","1,584,364,000","1,568,003,000","1,539,019,000","1,535,316,000","1,371,863,000","1,304,126,000","1,175,958,000","1,165,658,000","1,118,112,000","1,079,373,000","1,037,386,000","997,739,000","965,220,000","962,411,000","914,805,000","925,507,000","857,484,000","808,895,000","791,554,000","761,153,000","737,042,000","679,629,000","636,034,000","613,888,000","562,903,000","549,520,000","517,465,000","484,634,000","453,376,000","423,221,000","428,611,000","404,274,000","393,952,000","375,404,000","330,808,000","249,039,000","221,188,000","208,940,000","197,558,000","195,004,000","192,160,000"
CostOfRevenue,"24,491,000,000","6,573,000,000","6,253,000,000","6,004,000,000","5,661,000,000","4,648,000,000","4,338,000,000","3,826,000,000","3,934,000,000","3,667,000,000","3,642,000,000","3,576,000,000","3,509,000,000","3,974,000,000","4,098,000,000","4,173,000,000","4,021,000,000","4,481,000,000","4,449,000,000","4,729,000,000","4,344,000,000","4,144,000,000","4,049,000,000","3,869,000,000","3,882,000,000","3,450,599,000","3,184,976,000","3,097,614,000","2,807,811,000","2,474,954,000","2,241,451,000","2,063,471,000","1,836,198,000","1,501,007,000","1,467,049,000","1,380,894,000","1,365,524,000","1,475,712,000","1,351,575,000","1,408,190,000","1,161,482,000","1,076,912,000","993,742,000","988,574,000","944,753,000","899,279,000","873,542,000","853,867,000","822,816,000","842,371,000","792,771,000","803,206,000","737,888,000","684,781,000","669,355,000","640,829,000","626,347,000","560,839,000","525,902,000","516,865,000","476,477,000","462,820,000","430,870,000","401,715,000","383,247,000","355,656,000","366,612,000","369,490,000","333,114,000","314,903,000","276,518,000","209,048,000","184,217,000","172,860,000","161,736,000","160,593,000",
GrossProfit,"3,280,000,000","836,000,000","787,000,000","796,000,000","861,000,000","587,000,000","683,000,000","792,000,000","615,000,000","607,000,000","601,000,000","617,000,000","610,000,000","690,000,000","599,000,000","710,000,000","625,000,000","468,000,000","582,000,000","270,000,000","560,000,000","390,000,000","497,000,000","490,000,000","461,000,000","420,025,000","426,387,000","427,276,000","363,312,000","326,014,000","242,900,000","248,568,000","233,045,000","204,615,000","220,030,000","224,940,000","225,063,000","102,857,000","188,615,000","128,234,000","212,098,000","229,496,000","182,980,000","178,530,000","174,953,000","181,473,000","165,604,000","145,471,000","143,925,000","121,853,000","123,741,000","124,383,000","123,143,000","127,723,000","126,974,000","125,662,000","110,695,000","118,790,000","110,132,000","97,023,000","86,426,000","86,700,000","86,595,000","82,919,000","70,129,000","67,565,000","61,999,000","34,784,000","60,838,000","60,474,000","54,289,000","40,010,000","35,809,000","36,068,000","35,790,000","34,390,000",
OperatingExpense,"2,260,000,000","645,000,000","566,000,000","523,000,000","526,000,000","496,000,000","394,000,000","368,000,000","341,000,000","364,000,000","344,000,000","350,000,000","327,000,000","358,000,000","336,000,000","360,000,000","378,000,000","395,000,000","416,000,000","442,000,000","478,000,000","396,000,000","379,000,000","385,000,000","372,000,000","343,736,000","313,534,000","311,648,000","281,082,000","229,570,000","203,121,000","216,141,000","208,778,000","207,300,000","195,104,000","178,494,000","157,972,000","48,724,000","181,428,000","187,501,000","178,678,000","181,024,000","149,414,000","147,120,000","143,653,000","148,041,000","135,651,000","124,293,000","123,487,000","125,575,000","107,467,000","103,657,000","100,560,000","100,256,000","96,545,000","95,404,000","86,244,000","88,939,000","81,317,000","-442,908,000","69,831,000","67,242,000","66,137,000","61,178,000","55,975,000","50,926,000","51,118,000","40,618,000","36,744,000","34,186,000","29,200,000","20,576,000","19,057,000","16,857,000","18,197,000","16,796,000","-164,049,000"
	SellingGeneralAndAdministration,"2,068,000,000","579,000,000","532,000,000","484,000,000","473,000,000","450,000,000","368,000,000","345,000,000","317,000,000","343,000,000","323,000,000","328,000,000","302,000,000","335,000,000","311,000,000","335,000,000","352,000,000","367,000,000","383,000,000","405,000,000","439,000,000","359,000,000","343,000,000","351,000,000","340,000,000","315,723,000","287,691,000","286,496,000","256,090,000","204,488,000","178,879,000","193,239,000","188,087,000","187,006,000","176,233,000","161,479,000","141,407,000","153,419,000","127,500,000","131,485,000","120,223,000","124,965,000","99,610,000","96,921,000","94,436,000","100,374,000","88,660,000","78,079,000","113,426,000","115,933,000","97,635,000","94,073,000","91,508,000","91,565,000","88,030,000","87,074,000","78,092,000","80,464,000","74,235,000","67,208,000","63,388,000","61,032,000","60,504,000","56,308,000","51,213,000","45,731,000","47,005,000","37,060,000","33,546,000","31,208,000","26,642,000","18,842,000","17,458,000","14,813,000","16,599,000","15,422,000","14,709,000"
		GeneralAndAdministrativeExpense,"2,068,000,000","579,000,000","532,000,000","484,000,000","473,000,000","450,000,000","368,000,000","345,000,000","317,000,000","343,000,000","323,000,000","328,000,000","302,000,000","335,000,000","311,000,000","335,000,000","352,000,000","367,000,000","383,000,000","405,000,000","439,000,000","359,000,000","343,000,000","351,000,000","340,000,000","315,723,000","287,691,000","286,496,000","256,090,000","204,488,000","178,879,000","193,239,000","188,087,000","187,006,000","176,233,000","161,479,000","141,407,000","153,419,000",,,,,,,,,,,,,,,,,,,"78,092,000","80,464,000","74,235,000","67,208,000","63,388,000","61,032,000","60,504,000","56,308,000","51,213,000","45,731,000","47,005,000","37,060,000","33,546,000","31,208,000","26,642,000","18,842,000","17,458,000","14,813,000","16,599,000","15,422,000","14,709,000"
			SalariesAndWages,,,,,,,,,,,,,,,,,,,,,,,,,,,,,,,,,,,,,,,,,,,,,,,,,,,,,,,,,"78,092,000","80,464,000","74,235,000","67,208,000","63,388,000","61,032,000","60,504,000","56,308,000","51,213,000","45,731,000","47,005,000","37,060,000","33,546,000","31,208,000","26,642,000","18,842,000","17,458,000","14,813,000","16,599,000","15,422,000","14,709,000"
			OtherGandA,"2,068,000,000","579,000,000","532,000,000","484,000,000","473,000,000","450,000,000","368,000,000","345,000,000","317,000,000","343,000,000","323,000,000","328,000,000","302,000,000","335,000,000","311,000,000","335,000,000","352,000,000","367,000,000","383,000,000","405,000,000","439,000,000","359,000,000","343,000,000","351,000,000","340,000,000","315,723,000","287,691,000","286,496,000","256,090,000","204,488,000","178,879,000","193,239,000","188,087,000","187,006,000","176,233,000","161,479,000","141,407,000","153,419,000",,,,,,,,,,,,,,,,,,,,,,,,,,,,,,,,,,,,,,,
	DepreciationAmortizationDepletionIncomeStatement,"131,000,000","35,000,000","32,000,000","31,000,000","33,000,000","24,000,000","23,000,000","21,000,000","20,000,000","21,000,000","21,000,000","22,000,000","25,000,000","23,000,000","25,000,000","25,000,000","26,000,000","28,000,000","33,000,000","37,000,000","39,000,000","37,000,000","36,000,000","34,000,000","32,000,000","28,013,000","25,843,000","25,152,000","24,992,000","25,082,000","24,242,000","22,902,000","20,691,000","20,294,000","18,871,000","17,015,000","16,565,000","16,258,000","16,034,000","16,387,000","15,025,000","12,103,000","13,430,000","12,490,000","12,667,000","12,470,000","11,954,000","11,219,000","10,061,000","9,642,000","9,832,000","9,584,000","9,052,000","8,691,000","8,515,000","8,330,000","8,152,000","7,693,000","7,082,000","6,749,000","6,443,000","6,210,000","5,633,000","4,870,000","4,762,000","4,256,000","4,113,000","3,558,000","3,198,000","2,978,000","2,558,000","1,734,000","1,599,000","2,044,000","1,598,000","1,374,000",
		DepreciationAndAmortizationInIncomeStatement,"131,000,000","35,000,000","32,000,000","31,000,000","33,000,000","24,000,000","23,000,000","21,000,000","20,000,000","21,000,000","21,000,000","22,000,000","25,000,000","23,000,000","25,000,000","25,000,000","26,000,000","28,000,000","33,000,000","37,000,000","39,000,000","37,000,000","36,000,000","34,000,000","32,000,000","28,013,000","25,843,000","25,152,000","24,992,000","25,082,000","24,242,000","22,902,000","20,691,000","20,294,000","18,871,000","17,015,000","16,565,000","16,258,000","16,034,000","16,387,000","15,025,000","12,103,000","13,430,000","12,490,000","12,667,000","12,470,000","11,954,000","11,219,000","10,061,000","9,642,000","9,832,000","9,584,000","9,052,000","8,691,000","8,515,000","8,330,000","8,152,000","7,693,000","7,082,000","6,749,000","6,443,000","6,210,000","5,633,000","4,870,000","4,762,000","4,256,000","4,113,000","3,558,000","3,198,000","2,978,000","2,558,000","1,734,000","1,599,000","2,044,000","1,598,000","1,374,000",
			DepreciationIncomeStatement,"82,000,000"
			Amortization,"49,000,000"
				AmortizationOfIntangiblesIncomeStatement,"49,000,000"
	OtherTaxes,,,,,,,,,,,,,,,,,,,,,,,,,,,,,,,,,,,,,,,"37,894,000","39,629,000","43,430,000","43,956,000","36,374,000","37,709,000","36,550,000","35,197,000","35,037,000","34,995,000",,,,,,,,,"-712,591,000","-649,778,000","-607,219,000","-590,822,000","-546,308,000","-530,062,000","-497,007,000","-462,893,000","-439,222,000","-406,582,000","-417,730,000","-410,508,000","-369,858,000","-349,089,000","-305,718,000","-229,624,000","-203,274,000","-189,717,000","-179,933,000","-177,389,000","-178,758,000"
	OtherOperatingExpenses,"61,000,000","31,000,000","2,000,000","8,000,000","20,000,000","22,000,000","3,000,000","2,000,000","4,000,000",,,,,,,,,,,,,,,,,,,,,,,,,,,,,,,,,,,,,,,,,,,,,,,,"712,591,000","650,560,000","607,219,000","73,957,000","546,308,000","530,062,000","497,007,000","462,893,000","439,222,000","407,521,000","417,730,000","410,508,000","369,858,000","349,089,000","305,718,000","229,624,000","203,274,000","189,717,000","179,933,000","177,389,000",
OperatingIncome,"1,020,000,000","191,000,000","221,000,000","273,000,000","335,000,000","91,000,000","289,000,000","424,000,000","274,000,000","243,000,000","257,000,000","267,000,000","283,000,000","332,000,000","263,000,000","350,000,000","247,000,000","73,000,000","166,000,000","-172,000,000","82,000,000","-6,000,000","118,000,000","105,000,000","89,000,000","76,289,000","112,853,000","115,628,000","82,230,000","96,444,000","39,779,000","32,427,000","24,267,000","-2,685,000","24,926,000","46,446,000","67,091,000","54,133,000","7,187,000","-59,267,000","33,420,000","48,472,000","33,566,000","31,410,000","31,300,000","33,432,000","29,953,000","21,178,000","20,438,000","-3,722,000","16,274,000","20,726,000","22,583,000","27,467,000","30,429,000","30,258,000","24,451,000","29,851,000","28,815,000","539,931,000","16,595,000","19,458,000","20,458,000","21,741,000","14,154,000","16,639,000","10,881,000","-5,834,000","24,094,000","26,288,000","25,089,000","19,434,000","16,752,000","19,211,000","17,593,000","17,594,000","356,209,000"
NetNonOperatingInterestIncomeExpense,"-120,000,000","-30,000,000","-30,000,000","-30,000,000","-30,000,000","-30,000,000","-27,000,000","-24,000,000","-21,000,000","-20,000,000","-22,000,000","-22,000,000","-23,000,000","-24,000,000","-26,000,000","-32,000,000","-33,000,000","-33,000,000","-32,000,000","-27,000,000","-26,000,000","-25,000,000","-26,000,000","-25,000,000","-25,000,000","-20,909,000","-15,269,000","-14,946,000","-14,876,000","-14,577,000","-14,419,000","-13,993,000","-13,822,000","-13,835,000","-13,532,000","-11,667,000","-13,037,000","-4,348,000","-4,315,000","-3,808,000","-4,298,000","-3,853,000","-4,380,000","-3,683,000","-3,603,000","-3,453,000","-4,600,000","-4,099,000","-3,357,000","-3,860,000","-3,279,000","-3,223,000","-3,415,000","-2,155,000","-1,980,000","-2,307,000",,,,,,,,,,,,,,,,,,,,,
	InterestExpenseNonOperating,"120,000,000","30,000,000","30,000,000","30,000,000","30,000,000","30,000,000","27,000,000","24,000,000","21,000,000","20,000,000","22,000,000","22,000,000","23,000,000","24,000,000","26,000,000","32,000,000","33,000,000","33,000,000","32,000,000","27,000,000","26,000,000","25,000,000","26,000,000","25,000,000","25,000,000","20,909,000","15,269,000","14,946,000","14,876,000","14,577,000","14,419,000","13,993,000","13,822,000","13,835,000","13,532,000","11,667,000","13,037,000","4,348,000","4,315,000","3,808,000","4,298,000","3,853,000","4,380,000","3,683,000","3,603,000","3,453,000","4,600,000","4,099,000","3,357,000","3,860,000","3,279,000","3,223,000","3,415,000","2,155,000","1,980,000","2,307,000",,,,,,,,,,,,,,,,,,,,,
OtherIncomeExpense,"-25,000,000","-25,000,000",,"10,000,000","9,000,000","-10,000,000","14,000,000","-5,000,000","29,000,000","-1,000,000","-2,000,000","12,000,000","29,000,000","-52,000,000","22,000,000","-13,000,000","-35,000,000","-356,000,000","-247,000,000","-115,000,000","75,000,000","13,000,000","9,000,000","8,000,000","8,000,000","918,000","40,000","32,000","10,000","8,000","-863,000","9,000","44,000","4,000","24,000","-3,502,000","131,000","361,000",,"1,108,000",,,,,,,,"1,599,000","1,521,000","1,813,000","1,707,000","2,082,000","3,547,000","3,609,000","4,775,000","5,338,000",,,,"-517,647,000",,,,,,"939,000",,"-1,339,000",,"27,000","1,000","-19,000","1,162,000","12,000","32,000","21,000",
	GainOnSaleOfSecurity,,,,"10,000,000","9,000,000","15,000,000","14,000,000","18,000,000","29,000,000","29,000,000","40,000,000","34,000,000","29,000,000","32,000,000","37,000,000","32,000,000","24,000,000","22,000,000","18,000,000","16,000,000","14,000,000","13,000,000","9,000,000","8,000,000","8,000,000","6,325,000","4,832,000","3,828,000","3,015,000","2,478,000","2,041,000","1,945,000","1,629,000","2,006,000","1,740,000","1,628,000","1,529,000","1,192,000",,,,,,,,,,,,,,,,,,,,,,,,,,,,,,,,,,,,,,,
	EarningsFromEquityInterest,,,,,,,,,,,,,,,,,,,,,,,,,,,,,,,,,,,,,,,,"1,108,000",,,,,,,,,,,,,,,,,,,,,,,,,,,,,,,,,,,,,
	SpecialIncomeCharges,,,,,,,,,,"-1,000,000","0","-2,000,000","-3,000,000","-60,000,000","32,000,000","-8,000,000","-25,000,000","-342,000,000","-247,000,000","-115,000,000",,,,,,,,,,,,,,,,,,"0",,,,,,,,"-4,880,000",,"1,599,000","1,521,000","1,813,000","1,707,000","2,082,000","3,547,000","3,609,000","4,775,000","5,338,000","0","782,000","0","-517,647,000","0","0","0","0","0","939,000","0","-1,339,000","0","27,000","1,000","-19,000","1,162,000","12,000","32,000","21,000",
		RestructuringAndMergernAcquisition,,,,,,,,,,"1,000,000","0","2,000,000","3,000,000","8,000,000","5,000,000","8,000,000","25,000,000","73,000,000","118,000,000","43,000,000",,,,,,,,,,,,,,,,,,,,,,,,,,,,,,,,,,,,,,,,"516,865,000",,,,,,,,,,,,,,,,,
		ImpairmentOfCapitalAssets,,,,,,,,,,,,,,,,,,,,,,,,,,,,,,,,,,,,,,"0",,,,,,,,,,,,,,,,"0","0","0",,,,,,,,,,,,,,,,,,,,,
		WriteOff,,,,,,,,,,,,,,"0","0","0",,"269,000,000","129,000,000","72,000,000",,,,,,,,,,,,,,,,,,,,,,,,,,,,,,,,,,,,,,,,,,,,,,,,,,,,,,,,,
		OtherSpecialCharges,,,,,,,,,,,,,,,,,,,,,,,,,,,,,,,,,,,,,,,,,,,,,,,,,,,,,,"-3,609,000","-4,775,000","-5,338,000",,,,"782,000",,,,,,,,,,,,,,,,,
		GainOnSaleOfBusiness,,,,,,,,,,"0","0",,,"-52,000,000","37,000,000",,,,,,,,,,,,,,,,,,,,,,,,,,,,,,,,,,,,,,,,,,,,,,,,,,,,,,,,,,,,,,
	OtherNonOperatingIncomeExpenses,"-25,000,000","-25,000,000",,,,"-10,000,000",,"-5,000,000",,"0","-2,000,000","14,000,000","3,000,000","8,000,000","-10,000,000","-5,000,000","-10,000,000","-14,000,000",,,"75,000,000",,,,,"918,000","40,000","32,000","10,000","8,000","-863,000","9,000","44,000","4,000","24,000","-3,502,000","131,000","361,000",,,,,,,,,,,,,,,,,,,,,,,,,,,,,,,,,,,,,,,
PretaxIncome,"875,000,000","136,000,000","191,000,000","243,000,000","305,000,000","51,000,000","262,000,000","395,000,000","253,000,000","222,000,000","233,000,000","257,000,000","260,000,000","256,000,000","259,000,000","305,000,000","179,000,000","-316,000,000","-113,000,000","-314,000,000","131,000,000","-31,000,000","92,000,000","80,000,000","64,000,000","56,298,000","97,624,000","100,714,000","67,364,000","81,875,000","24,497,000","18,443,000","10,489,000","-16,516,000","11,418,000","31,277,000","54,185,000","50,146,000","2,872,000","-63,075,000","29,122,000","-19,956,000","29,186,000","27,727,000","27,697,000","29,979,000","25,353,000","17,079,000","17,081,000","-7,582,000","12,995,000","17,503,000","20,700,000","25,312,000","28,449,000","27,951,000","22,179,000","28,382,000","28,285,000","21,559,000","15,470,000","18,741,000","19,813,000","21,164,000","13,740,000","17,337,000","10,300,000","-7,591,000","23,805,000","26,059,000","24,810,000","19,157,000","17,659,000","18,921,000","17,227,000","16,990,000","13,275,000"
TaxProvision,"216,000,000","33,000,000","48,000,000","58,000,000","77,000,000","17,000,000","77,000,000","119,000,000","75,000,000","54,000,000","58,000,000","61,000,000","62,000,000","55,000,000","62,000,000","103,000,000","72,000,000","-54,000,000","-16,000,000","-84,000,000","54,000,000","16,000,000","50,000,000","47,000,000","40,000,000","26,665,000","51,329,000","61,783,000","39,223,000","47,942,000","8,427,000","10,702,000","5,655,000","-7,475,000","3,865,000","15,481,000","24,270,000","24,503,000","-492,000","-25,769,000","11,033,000","13,004,000","10,236,000","10,287,000","10,309,000","12,351,000","9,180,000","6,500,000","6,491,000","-3,110,000","4,431,000","2,938,000","8,489,000","9,771,000","11,263,000","11,435,000","9,024,000","10,471,000","10,772,000","8,245,000","5,878,000","7,097,000","7,472,000","8,012,000","5,150,000","6,605,000","3,489,000","-2,885,000","9,046,000","9,773,000","8,371,000","7,207,000","6,561,000","7,055,000","5,503,000","6,043,000","5,295,000"
NetIncomeCommonStockholders,"659,000,000","103,000,000","143,000,000","185,000,000","228,000,000","34,000,000","185,000,000","276,000,000","178,000,000","168,000,000","175,000,000","196,000,000","198,000,000","201,000,000","197,000,000","202,000,000","107,000,000","-262,000,000","-97,000,000","-230,000,000","77,000,000","-47,000,000","42,000,000","33,000,000","24,000,000","29,605,000","46,299,000","38,943,000","28,153,000","33,792,000","16,122,000","7,811,000","4,498,000","-9,126,000","7,569,000","24,571,000","29,915,000","25,643,000","3,364,000","-37,306,000","18,089,000","-32,960,000","18,950,000","17,440,000","17,388,000","17,628,000","16,173,000","10,579,000","10,590,000","-4,472,000","8,564,000","14,565,000","12,211,000","15,541,000","17,186,000","16,516,000","13,155,000","17,911,000","17,513,000","13,314,000","9,592,000","11,644,000","12,341,000","13,152,000","8,590,000","10,732,000","6,811,000","-4,706,000","14,759,000","16,286,000","16,439,000","11,950,000","11,098,000","11,866,000","11,724,000","10,947,000","7,980,000"
	NetIncome,"659,000,000","103,000,000","143,000,000","185,000,000","228,000,000","34,000,000","185,000,000","276,000,000","178,000,000","168,000,000","175,000,000","196,000,000","198,000,000","201,000,000","197,000,000","202,000,000","107,000,000","-262,000,000","-97,000,000","-230,000,000","77,000,000","-47,000,000","42,000,000","33,000,000","24,000,000","29,605,000","46,299,000","38,943,000","28,153,000","33,792,000","16,122,000","7,811,000","4,498,000","-9,126,000","7,569,000","24,571,000","29,915,000","25,643,000","3,364,000","-37,306,000","18,089,000","-32,960,000","18,950,000","17,440,000","17,388,000","17,628,000","16,173,000","10,579,000","10,590,000","-4,472,000","8,564,000","14,565,000","12,211,000","15,541,000","17,186,000","16,516,000","13,155,000","17,911,000","17,513,000","13,314,000","9,592,000","11,644,000","12,341,000","13,152,000","8,590,000","10,732,000","6,811,000","-4,706,000","14,759,000","16,286,000","16,439,000","11,950,000","11,098,000","11,866,000","11,724,000","10,947,000","7,980,000"
		NetIncomeIncludingNoncontrollingInterests,"659,000,000","103,000,000","143,000,000","185,000,000","228,000,000","34,000,000","185,000,000","276,000,000","178,000,000","168,000,000","175,000,000","196,000,000","198,000,000","201,000,000","197,000,000","202,000,000","107,000,000","-262,000,000","-97,000,000","-230,000,000","77,000,000","-47,000,000","42,000,000","33,000,000","24,000,000","29,605,000","46,299,000","38,943,000","28,153,000","33,792,000","16,122,000","7,811,000","4,498,000","-9,126,000","7,569,000","24,571,000","29,915,000","25,643,000","3,364,000","-37,306,000","18,089,000","-32,960,000","18,950,000","17,440,000","17,388,000","17,628,000","16,173,000","10,579,000","10,590,000","-4,472,000","8,564,000","14,565,000","12,211,000","15,541,000","17,186,000","16,516,000","13,155,000","17,911,000","17,513,000","13,314,000","9,592,000","11,644,000","12,341,000","13,152,000","8,590,000","10,732,000","6,811,000","-4,706,000","14,759,000","16,286,000","16,439,000","11,950,000","11,098,000","11,866,000","11,724,000","10,947,000","7,980,000"
			NetIncomeContinuousOperations,"659,000,000","103,000,000","143,000,000","185,000,000","228,000,000","34,000,000","185,000,000","276,000,000","178,000,000","168,000,000","175,000,000","196,000,000","198,000,000","201,000,000","197,000,000","202,000,000","107,000,000","-262,000,000","-97,000,000","-230,000,000","77,000,000","-47,000,000","42,000,000","33,000,000","24,000,000","29,633,000","46,295,000","38,931,000","28,141,000","33,933,000","16,070,000","7,741,000","4,834,000","-9,041,000","7,553,000","15,796,000","29,915,000","25,643,000","3,364,000","-37,306,000","18,089,000","-32,960,000","18,950,000","17,440,000","17,388,000","17,628,000","16,173,000","10,579,000","10,590,000","-4,472,000","8,564,000","14,565,000","12,211,000","15,541,000","17,186,000","16,516,000","13,155,000","17,911,000","17,513,000","13,314,000","9,592,000","11,644,000","12,341,000","13,152,000","8,590,000","10,732,000","6,811,000","-4,706,000","14,759,000","16,286,000","16,439,000","11,950,000","11,098,000","11,866,000","11,724,000","10,947,000","7,980,000"
			NetIncomeDiscontinuousOperations,,,,,,,,,,,,,,,,,,,,,,,,,,"-28,000","4,000","12,000","12,000","-141,000","52,000","70,000","-336,000","-85,000","16,000","8,775,000",,,,,,,,,,,,,,,,,,,,,,,,,,,,,,,,,,,,,,,,,
DilutedNIAvailtoComStockholders,"659,000,000","103,000,000","143,000,000","185,000,000","228,000,000","34,000,000","185,000,000","276,000,000","178,000,000","168,000,000","175,000,000","196,000,000","198,000,000","201,000,000","197,000,000","202,000,000","107,000,000","-262,000,000","-97,000,000","-230,000,000","77,000,000","-47,000,000","42,000,000","33,000,000","24,000,000","29,605,000","46,299,000","38,943,000","28,153,000","33,792,000","16,122,000","7,811,000","4,498,000","-9,126,000","7,569,000","24,571,000","29,915,000","25,643,000","3,364,000","-37,306,000","18,089,000","-32,960,000","18,950,000","17,440,000","17,388,000","17,628,000","16,173,000","10,579,000","10,590,000","-4,472,000","8,564,000","14,565,000","12,211,000","15,541,000","17,186,000","16,516,000","13,155,000","17,911,000","17,513,000","13,314,000","9,592,000","11,644,000","12,341,000","13,152,000","8,590,000","10,732,000","6,811,000","-4,706,000","14,759,000","16,286,000","16,439,000","11,950,000","11,098,000","11,866,000","11,724,000","10,947,000","7,980,000"
BasicEPS,,"1.776","2.466","3.19","3.931","0.573","3.136","4.678","3.017","2.71","2.81","3.111","3.143","3.242","3.177","3.258","1.726","-4.367","-1.702","-4.1","1.351","-1.596","0.737","0.579","0.421","0.536","0.84","0.695","0.58","0.68","0.34","0.17","0.1","-0.2","0.17","0.54","0.65","0.55","0.07","-0.8","0.39",,"0.41","0.38","0.38",,"0.387","0.273","0.273",,"0.227","0.373","0.307",,"0.42","0.393","0.307",,"0.413","0.313","0.227",,"0.293","0.313","0.207",,"0.167","-0.113","0.353",,"0.4","0.293","0.293",,"0.307","0.387","0.273"
DilutedEPS,,"1.74","2.46","3.16","3.89","0.56","3.1","4.65","2.92","2.67","2.75","3.06","2.99","3.01","2.9","3.02","1.64","-4.59","-1.702","-4.1","1.351","-1.64","0.737","0.579","0.421","0.51","0.77","0.695","0.56","0.68","0.33","0.16","0.09","-0.2","0.16","0.53","0.64","0.54","0.07","-0.8","0.39",,"0.41","0.38","0.373",,"0.38","0.273","0.273",,"0.22","0.373","0.307",,"0.413","0.393","0.307",,"0.413","0.313","0.227",,"0.293","0.313","0.207",,"0.16","-0.113","0.353",,"0.393","0.287","0.287",,"0.307","0.38","0.267"
BasicAverageShares,,"58,000,000","58,000,000","58,000,000","58,000,000","59,300,000","59,000,000","59,000,000","59,000,000","62,000,000","62,200,000","63,000,000","63,000,000","62,000,000","62,000,000","62,000,000","62,000,000","60,000,000","57,000,000","56,000,000","57,000,000","57,000,000","57,000,000","57,000,000","57,000,000","56,000,000","54,803,000","56,050,000","48,685,000","49,727,000","46,911,000","46,279,000","46,021,000","45,725,000","45,699,000","45,446,000","45,981,000","46,617,000","46,546,000","46,355,000","45,998,000",,"45,834,000","45,897,000","46,257,000",,"42,544,500","38,611,500","38,755,500",,"38,445,000","38,805,000","39,795,000",,"41,373,000","41,995,500","42,685,500",,"42,459,000","42,349,500","42,228,000",,"42,033,000","41,920,500","41,782,500",,"41,626,500","41,560,500","41,424,000",,"41,184,000","41,029,500","38,251,500",,"38,230,435","28,311,207","29,167,500"
DilutedAverageShares,,"58,700,000","58,500,000","58,400,000","58,600,000","59,400,000","59,600,000","59,400,000","61,000,000","63,000,000","63,600,000","64,000,000","66,200,000","66,600,000","67,900,000","66,700,000","65,200,000","60,000,000","57,000,000","56,000,000","57,000,000","57,000,000","57,000,000","57,000,000","57,000,000","57,700,000","59,978,000","56,050,000","50,071,000","49,727,000","48,644,000","48,003,000","47,520,000","45,725,000","47,062,000","46,507,000","46,443,000","47,143,000","46,880,000","46,355,000","46,887,000",,"46,296,000","46,471,000","46,575,000",,"42,544,500","38,926,500","38,755,500",,"38,445,000","38,805,000","39,841,500",,"41,373,000","42,066,000","42,864,000",,"42,661,500","42,514,500","42,412,500",,"42,519,000","42,405,000","42,211,500",,"42,100,500","41,560,500","41,946,000",,"41,701,500","41,607,000","38,877,000",,"38,230,435","28,807,895","29,703,000"
TotalOperatingIncomeAsReported,"1,020,000,000","191,000,000","221,000,000","273,000,000","335,000,000","91,000,000","289,000,000","424,000,000","274,000,000","242,000,000","257,000,000","265,000,000","280,000,000","272,000,000","295,000,000","342,000,000","222,000,000","-269,000,000","-81,000,000","-287,000,000","82,000,000","-6,000,000","118,000,000","105,000,000","89,000,000","76,289,000","112,853,000","115,628,000","82,230,000","96,444,000","39,779,000","32,427,000","24,267,000","-2,685,000","24,926,000","46,446,000","67,091,000","54,133,000","7,187,000","-59,267,000","33,420,000","-16,103,000","33,566,000","31,410,000","31,300,000","33,432,000","29,953,000","21,178,000","20,438,000","-3,722,000","16,274,000","20,726,000","24,115,000","27,467,000","30,429,000","30,258,000","24,451,000","30,633,000","28,815,000","22,284,000","16,595,000","19,458,000","20,458,000","21,741,000","14,154,000","17,578,000","10,881,000","-6,773,000","24,094,000","26,288,000","25,089,000","19,434,000","16,752,000","19,211,000","17,593,000","17,594,000",
TotalExpenses,"26,751,000,000","7,218,000,000","6,819,000,000","6,527,000,000","6,187,000,000","5,144,000,000","4,732,000,000","4,194,000,000","4,275,000,000","4,031,000,000","3,986,000,000","3,926,000,000","3,836,000,000","4,332,000,000","4,434,000,000","4,533,000,000","4,399,000,000","4,876,000,000","4,865,000,000","5,171,000,000","4,822,000,000","4,540,000,000","4,428,000,000","4,254,000,000","4,254,000,000","3,794,335,000","3,498,510,000","3,409,262,000","3,088,893,000","2,704,524,000","2,444,572,000","2,279,612,000","2,044,976,000","1,708,307,000","1,662,153,000","1,559,388,000","1,523,496,000","1,524,436,000","1,533,003,000","1,595,691,000","1,340,160,000","1,257,936,000","1,143,156,000","1,135,694,000","1,088,406,000","1,047,320,000","1,009,193,000","978,160,000","946,303,000","967,946,000","900,238,000","906,863,000","838,448,000","785,037,000","765,900,000","736,233,000","712,591,000","649,778,000","607,219,000","73,957,000","546,308,000","530,062,000","497,007,000","462,893,000","439,222,000","406,582,000","417,730,000","410,108,000","369,858,000","349,089,000","305,718,000","229,624,000","203,274,000","189,717,000","179,933,000","177,389,000","-164,049,000"
NetIncomeFromContinuingAndDiscontinuedOperation,"659,000,000","103,000,000","143,000,000","185,000,000","228,000,000","34,000,000","185,000,000","276,000,000","178,000,000","168,000,000","175,000,000","196,000,000","198,000,000","201,000,000","197,000,000","202,000,000","107,000,000","-262,000,000","-97,000,000","-230,000,000","77,000,000","-47,000,000","42,000,000","33,000,000","24,000,000","29,605,000","46,299,000","38,943,000","28,153,000","33,792,000","16,122,000","7,811,000","4,498,000","-9,126,000","7,569,000","24,571,000","29,915,000","25,643,000","3,364,000","-37,306,000","18,089,000","-32,960,000","18,950,000","17,440,000","17,388,000","17,628,000","16,173,000","10,579,000","10,590,000","-4,472,000","8,564,000","14,565,000","12,211,000","15,541,000","17,186,000","16,516,000","13,155,000","17,911,000","17,513,000","13,314,000","9,592,000","11,644,000","12,341,000","13,152,000","8,590,000","10,732,000","6,811,000","-4,706,000","14,759,000","16,286,000","16,439,000","11,950,000","11,098,000","11,866,000","11,724,000","10,947,000","7,980,000"
NormalizedIncome,"659,000,000","103,000,000","143,000,000","185,000,000","228,000,000","34,000,000","185,000,000","276,000,000","178,000,000","168,756,756.757","175,000,000","197,520,000","200,286,000","248,109,375","172,680,000","207,296,000","122,000,000","21,556,962.025","113,938,000","-145,820,000","77,000,000","-47,000,000","42,000,000","33,000,000","24,000,000","29,633,000","46,295,000","38,931,000","28,141,000","33,933,000","16,070,000","7,741,000","4,834,000","-9,041,000","7,553,000","15,796,000","29,915,000","25,643,000","3,364,000","-37,306,000","18,089,000","-32,960,000","18,950,000","17,440,000","17,388,000","20,800,000","16,173,000","9,588,554.365","9,646,999.59","-5,650,450","7,439,048.249","12,832,478.147","9,905,450","13,325,154.986","14,301,429.365","13,046,300","13,155,000","17,417,504.052","17,513,000","332,992,656.617","9,592,000","11,644,000","12,341,000","13,152,000","8,590,000","10,150,737.498","6,811,000","-3,875,894.085","14,759,000","16,269,125.907","16,438,337.404","11,961,852.065","10,367,727.844","11,858,474.394","11,702,222.093","10,933,469.276","7,980,000"
InterestExpense,"120,000,000","30,000,000","30,000,000","30,000,000","30,000,000","30,000,000","27,000,000","24,000,000","21,000,000","20,000,000","22,000,000","22,000,000","23,000,000","24,000,000","26,000,000","32,000,000","33,000,000","33,000,000","32,000,000","27,000,000","26,000,000","25,000,000","26,000,000","25,000,000","25,000,000","20,909,000","15,269,000","14,946,000","14,876,000","14,577,000","14,419,000","13,993,000","13,822,000","13,835,000","13,532,000","11,667,000","13,037,000","4,348,000","4,315,000","3,808,000","4,298,000","3,853,000","4,380,000","3,683,000","3,603,000","3,453,000","4,600,000","4,099,000","3,357,000","3,860,000","3,279,000","3,223,000","3,415,000","2,155,000","1,980,000","2,307,000",,,,,,,,,,,,,,,,,,,,,
NetInterestIncome,"-120,000,000","-30,000,000","-30,000,000","-30,000,000","-30,000,000","-30,000,000","-27,000,000","-24,000,000","-21,000,000","-20,000,000","-22,000,000","-22,000,000","-23,000,000","-24,000,000","-26,000,000","-32,000,000","-33,000,000","-33,000,000","-32,000,000","-27,000,000","-26,000,000","-25,000,000","-26,000,000","-25,000,000","-25,000,000","-20,909,000","-15,269,000","-14,946,000","-14,876,000","-14,577,000","-14,419,000","-13,993,000","-13,822,000","-13,835,000","-13,532,000","-11,667,000","-13,037,000","-4,348,000","-4,315,000","-3,808,000","-4,298,000","-3,853,000","-4,380,000","-3,683,000","-3,603,000","-3,453,000","-4,600,000","-4,099,000","-3,357,000","-3,860,000","-3,279,000","-3,223,000","-3,415,000","-2,155,000","-1,980,000","-2,307,000",,,,,,,,,,,,,,,,,,,,,
EBIT,"995,000,000","166,000,000","221,000,000","273,000,000","335,000,000","81,000,000","289,000,000","419,000,000","274,000,000","242,000,000","255,000,000","279,000,000","283,000,000","280,000,000","285,000,000","337,000,000","212,000,000","-283,000,000","-81,000,000","-287,000,000","157,000,000","-6,000,000","118,000,000","105,000,000","89,000,000","77,207,000","112,893,000","115,660,000","82,240,000","96,452,000","38,916,000","32,436,000","24,311,000","-2,681,000","24,950,000","42,944,000","67,222,000","54,494,000","7,187,000","-59,267,000","33,420,000","-16,103,000","33,566,000","31,410,000","31,300,000","33,432,000","29,953,000","21,178,000","20,438,000","-3,722,000","16,274,000","20,726,000","24,115,000","27,467,000","30,429,000","30,258,000","24,451,000","29,851,000","28,815,000","539,931,000","16,595,000","19,458,000","20,458,000","21,741,000","14,154,000","16,639,000","10,881,000","-5,834,000","24,094,000","26,288,000","25,089,000","19,434,000","16,752,000","19,211,000","17,593,000","17,594,000","356,209,000"
EBITDA,"1,126,000,000"
ReconciledCostOfRevenue,"24,491,000,000","6,573,000,000","6,253,000,000","6,004,000,000","5,661,000,000","4,648,000,000","4,338,000,000","3,826,000,000","3,934,000,000","3,667,000,000","3,642,000,000","3,576,000,000","3,509,000,000","3,974,000,000","4,092,000,000","4,162,000,000","4,010,000,000","4,470,000,000","4,439,000,000","4,719,000,000","4,334,000,000","4,134,000,000","4,039,000,000","3,858,000,000","3,870,000,000","3,445,195,000","3,180,312,000","3,093,264,000","2,800,229,000","2,465,096,000","2,231,883,000","2,053,713,000","1,823,895,000","1,495,470,000","1,461,792,000","1,375,801,000","1,360,290,000","1,471,495,000","1,347,330,000","1,404,906,000","1,158,168,000","1,067,046,000","989,360,000","984,556,000","939,326,000","891,469,000","868,923,000","851,235,000","822,816,000","842,371,000","792,771,000","803,206,000","737,888,000","684,781,000","669,355,000","641,235,000","625,941,000","560,839,000","525,902,000","516,865,000","476,477,000","462,820,000","430,870,000","401,715,000","383,247,000","355,656,000","366,612,000","369,490,000","333,114,000","314,903,000","276,518,000","209,048,000","184,217,000","172,860,000","161,736,000","160,593,000",
ReconciledDepreciation,"131,000,000","35,000,000","32,000,000","31,000,000","33,000,000","24,000,000","23,000,000","21,000,000","20,000,000","21,000,000","21,000,000","22,000,000","25,000,000","23,000,000","31,000,000","36,000,000","37,000,000","39,000,000","43,000,000","47,000,000","49,000,000","47,000,000","46,000,000","45,000,000","44,000,000","33,417,000","30,507,000","29,502,000","32,574,000","34,940,000","33,810,000","32,660,000","32,994,000","25,831,000","24,128,000","22,108,000","21,799,000","20,475,000","20,279,000","19,671,000","18,339,000","21,969,000","17,812,000","16,508,000","18,094,000","20,280,000","16,573,000","13,851,000","10,061,000","9,642,000","9,832,000","9,584,000","9,052,000","8,691,000","8,515,000","7,924,000","8,558,000","7,693,000","7,082,000","6,749,000","6,443,000","6,210,000","5,633,000","4,870,000","4,762,000","4,256,000","4,113,000","3,558,000","3,198,000","2,978,000","2,558,000","1,734,000","1,599,000","2,044,000","1,598,000","1,374,000","1,317,000"
NetIncomeFromContinuingOperationNetMinorityInterest,"659,000,000","103,000,000","143,000,000","185,000,000","228,000,000","34,000,000","185,000,000","276,000,000","178,000,000","168,000,000","175,000,000","196,000,000","198,000,000","201,000,000","197,000,000","202,000,000","107,000,000","-262,000,000","-97,000,000","-230,000,000","77,000,000","-47,000,000","42,000,000","33,000,000","24,000,000","29,633,000","46,295,000","38,931,000","28,141,000","33,933,000","16,070,000","7,741,000","4,834,000","-9,041,000","7,553,000","15,796,000","29,915,000","25,643,000","3,364,000","-37,306,000","18,089,000","-32,960,000","18,950,000","17,440,000","17,388,000","17,628,000","16,173,000","10,579,000","10,590,000","-4,472,000","8,564,000","14,565,000","12,211,000","15,541,000","17,186,000","16,516,000","13,155,000","17,911,000","17,513,000","13,314,000","9,592,000","11,644,000","12,341,000","13,152,000","8,590,000","10,732,000","6,811,000","-4,706,000","14,759,000","16,286,000","16,439,000","11,950,000","11,098,000","11,866,000","11,724,000","10,947,000","7,980,000"
TotalUnusualItemsExcludingGoodwill,,,,"10,000,000","9,000,000","15,000,000","14,000,000","18,000,000","29,000,000","-1,000,000","0","-2,000,000","-3,000,000","-60,000,000","32,000,000","-8,000,000","-25,000,000","-342,000,000","-247,000,000","-115,000,000","14,000,000","13,000,000","9,000,000","8,000,000","8,000,000","6,325,000","4,832,000","3,828,000","3,015,000","2,478,000","2,041,000","1,945,000","1,629,000","2,006,000","1,740,000","1,628,000","1,529,000","0",,,,,,,,"-4,880,000",,"1,599,000","1,521,000","1,813,000","1,707,000","2,082,000","3,547,000","3,609,000","4,775,000","5,338,000","0","782,000","0","-517,647,000","0","0","0","0","0","939,000","0","-1,339,000","0","27,000","1,000","-19,000","1,162,000","12,000","32,000","21,000",
TotalUnusualItems,,,,"10,000,000","9,000,000","15,000,000","14,000,000","18,000,000","29,000,000","-1,000,000","0","-2,000,000","-3,000,000","-60,000,000","32,000,000","-8,000,000","-25,000,000","-342,000,000","-247,000,000","-115,000,000","14,000,000","13,000,000","9,000,000","8,000,000","8,000,000","6,325,000","4,832,000","3,828,000","3,015,000","2,478,000","2,041,000","1,945,000","1,629,000","2,006,000","1,740,000","1,628,000","1,529,000","0",,,,,,,,"-4,880,000",,"1,599,000","1,521,000","1,813,000","1,707,000","2,082,000","3,547,000","3,609,000","4,775,000","5,338,000","0","782,000","0","-517,647,000","0","0","0","0","0","939,000","0","-1,339,000","0","27,000","1,000","-19,000","1,162,000","12,000","32,000","21,000",
NormalizedEBITDA,"1,126,000,000","201,000,000","253,000,000","304,000,000","368,000,000","105,000,000","312,000,000","440,000,000","294,000,000","264,000,000","276,000,000","303,000,000","311,000,000","363,000,000","284,000,000","381,000,000","274,000,000","98,000,000","209,000,000","-125,000,000","206,000,000","41,000,000","164,000,000","150,000,000","133,000,000","110,624,000","143,400,000","145,162,000","114,814,000","131,392,000","72,726,000","65,096,000","57,305,000","23,150,000","49,078,000","65,052,000","89,021,000","74,969,000","27,466,000","-39,596,000","51,759,000","5,866,000","51,378,000","47,918,000","49,394,000","58,592,000","46,526,000","33,430,000","28,978,000","4,107,000","24,399,000","28,228,000","29,620,000","32,549,000","34,169,000","33,250,000","33,009,000","36,762,000","35,897,000","1,064,327,000","23,038,000","25,668,000","26,091,000","26,611,000","18,916,000","19,956,000","14,994,000","-937,000","27,292,000","29,239,000","27,646,000","21,187,000","17,189,000","21,243,000","19,159,000","18,947,000","357,526,000"
TaxRateForCalcs,"0.247","0.243","0.248","0.242","0.252","0.333","0.295","0.3","0.298","0.243","0.247","0.24","0.238","0.215","0.24","0.338","0.4","0.171","0.146","0.268","0.4","0.4","0.4","0.4","0.4","0.4","0.4","0.4","0.4","0.35","0.344","0.35","0.35","0.35","0.339","0.35","0.35","0.35","0.35","0.35","0.379","0.35","0.351","0.371","0.372","0.35","0.362","0.381","0.38","0.35","0.341","0.168","0.35","0.386","0.396","0.35","0.35","0.369","0.381","0.382","0.38","0.379","0.377","0.379","0.375","0.381","0.339","0.38","0.38","0.375","0.337","0.376","0.372","0.373","0.319","0.356","0.399"
TaxEffectOfUnusualItems,"0","0","0","0","0","0","0","0","0","-243,243.243","0","-480,000","-714,000","-12,890,625","7,680,000","-2,704,000","-10,000,000","-58,443,037.975","-36,062,000","-30,820,000","0","0","0","0","0","0","0","0","0","0","0","0","0","0","0","0","0","0","0","0","0","0","0","0","0","-1,708,000","0","608,554.365","577,999.59","634,550","582,048.249","349,478.147","1,241,450","1,393,154.986","1,890,429.365","1,868,300","0","288,504.052","0","-197,968,343.383","0","0","0","0","0","357,737.498","0","-508,894.085","0","10,125.907","337.404","-7,147.935","431,727.844","4,474.394","10,222.093","7,469.276","0"