name,ttm,12/31/2021,09/30/2021,06/30/2021,03/31/2021,12/31/2020,09/30/2020,06/30/2020,03/31/2020,12/31/2019,09/30/2019,06/30/2019,03/31/2019,12/31/2018,09/30/2018,06/30/2018,03/31/2018,12/31/2017,09/30/2017,06/30/2017,03/31/2017,12/31/2016,09/30/2016,06/30/2016,03/31/2016,12/31/2015,09/30/2015,06/30/2015,03/31/2015,12/31/2014,09/30/2014,06/30/2014,03/31/2014,09/30/2013,05/31/2013,02/28/2013,11/30/2012,08/31/2012,05/31/2012,02/29/2012,11/30/2011,08/31/2011,05/31/2011,02/28/2011,11/30/2010,08/31/2010,05/31/2010,02/28/2010,11/30/2009,08/31/2009,05/31/2009,02/28/2009,11/30/2008,08/31/2008,05/31/2008,02/29/2008,11/30/2007,08/31/2007,05/31/2007,02/28/2007,11/30/2006,08/31/2006,05/31/2006,02/28/2006,11/30/2005,08/31/2005,05/31/2005,02/28/2005,11/30/2004,09/30/2004,06/30/2004,03/31/2004,12/31/2003,09/30/2003,06/30/2003,03/31/2003,12/31/2002,09/30/2002,06/30/2002,03/31/2002,12/31/2001,09/30/2001,06/30/2001,03/31/2001,12/31/2000,09/30/2000,06/30/2000,03/31/2000,12/31/1999,09/30/1999,06/30/1999,03/31/1999,12/31/1998,09/30/1998,06/30/1998,03/31/1998,12/31/1997,09/30/1997,06/30/1997,03/31/1997,12/31/1996,09/30/1996,06/30/1996,03/31/1996,12/31/1995,09/30/1995,06/30/1995,03/31/1995,12/31/1994,09/30/1994,06/30/1994,03/31/1994,12/31/1993,09/30/1993,06/30/1993,03/31/1993,12/31/1992,09/30/1992,06/30/1992,03/31/1992,12/31/1991,09/30/1991,06/30/1991,03/31/1991,12/31/1990,09/30/1990,06/30/1990,03/31/1990,12/31/1989,09/30/1989,06/30/1989,03/31/1989,12/31/1988,09/30/1988,06/30/1988,03/31/1988,12/31/1987,09/30/1987
TotalRevenue,"12,357,400,000","3,841,000,000","3,418,600,000","2,800,700,000","2,297,100,000","2,457,400,000","2,381,500,000","2,044,700,000","1,798,100,000","2,076,300,000","2,753,400,000","2,176,900,000","1,899,700,000","2,520,500,000","2,928,100,000","2,205,000,000","1,933,700,000","2,091,900,000","1,984,800,000","1,754,600,000","1,578,100,000","1,862,100,000","1,952,200,000","1,674,600,000","1,674,000,000","2,163,200,000","2,105,500,000","2,487,500,000","2,139,100,000","2,378,600,000","2,250,700,000","2,440,200,000","1,986,200,000","1,908,700,000","2,692,200,000","2,240,600,000","2,536,200,000","2,505,100,000","2,820,500,000","2,189,500,000","3,014,500,000","3,083,300,000","2,860,400,000","2,214,300,000","2,674,800,000","2,188,300,000","1,860,300,000","1,731,900,000","1,709,700,000","1,457,200,000","1,593,500,000","1,375,500,000","3,006,500,000","4,322,500,000","3,466,700,000","2,147,200,000","2,195,400,000","2,003,300,000","1,684,400,000","1,278,700,000","1,522,000,000","1,288,600,000","1,331,500,000","1,073,200,000","1,493,300,000","1,403,600,000","1,449,700,000","1,144,500,000","1,077,700,000","612,200,000","748,800,000","584,200,000","604,100,000","495,700,000","538,700,000","552,100,000","481,000,000","490,200,000","588,300,000","497,900,000","525,800,000","405,900,000","506,900,000","520,100,000","485,900,000","483,400,000","505,800,000","620,800,000","209,000,000","625,500,000","765,400,000","769,400,000","40,800,000","756,800,000","1,221,800,000","676,800,000","676,900,000","598,700,000","1,048,200,000","664,800,000","665,400,000","603,600,000","955,100,000","717,000,000","549,600,000","484,900,000","501,400,000","550,000,000","451,800,000","420,800,000","435,600,000","410,500,000","329,000,000","266,400,000","255,900,000","222,800,000","197,500,000","220,900,000","279,700,000","267,500,000","252,600,000","258,700,000","302,600,000","286,100,000","276,400,000","266,100,000","307,100,000","284,400,000","263,200,000","251,000,000","319,700,000","322,600,000","310,800,000","268,600,000","314,900,000","290,900,000","253,400,000","226,400,000"
	OperatingRevenue,"12,357,400,000","3,841,000,000","3,418,600,000","2,800,700,000","2,297,100,000","2,457,400,000","2,381,500,000","2,044,700,000","1,798,100,000","2,076,300,000","2,753,400,000","2,176,900,000","1,899,700,000","2,520,500,000","2,928,100,000","2,205,000,000","1,933,700,000","2,091,900,000","1,984,800,000","1,754,600,000","1,578,100,000","1,862,100,000","1,952,200,000","1,674,600,000","1,674,000,000","2,163,200,000","2,105,500,000","2,487,500,000","2,139,100,000","2,378,600,000","2,250,700,000","2,440,200,000","1,986,200,000","1,908,700,000","2,692,200,000","2,240,600,000","2,536,200,000","2,505,100,000","2,820,500,000","2,189,500,000","3,014,500,000","3,083,300,000","2,860,400,000","2,214,300,000","2,674,800,000","2,188,300,000","1,860,300,000","1,731,900,000","1,709,700,000","1,457,200,000","1,593,500,000","1,375,500,000","3,006,500,000","4,322,500,000","3,466,700,000","2,147,200,000","2,195,400,000","2,003,300,000","1,684,400,000","1,278,700,000","1,522,000,000","1,288,600,000","1,331,500,000","1,073,200,000","1,493,300,000","1,403,600,000","1,449,700,000","1,144,500,000","1,077,700,000","612,200,000","748,800,000","584,200,000","604,100,000","495,700,000","538,700,000","552,100,000","481,000,000","490,200,000","588,300,000","497,900,000","525,800,000","405,900,000","506,900,000","520,100,000","485,900,000","483,400,000","505,800,000","620,800,000","209,000,000","625,500,000","765,400,000","769,400,000","40,800,000","756,800,000","1,221,800,000","676,800,000","676,900,000","598,700,000","1,048,200,000","664,800,000","665,400,000","603,600,000","955,100,000","717,000,000","549,600,000","484,900,000","501,400,000","550,000,000","451,800,000","420,800,000","435,600,000","410,500,000","329,000,000","266,400,000","255,900,000","222,800,000","197,500,000","220,900,000","279,700,000","267,500,000","252,600,000","258,700,000","302,600,000","286,100,000","276,400,000","266,100,000","307,100,000","284,400,000","263,200,000","251,000,000","319,700,000","322,600,000","310,800,000","268,600,000","314,900,000","290,900,000","253,400,000","226,400,000"
CostOfRevenue,"9,157,100,000","2,692,400,000","2,554,100,000","2,048,400,000","1,862,200,000","2,046,000,000","2,026,400,000","1,787,700,000","1,756,700,000","1,995,600,000","2,473,500,000","1,949,700,000","1,590,200,000","2,054,300,000","2,432,600,000","1,910,400,000","1,691,600,000","1,811,800,000","1,744,000,000","1,562,300,000","1,448,500,000","1,656,200,000","1,738,900,000","1,520,600,000","1,437,300,000","1,807,700,000","1,770,200,000","1,879,600,000","1,719,900,000","1,799,500,000","1,836,000,000","1,919,100,000","1,574,600,000","1,521,800,000","1,923,600,000","1,672,200,000","1,860,300,000","1,757,800,000","1,986,700,000","1,667,700,000","2,133,300,000","2,235,100,000","1,865,200,000","1,360,700,000","1,906,500,000","1,683,600,000","1,172,700,000","1,255,400,000","1,402,700,000","1,235,000,000","1,389,400,000","1,235,200,000","2,232,800,000","2,673,900,000","2,179,000,000","1,419,300,000","1,572,300,000","1,481,500,000","1,228,200,000","1,165,600,000","1,361,500,000","1,092,300,000","1,165,300,000","1,059,200,000","1,284,100,000","1,154,800,000","1,204,100,000","1,008,000,000","1,016,500,000","621,400,000","620,500,000","505,400,000","546,900,000","451,600,000","494,900,000","516,000,000","428,800,000","424,500,000","511,900,000","429,200,000","484,700,000","385,400,000","446,300,000","410,400,000","475,800,000","368,300,000","337,100,000","411,000,000","142,800,000","445,400,000","513,400,000","492,500,000","-96,700,000","495,900,000","851,500,000","455,400,000","475,900,000","492,300,000","732,500,000","450,000,000","439,200,000","405,900,000","692,300,000","471,400,000","368,300,000","340,400,000","358,800,000","367,000,000","304,000,000","311,300,000","307,400,000","305,200,000","268,200,000","233,600,000","222,600,000","185,900,000","149,100,000","152,700,000","214,600,000","186,400,000","165,100,000","179,400,000","226,100,000","205,000,000","185,700,000","182,400,000","226,200,000","209,300,000","178,700,000","167,700,000",,,,,,,,
GrossProfit,"3,200,300,000","1,148,600,000","864,500,000","752,300,000","434,900,000","411,400,000","355,100,000","257,000,000","41,400,000","80,700,000","279,900,000","227,200,000","309,500,000","466,200,000","495,500,000","294,600,000","242,100,000","280,100,000","240,800,000","192,300,000","129,600,000","205,900,000","213,300,000","154,000,000","236,700,000","355,500,000","335,300,000","607,900,000","419,200,000","579,100,000","414,700,000","521,100,000","411,600,000","386,900,000","768,600,000","568,400,000","675,900,000","747,300,000","833,800,000","521,800,000","881,200,000","848,200,000","995,200,000","853,600,000","768,300,000","504,700,000","687,600,000","476,500,000","307,000,000","222,200,000","204,100,000","140,300,000","773,700,000","1,648,600,000","1,287,700,000","727,900,000","623,100,000","521,800,000","456,200,000","113,100,000","160,500,000","196,300,000","166,200,000","14,000,000","209,200,000","248,800,000","245,600,000","136,500,000","61,200,000","-9,200,000","128,300,000","78,800,000","57,200,000","44,100,000","43,800,000","36,100,000","52,200,000","65,700,000","76,400,000","68,700,000","41,100,000","20,500,000","60,600,000","109,700,000","10,100,000","115,100,000","168,700,000","209,800,000","66,200,000","180,100,000","252,000,000","276,900,000","137,500,000","260,900,000","370,300,000","221,400,000","201,000,000","106,400,000","315,700,000","214,800,000","226,200,000","197,700,000","262,800,000","245,600,000","181,300,000","144,500,000","142,600,000","183,000,000","147,800,000","109,500,000","128,200,000","105,300,000","60,800,000","32,800,000","33,300,000","36,900,000","48,400,000","68,200,000","65,100,000","81,100,000","87,500,000","79,300,000","76,500,000","81,100,000","90,700,000","83,700,000","80,900,000","75,100,000","84,500,000","83,300,000",,,,,,,,
OperatingExpense,"573,700,000","178,900,000","162,900,000","110,200,000","121,700,000","116,600,000","256,600,000","171,200,000","107,600,000","167,000,000","156,000,000","99,700,000","107,400,000","208,200,000","102,200,000","98,300,000","161,400,000","153,000,000","26,900,000","97,700,000","99,500,000","132,300,000","143,600,000","141,700,000","73,300,000","151,200,000","89,300,000","97,900,000","100,700,000","146,400,000","102,100,000","117,900,000","145,000,000","120,000,000","147,900,000","149,300,000","102,800,000","137,100,000","99,200,000","108,100,000","84,200,000","118,600,000","170,300,000","82,800,000","110,100,000","94,400,000","140,000,000","87,600,000","106,900,000","88,000,000","78,400,000","96,000,000","91,700,000","99,700,000","98,800,000","81,300,000","83,200,000","72,200,000","98,100,000","78,900,000","69,800,000","65,100,000","61,100,000","58,400,000","68,300,000","248,600,000","69,100,000","63,800,000","48,900,000","17,600,000","20,100,000","16,800,000","3,100,000","21,300,000","5,600,000","18,300,000","23,600,000","18,700,000","19,000,000","19,400,000","19,100,000","20,200,000","19,600,000","22,900,000","9,400,000","82,700,000","90,700,000","91,500,000","63,200,000","109,500,000","114,500,000","109,800,000","15,900,000","134,700,000","169,500,000","122,000,000","279,600,000","22,200,000","126,600,000","106,500,000","99,900,000","98,600,000","107,100,000","121,700,000","53,800,000","48,200,000","54,700,000","52,300,000","55,500,000","47,100,000","60,100,000","43,400,000","42,700,000","39,300,000","65,100,000","200,000,000","29,800,000","32,600,000","41,400,000","38,100,000","36,200,000","35,900,000","40,400,000","40,200,000","39,100,000","36,500,000","44,300,000","36,800,000","36,800,000","38,200,000",,,,,,,,
	SellingGeneralAndAdministration,"430,500,000","123,500,000","97,700,000","107,600,000","101,700,000","110,900,000","97,600,000","95,100,000","67,900,000","104,300,000","78,200,000","78,100,000","93,500,000","89,700,000","78,500,000","79,300,000","93,600,000","83,100,000","66,100,000","71,200,000","80,900,000","74,600,000","66,900,000","72,900,000","89,800,000","94,900,000","76,600,000","89,300,000","100,400,000","91,100,000","83,900,000","87,500,000","120,000,000","94,400,000","122,400,000","90,400,000","102,800,000","111,700,000","117,100,000","91,300,000","100,600,000","101,100,000","111,500,000","83,600,000","89,300,000","88,100,000","113,700,000","82,300,000","82,900,000","81,400,000","83,300,000","71,300,000","91,700,000","99,700,000","107,900,000","81,200,000","83,200,000","72,200,000","95,900,000","77,800,000","70,400,000","65,700,000","54,600,000","61,800,000","66,900,000","57,000,000","65,800,000","64,800,000","45,400,000","17,600,000","20,100,000","16,800,000","17,900,000","21,300,000","22,100,000","18,300,000","23,600,000","18,700,000","19,000,000","19,400,000","19,100,000","20,200,000","19,600,000","22,900,000","800,000","31,200,000","35,400,000","35,300,000","34,500,000","41,000,000","45,200,000","43,800,000","-41,900,000","65,400,000","93,100,000","73,800,000","237,900,000","65,100,000","69,400,000","63,200,000","58,200,000","56,400,000","63,000,000","60,100,000","21,600,000","17,500,000","20,000,000","19,300,000","21,600,000","14,300,000","20,600,000","15,800,000","15,700,000","13,900,000","51,600,000","184,000,000","13,800,000","16,200,000","24,700,000","15,900,000","13,900,000","13,600,000","19,100,000","17,200,000","15,800,000","13,000,000","16,500,000","15,200,000","15,700,000","14,900,000",,,,,,,,
	DepreciationAmortizationDepletionIncomeStatement,,,,,,,,,,,,,,,,,,,,,,,,,,,,,,,,,,,,,,,,,,,,,,,,,,,,,,,,,,,,,,,,,,,,,,,,,,,,,,,,,,,,"43,000,000","8,600,000","51,500,000","55,300,000","56,200,000","28,700,000","68,500,000","69,300,000","66,000,000","57,800,000","69,300,000","76,400,000","48,200,000","41,700,000","-42,900,000","57,200,000","43,300,000","41,700,000","42,200,000","44,100,000","61,600,000","32,200,000","30,700,000","34,700,000","33,000,000","33,900,000","32,800,000","39,500,000","27,600,000","27,000,000","25,400,000","13,500,000","16,000,000","16,000,000","16,400,000","16,700,000","22,200,000","22,300,000","22,300,000","21,300,000","23,000,000","23,300,000","23,500,000","27,800,000","21,600,000","21,100,000","23,300,000",,,,,,,,
		DepreciationAndAmortizationInIncomeStatement,,,,,,,,,,,,,,,,,,,,,,,,,,,,,,,,,,,,,,,,,,,,,,,,,,,,,,,,,,,,,,,,,,,,,,,,,,,,,,,,,,,,"43,000,000","8,600,000","51,500,000","55,300,000","56,200,000","28,700,000","68,500,000","69,300,000","66,000,000","57,800,000","69,300,000","76,400,000","48,200,000","41,700,000","-42,900,000","57,200,000","43,300,000","41,700,000","42,200,000","44,100,000","61,600,000","32,200,000","30,700,000","34,700,000","33,000,000","33,900,000","32,800,000","39,500,000","27,600,000","27,000,000","25,400,000","13,500,000","16,000,000","16,000,000","16,400,000","16,700,000","22,200,000","22,300,000","22,300,000","21,300,000","23,000,000","23,300,000","23,500,000","27,800,000","21,600,000","21,100,000","23,300,000",,,,,,,,
	OtherOperatingExpenses,"143,200,000","55,400,000","65,200,000","2,600,000","20,000,000","5,700,000","159,000,000","76,100,000","39,700,000","62,700,000","77,800,000","21,600,000","13,900,000","118,500,000","23,700,000","19,000,000","67,800,000","69,900,000","-39,200,000","26,500,000","18,600,000","57,700,000","76,700,000","68,800,000","-16,500,000","56,300,000","12,700,000","8,600,000","300,000","55,300,000","18,200,000","30,400,000","25,000,000","25,600,000","25,500,000","58,900,000",,"25,400,000","45,900,000","16,800,000","-16,400,000","17,500,000","58,800,000","-800,000","20,800,000","6,300,000","26,300,000","5,300,000","24,000,000","6,600,000","-4,900,000","24,700,000",,,,"100,000",,,"2,200,000","1,100,000","-600,000","-600,000","6,500,000","-3,400,000","1,400,000","191,600,000",,"-1,000,000","3,500,000",,,,"-14,800,000",,"-16,500,000",,,,,,,,,"-43,000,000",,,,,,,,,,,,,,,,,,,,,,,,,,,,,,,,,,,,,,,,,,,,,,,,,,,,,,
OperatingIncome,"2,626,600,000","969,700,000","701,600,000","642,100,000","313,200,000","294,800,000","98,500,000","85,800,000","-66,200,000","-86,300,000","123,900,000","127,500,000","202,100,000","258,000,000","393,300,000","196,300,000","80,700,000","127,100,000","213,900,000","94,600,000","30,100,000","73,600,000","69,700,000","12,300,000","163,400,000","204,300,000","246,000,000","510,000,000","318,500,000","432,700,000","312,600,000","403,200,000","266,600,000","266,900,000","620,700,000","419,100,000","573,100,000","610,200,000","734,600,000","413,700,000","797,000,000","729,600,000","824,900,000","770,800,000","658,200,000","410,300,000","547,600,000","388,900,000","200,100,000","134,200,000","125,700,000","44,300,000","682,000,000","1,548,900,000","1,188,900,000","646,600,000","539,900,000","449,600,000","358,100,000","34,200,000","90,700,000","131,200,000","105,100,000","-44,400,000","140,900,000","200,000","176,500,000","72,700,000","12,300,000","-26,800,000","108,200,000","62,000,000","54,100,000","22,800,000","38,200,000","17,800,000","28,600,000","47,000,000","57,400,000","49,300,000","22,000,000","300,000","41,000,000","86,800,000","700,000","32,400,000","78,000,000","118,300,000","3,000,000","70,600,000","137,500,000","167,100,000","121,600,000","126,200,000","200,800,000","99,400,000","-78,600,000","84,200,000","189,100,000","108,300,000","126,300,000","99,100,000","155,700,000","123,900,000","127,500,000","96,300,000","87,900,000","130,700,000","92,300,000","62,400,000","68,100,000","61,900,000","18,100,000","-6,500,000","-31,800,000","-163,100,000","18,600,000","35,600,000","23,700,000","43,000,000","51,300,000","43,400,000","36,100,000","40,900,000","51,600,000","47,200,000","36,600,000","38,300,000","47,700,000","45,100,000","-636,100,000","322,600,000","310,800,000","268,600,000","-562,500,000","290,900,000","253,400,000","226,400,000"
NetNonOperatingInterestIncomeExpense,"-169,100,000","-39,000,000","-47,800,000","-37,300,000","-45,000,000","-47,200,000","-43,000,000","-49,300,000","-41,100,000","-46,700,000","-43,200,000","-46,000,000","-47,000,000","-30,700,000","-40,900,000","-45,100,000","-49,400,000","-39,700,000","-36,200,000","-36,400,000","-25,800,000","-27,200,000","-25,500,000","-33,500,000","-26,100,000","-18,800,000","-24,200,000","-23,500,000","-31,300,000","-31,000,000","-25,200,000","-24,600,000","-26,700,000","1,800,000","4,900,000","3,600,000","4,400,000","5,900,000","5,400,000","4,100,000","4,100,000","5,100,000","7,700,000","-200,000","-5,600,000","-7,000,000","-12,800,000","-10,000,000","0","-14,900,000",,,,,,,,,,,,,,,,,,,,,,,,,,,,,,,,,,,,,,,,,,,,,,,,,,,,,,,,,,,,,,,,,,,,,,,,,,,,,,,,,,,,,,,,
	InterestIncomeNonOperating,"25,200,000","7,500,000","6,800,000","6,500,000","4,400,000","8,300,000","7,800,000","7,700,000","9,700,000","8,200,000","9,900,000","7,100,000","7,900,000","13,200,000","16,800,000","10,600,000","9,100,000","11,200,000","7,000,000","7,900,000","7,100,000","9,100,000","8,200,000","5,400,000","5,700,000","12,900,000","11,100,000","8,300,000","3,500,000","4,800,000","6,200,000","6,000,000","4,400,000","3,500,000","4,900,000","3,600,000","4,400,000","5,900,000","6,800,000","4,100,000","4,100,000","5,100,000","7,700,000","4,600,000","4,800,000","5,400,000","3,800,000","4,300,000","16,000,000","3,900,000",,,,,,,,,,,,,,,,,,,,,,,,,,,,,,,,,,,,,,,,,,,,,,,,,,,,,,,,,,,,,,,,,,,,,,,,,,,,,,,,,,,,,,,,
	InterestExpenseNonOperating,"194,300,000","46,500,000","54,600,000","43,800,000","49,400,000","55,500,000","50,800,000","57,000,000","50,800,000","54,900,000","53,100,000","53,100,000","54,900,000","43,900,000","57,700,000","55,700,000","58,500,000","50,900,000","43,200,000","44,300,000","32,900,000","36,300,000","33,700,000","38,900,000","31,800,000","31,700,000","35,300,000","31,800,000","34,800,000","35,800,000","31,400,000","30,600,000","31,100,000","1,700,000","0","0",,"0","1,400,000","0","0","0","0","4,800,000","10,400,000","12,400,000","16,600,000","14,300,000","16,000,000","18,800,000",,,,,,,,,,,,,,,,,,,,,,,,,,,,,,,,,,,,,,,,,,,,,,,,,,,,,,,,,,,,,,,,,,,,,,,,,,,,,,,,,,,,,,,,
	TotalOtherFinanceCost,,,,,,,,,,"46,700,000","43,200,000",,"47,000,000","30,700,000","40,900,000","45,100,000","49,400,000",,,,"25,800,000",,,,,,,,,,,,,,"-4,900,000",,,,"-5,400,000",,,,,,"5.6","-7,000,000",,,"-11,900,000","-14,900,000",,,,,,,,,,,,,,,,,,,,,,,,,,,,,,,,,,,,,,,,,,,,,,,,,,,,,,,,,,,,,,,,,,,,,,,,,,,,,,,,,,,,,,,,
OtherIncomeExpense,"-232,700,000","-44,800,000","-99,500,000","-45,600,000","-42,800,000","111,300,000","10,500,000","36,500,000","-209,700,000","-1,081,100,000","-28,500,000","-352,300,000","21,500,000","-82,000,000","-9,800,000","-81,100,000","-37,800,000","-28,200,000","59,700,000","10,500,000","4,400,000","-34,700,000","-31,900,000","14,000,000","88,400,000","-43,800,000","-49,700,000","-23,800,000","39,500,000","-20,500,000","-2,800,000","-45,500,000","-21,500,000","-152,000,000","0","31,900,000","-30,000,000","-29,300,000","-50,900,000","-63,100,000","54,300,000","-5,000,000","4,200,000","-47,800,000","654,400,000","1,400,000","-56,600,000","21,600,000","17,000,000","13,500,000","-1,438,300,000","28,000,000","738,800,000","148,000,000","44,900,000","59,600,000","-16,000,000","-7,600,000","-56,400,000","63,500,000","42,500,000","30,700,000","-312,600,000","-6,700,000","12,900,000","-23,700,000","15,500,000","49,500,000","-6,400,000","-23,000,000","5,600,000","-4,200,000","4,100,000","-24,900,000","27,200,000","-30,100,000","-3,200,000","7,500,000","-9,600,000","-2,100,000","-900,000","-13,900,000","-7,600,000","-3,800,000","-2,700,000","500,000","4,800,000","-700,000","-691,400,000","-3,700,000","3,100,000","2,500,000","-224,500,000","-700,000","4,900,000","4,100,000","3,500,000","2,700,000","-1,300,000","1,300,000","3,100,000","2,600,000","2,900,000","-46,400,000","4,600,000","3,000,000","4,000,000","1,400,000","500,000","8,800,000","11,900,000","3,900,000","-17,500,000","6,800,000",,"-300,000","1,300,000","9,600,000","-12,100,000","35,100,000","1,000,000","900,000","16,200,000","1,500,000","200,000","200,000","2,600,000","400,000","2,500,000","3,400,000",,,,,,,,
	GainOnSaleOfSecurity,"-78,500,000","-43,700,000","-100,100,000","111,100,000","-45,800,000","110,000,000","5,800,000","34,100,000","-214,200,000","30,600,000","-53,800,000","20,800,000","22,600,000","-78,800,000","-2,200,000","-78,700,000","-32,200,000","-26,700,000","58,600,000","9,100,000","8,900,000","-30,100,000","-32,400,000","14,700,000","87,800,000","-41,100,000","-48,600,000","-16,000,000","45,100,000","47,300,000","27,100,000","-38,700,000","43,400,000","-29,600,000","-2,900,000","32,300,000","-17,000,000","-28,300,000","11,500,000","-44,000,000","55,100,000","-5,700,000","4,300,000","-31,700,000","-30,900,000","2,000,000",,,,,,,,,,,,,,,,,,,,,,,,,,,,,,,,,,,,,,,,,,,,,,,,,,,,,,,,,,,,,,,,,,,,,,,,,,,,,,,,,,,,,,,,,,,,
	EarningsFromEquityInterest,,,,,,,,,,,,,,,,,,,,,,,,,,,,,,,,,,,,,,,"0","0","0",,"0","0","685,600,000",,"0","0","0",,"-767,900,000","6,000,000","28,700,000","59,800,000","35,800,000","30,900,000","45,500,000","11,800,000","16,500,000","5,500,000","15,400,000","3,900,000","19,400,000","2,000,000","12,900,000","14,200,000","11,300,000","19,000,000","15,800,000",,,,,,,,,,,,,,,,,,,,,,,,,,,,,,,,,,,,,,,,,,,,,,,,,,,,,,,,,,,,,,,,,,,,,
	SpecialIncomeCharges,"-158,100,000","0","0","-158,100,000",,"0","0","0",,"-1,108,300,000","15,600,000","-369,400,000",,,,,,,,,,,,,,,"0",,,"-68,100,000","-35,300,000",,,"-122,800,000",,,"-13,000,000","-1,000,000","-62,400,000","-19,100,000","-800,000","700,000","-100,000","-16,100,000","-300,000","-600,000","-24,200,000","21,600,000","17,000,000","13,500,000","-670,400,000","22,000,000","710,100,000","88,200,000","9,100,000","28,700,000","-61,500,000","-19,400,000","-72,900,000","58,000,000","27,100,000","26,800,000","-332,000,000","-8,700,000",,"-37,900,000","4,200,000","30,500,000","-22,200,000","-23,000,000","5,600,000","-4,200,000","4,100,000","-24,900,000","27,200,000","-30,100,000","-3,200,000","7,500,000","-9,600,000","-2,100,000","-900,000","-13,900,000","-7,600,000","-3,800,000","-2,700,000","500,000","4,800,000","-700,000","-691,400,000","-3,700,000","3,100,000","2,500,000","-224,500,000","-700,000","4,900,000","4,100,000","3,500,000","2,700,000","-1,300,000","1,300,000","3,100,000","2,600,000","2,900,000","-46,400,000","4,600,000","3,000,000","4,000,000","1,400,000","500,000","8,800,000","11,900,000","3,900,000","-17,500,000","6,800,000",,"-300,000","1,300,000","9,600,000","-12,100,000","35,100,000","1,000,000","900,000","16,200,000","1,500,000","200,000","200,000","2,600,000","400,000","2,500,000","3,400,000",,,,,,,,
		RestructuringAndMergernAcquisition,,,,,,,,,,,"-15,600,000","369,400,000",,,,,,,,,,,,,,,"0",,,"58,400,000","67,000,000",,,,,,,,,,,,,,,,,,,,,"600,000",,,"8,800,000","-800,000","10,300,000",,"-1,700,000",,,"-400,000",,,,,,,,,,,"600,000","2,200,000","300,000","3,400,000",,,,,"0","6,400,000",,"4,600,000",,,,,,,,,,,,,,,,,,,,,,,,,,,,,,,,,,,,,,,,,,,,,,,,,,,,,,
		ImpairmentOfCapitalAssets,,,,,,,,,,,,,,,,,,,,,,,,,,,,,,,,,,"122,800,000",,,,,,,,,,,,,,,,,,,,,,,,,,,,,,,,,,,,,,,,,,,,,,,,,,,,,,,,,,,,,,,,,,,,,,,,,,,,,,,,,,,,,,,,,,,,,,,,,,,,,,,,
		WriteOff,"158,100,000","0",,,,"0","0","0",,"1,108,300,000",,,,,,,,,,,,,,,,,,,,,,,,,,,,,,,,,,,,,,,,,,,,,,,,,,,,,,,,,,,,,,,,,,,,,,,,,,,,,,,,,,,,,,,,,,,,,,,,,,,,,,,,,,,,,,,,,,,,,,,,,,,,,,,,
		OtherSpecialCharges,,,,,,,,,,,,,,,,,,,,,,,,,,,,,,,,,,,,,,,,,,,,,,,,,,,,"-22,600,000",,,"-17,900,000","-27,900,000","51,200,000",,"74,600,000",,,"-26,400,000",,,,,,,,,,,"-4,700,000","22,700,000","-27,500,000","26,700,000",,,,,"900,000","7,500,000",,"-800,000",,,,,,,,,,,,,,,,,,,,,,,,,,,,,,,,,,,,,,,,,,,,,,,,,,,,,,
		GainOnSaleOfBusiness,,,,,,,,,,,,,,,,,,,,,,,,,,,"0",,,"-9,700,000","31,700,000",,,,,,,,,,,,,,,,,,,,,,,,,,,,,,,,,,,,,,,,,,,,,,,,,,,,,,,,,,,,,,,,,,,,,,,,,,,,,,,,,,,,,,,,,,,,,,,,,,,,,,,,,,,
		GainOnSaleOfPPE,,,"0","-158,100,000",,,,,,,,,,,,,,,,,,,,,,,"0",,,"-9,700,000","31,700,000",,,,,,,,,,,,,,,,,,,,,,,,,,,,,,,,,,,,,,,,,,,,,,,,,,,,,,,,,,,,,,,,,,,,,,,,,,,,,,,,,,,,,,,,,,,,,,,,,,,,,,,,,,,
	OtherNonOperatingIncomeExpenses,"3,900,000","-1,100,000","600,000","1,400,000","3,000,000","1,300,000","4,700,000","2,400,000","4,500,000","-3,400,000","9,700,000","-3,700,000","-1,100,000","-3,200,000","-7,600,000","-2,400,000","-5,600,000","-1,500,000","1,100,000","1,400,000","-4,500,000","-4,600,000","500,000","-700,000","600,000","-2,700,000","-1,100,000","-7,800,000","-5,600,000","300,000","5,400,000","-6,800,000","-64,900,000","400,000","2,900,000","-400,000",,,,,,,,,,,,,,,,,,,,,,,,,,,,,,,,,,,,,,,,,,,,,,,,,,,,,,,,,,,,,,,,,,,,,,,,,,,,,,,,,,,,,,,,,,,,,,,,,,,,,,
PretaxIncome,"2,224,800,000","885,900,000","554,300,000","559,200,000","225,400,000","358,900,000","66,000,000","73,000,000","-317,000,000","-1,214,100,000","52,200,000","-270,800,000","176,600,000","145,300,000","342,600,000","70,100,000","-6,500,000","59,200,000","237,400,000","68,700,000","8,700,000","11,700,000","12,300,000","-7,200,000","225,700,000","141,700,000","172,100,000","462,700,000","326,700,000","381,200,000","284,600,000","333,100,000","218,400,000","116,700,000","625,600,000","454,600,000","547,500,000","586,800,000","689,100,000","354,700,000","855,400,000","729,700,000","836,800,000","722,800,000","1,307,000,000","404,700,000","736,900,000","232,000,000","120,800,000","100,000,000","-187,400,000","82,800,000","1,383,800,000","1,626,500,000","1,182,600,000","650,700,000","452,900,000","396,200,000","272,400,000","43,700,000","75,600,000","114,000,000","-261,500,000","-100,700,000","86,500,000","115,600,000","140,300,000","57,900,000","-31,400,000","-73,500,000","70,800,000","19,200,000","-148,100,000","-41,400,000","14,000,000","-46,600,000","-12,400,000","12,300,000","9,900,000","7,100,000","-11,800,000","-43,700,000","6,800,000","18,000,000","7,200,000","1,500,000","45,300,000","77,100,000","-679,500,000","21,200,000","83,500,000","109,100,000","-125,000,000","58,400,000","134,200,000","74,000,000","-111,400,000","42,000,000","139,100,000","61,600,000","76,300,000","45,000,000","100,900,000","2,600,000","70,700,000","49,600,000","52,000,000","75,200,000","45,500,000","34,700,000","36,700,000","21,700,000","-26,300,000","-24,300,000","-44,900,000","-173,800,000","6,900,000","34,500,000","8,800,000","62,400,000","36,800,000","33,400,000","44,700,000","28,700,000","41,500,000","37,900,000","30,000,000","27,200,000","36,200,000","34,200,000",,,,,,,,
TaxProvision,"597,700,000","245,500,000","176,600,000","115,900,000","59,700,000","-480,900,000","38,100,000","-2,700,000","-133,000,000","-288,800,000","69,200,000","-51,700,000","46,600,000","32,700,000","90,600,000","3,700,000","-49,900,000","490,200,000","17,600,000","-22,600,000","9,700,000","-5,500,000","-30,100,000","-9,800,000","-28,700,000","-14,300,000","10,100,000","72,600,000","30,700,000","27,000,000","77,600,000","82,700,000","-2,600,000","-6,600,000","146,900,000","108,900,000","-78,100,000","163,300,000","188,600,000","87,000,000","230,700,000","205,100,000","186,000,000","175,900,000","281,300,000","109,600,000","138,800,000","125,300,000","50,400,000","32,800,000","-330,300,000","30,700,000","451,200,000","497,700,000","354,000,000","159,200,000","100,900,000","100,800,000","85,300,000","6,600,000","24,100,000","7,400,000","-61,200,000","-27,200,000","42,300,000","51,500,000","54,100,000","38,500,000","-7,900,000","-6,700,000","28,100,000","7,600,000","-200,000","-13,300,000","-8,100,000","-14,900,000","20,700,000","3,900,000","3,200,000","2,300,000","2,100,000","-14,400,000","2,600,000","6,900,000","1,200,000","-300,000","17,000,000","28,900,000","65,200,000","8,000,000","31,300,000","40,900,000","-9,300,000","20,600,000","47,200,000","26,000,000","-45,100,000","15,300,000","50,800,000","22,500,000","27,800,000","16,400,000","34,500,000","10,900,000","27,100,000","19,400,000","20,300,000","29,500,000","17,600,000","12,900,000","19,600,000","16,300,000","-22,700,000","-1,800,000","-15,000,000","-60,100,000","3,000,000","14,800,000","1,200,000","23,900,000","14,700,000","13,400,000","15,400,000","10,100,000","16,600,000","14,900,000","6,200,000","10,300,000","14,300,000","14,200,000",,,,,,,,
EarningsFromEquityInterestNetOfTax,"7,800,000","21,000,000","-1,200,000","-4,500,000","-7,500,000","-11,500,000","-32,500,000","-29,800,000","-20,000,000","-25,100,000","-23,000,000","-11,200,000","-100,000","-600,000","-2,300,000","1,700,000","-3,300,000","1,200,000","9,800,000","5,800,000","-100,000","-2,600,000","-1,700,000","-13,700,000","2,500,000","-500,000","-1,300,000","900,000","-1,400,000","7,400,000","-4,100,000","-2,200,000","-3,300,000","2,500,000","6,700,000","-300,000","4,700,000","7,200,000","6,400,000","4,200,000","900,000","1,800,000","-5,600,000","-4,300,000","1,100,000","3,800,000","6,900,000","-8,500,000","-11,800,000","2,500,000",,,,,,,,,,,,,,,,,,,,,,,,,,,,,,,,,,,,,,,,,,,,,,,,,,,,,,,,,,,,,,,,,,,,,,,,,,,,,,,,,,,,,,,,
NetIncomeCommonStockholders,"1,630,600,000","664,800,000","371,900,000","437,200,000","156,700,000","827,900,000","-6,200,000","47,400,000","-203,000,000","-921,000,000","-44,100,000","-233,100,000","130,800,000","112,300,000","247,500,000","67,900,000","42,300,000","-431,100,000","227,500,000","97,300,000","-900,000","11,900,000","39,200,000","-10,200,000","256,800,000","155,000,000","160,000,000","390,600,000","294,800,000","357,600,000","201,400,000","242,100,000","205,100,000","124,400,000","485,900,000","344,600,000","628,800,000","429,400,000","507,300,000","273,300,000","623,600,000","526,000,000","649,200,000","542,100,000","1,025,600,000","297,700,000","396,100,000","222,600,000","107,800,000","100,600,000","146,900,000","58,800,000","959,800,000","1,184,700,000","862,500,000","520,800,000","394,000,000","305,500,000","202,600,000","42,200,000","65,900,000","109,000,000","-192,000,000","-71,600,000","55,000,000","76,100,000","94,100,000","38,800,000","-8,400,000","-66,800,000","42,700,000","9,200,000","-63,800,000","-28,100,000","-6,900,000","-36,600,000","-75,700,000","8,100,000","-47,400,000","4,800,000","-24,100,000","-29,300,000","-24,200,000","11,100,000","-414,500,000","-7,000,000","28,300,000","48,200,000","-899,400,000","13,200,000","52,200,000","60,700,000","-178,200,000","36,900,000","87,000,000","45,300,000","-87,900,000","26,700,000","85,000,000","39,100,000","47,900,000","21,100,000","66,400,000","-8,300,000","43,600,000","30,200,000","28,900,000","45,000,000","26,100,000","14,700,000","15,700,000","5,400,000","-3,600,000","-46,300,000","-77,000,000","-113,700,000","3,900,000","19,700,000","7,600,000","38,500,000","22,100,000","20,000,000","29,300,000","18,600,000","24,900,000","23,000,000","23,800,000","16,900,000","21,900,000","20,000,000",,,,,,,,
	NetIncome,"1,630,600,000","664,800,000","371,900,000","437,200,000","156,700,000","827,900,000","-6,200,000","47,400,000","-203,000,000","-921,000,000","-44,100,000","-233,100,000","130,800,000","112,300,000","247,500,000","67,900,000","42,300,000","-431,100,000","227,500,000","97,300,000","-900,000","11,900,000","39,200,000","-10,200,000","256,800,000","155,000,000","160,000,000","390,600,000","294,800,000","360,700,000","201,900,000","248,400,000","217,500,000","124,400,000","485,900,000","344,600,000","628,800,000","429,400,000","507,300,000","273,300,000","623,600,000","526,000,000","649,200,000","542,100,000","1,025,600,000","297,700,000","396,100,000","222,600,000","107,800,000","100,600,000","146,900,000","58,800,000","959,800,000","1,184,700,000","862,500,000","520,800,000","394,000,000","305,500,000","202,600,000","42,200,000","65,900,000","109,000,000","-180,900,000","-71,600,000","55,000,000","76,100,000","94,100,000","38,800,000","-8,400,000","-66,800,000","42,700,000","9,200,000","-63,800,000","-28,100,000","-6,900,000","-36,600,000","-75,700,000","8,100,000","-47,400,000","4,800,000","-24,100,000","-29,300,000","-24,200,000","11,100,000","-414,500,000","-7,000,000","28,300,000","48,200,000","-899,400,000","13,200,000","52,200,000","60,700,000","-178,200,000","36,900,000","87,000,000","45,300,000","-87,900,000","26,700,000","85,000,000","39,100,000","47,900,000","21,100,000","66,400,000","-8,300,000","43,600,000","30,200,000","28,900,000","45,000,000","26,100,000","14,700,000","15,700,000","5,400,000","-3,600,000","-46,300,000","-77,000,000","-113,700,000","3,900,000","19,700,000","7,600,000","38,500,000","22,100,000","20,000,000","29,300,000","18,600,000","24,900,000","23,000,000","23,800,000","16,900,000","21,900,000","20,000,000",,,,,,,,
		NetIncomeIncludingNoncontrollingInterests,"1,634,900,000","661,400,000","376,500,000","438,800,000","158,200,000","828,300,000","-4,600,000","45,900,000","-204,000,000","-950,400,000","-40,000,000","-230,300,000","129,900,000","112,000,000","249,700,000","68,100,000","40,100,000","-429,800,000","229,600,000","97,100,000","-1,100,000","14,600,000","40,700,000","-11,100,000","256,900,000","155,500,000","160,700,000","391,000,000","294,600,000","361,600,000","202,900,000","248,200,000","217,700,000","125,800,000","485,400,000","345,400,000","630,300,000","430,700,000","506,900,000","271,900,000","625,600,000","526,400,000","645,200,000","542,600,000","1,026,800,000","298,900,000","396,500,000","223,500,000","109,000,000","102,500,000","148,500,000","58,100,000","961,300,000","1,188,600,000","864,400,000","522,400,000","397,500,000","307,200,000","203,600,000","42,600,000","66,900,000","110,500,000","-180,900,000","-71,500,000","57,100,000","78,300,000","97,500,000","38,400,000","-7,700,000","-91,000,000","38,400,000","700,000","-67,200,000","-35,700,000","-18,000,000","-48,200,000","-80,800,000","6,500,000","-52,700,000","600,000","-35,800,000","-41,300,000","-33,600,000","3,500,000","-420,700,000","-13,000,000","26,800,000","49,500,000","-925,900,000","14,800,000","63,800,000","73,900,000","-194,500,000","50,100,000","98,800,000","50,700,000","-66,700,000","58,400,000","121,200,000","74,400,000","90,200,000","62,700,000","109,300,000","50,600,000","93,900,000","68,500,000","57,100,000","89,700,000","60,100,000","36,200,000","42,500,000","28,400,000","2,900,000","-47,500,000","-77,000,000","-113,700,000","3,900,000","19,700,000","7,600,000","38,500,000","22,100,000","20,000,000","29,300,000","18,600,000","24,900,000","23,000,000","23,800,000","16,900,000","21,900,000","20,000,000","30,000,000","38,800,000","37,000,000","31,500,000","28,300,000","27,600,000","28,700,000","27,100,000"
			NetIncomeContinuousOperations,"1,634,900,000","661,400,000","376,500,000","438,800,000","158,200,000","828,300,000","-4,600,000","45,900,000","-204,000,000","-950,400,000","-40,000,000","-230,300,000","129,900,000","112,000,000","249,700,000","68,100,000","40,100,000","-429,800,000","229,600,000","97,100,000","-1,100,000","14,600,000","40,700,000","-11,100,000","256,900,000","155,500,000","160,700,000","391,000,000","294,600,000","361,600,000","202,900,000","248,200,000","217,700,000","125,800,000","485,400,000","345,400,000","630,300,000","430,700,000","506,900,000","271,900,000","625,600,000","526,400,000","645,200,000","542,600,000","1,026,800,000","298,900,000","396,500,000","223,500,000","109,000,000","102,500,000","153,200,000","58,800,000","959,800,000","1,184,700,000","862,500,000","520,800,000","394,000,000","305,500,000","202,600,000","42,200,000","65,900,000","109,000,000","-180,900,000","-71,600,000","55,000,000","76,100,000","94,100,000","38,800,000","-8,400,000","-66,800,000","42,700,000","11,600,000","100,000","-28,100,000","22,100,000","-31,700,000","-33,100,000","8,400,000","6,700,000","4,800,000","-13,900,000","-29,300,000","4,200,000","11,100,000","6,000,000","1,800,000","28,300,000","48,200,000","-744,700,000","13,200,000","52,200,000","68,200,000","-115,700,000","37,800,000","87,000,000","48,000,000","-66,300,000","26,700,000","88,300,000","39,100,000","48,500,000","28,600,000","66,400,000","-8,300,000","43,600,000","30,200,000","31,700,000","45,700,000","27,900,000","21,800,000","17,100,000","5,400,000","-3,600,000","-22,500,000","-29,900,000","-113,700,000","3,900,000","19,700,000","7,600,000","38,500,000","22,100,000","20,000,000","29,300,000","18,600,000","24,900,000","23,000,000","23,800,000","16,900,000","21,900,000","20,000,000","30,000,000","38,800,000","37,000,000","31,500,000","28,300,000","27,600,000","28,700,000","27,100,000"
			NetIncomeDiscontinuousOperations,,,,,,,,,,,,,,,,,,,,,,,,,,,,,,,,,,,,,,,,,,,,,,,,,,,,,,,,,,,,,,,,,,,,,,,,"-2,400,000","-63,900,000",,"-29,000,000",,"-42,300,000",,"-54,100,000",,,,,,"-420,500,000","-8,800,000",,,,,,,,,,,,,,,,"-7,500,000",,,,,,,,,,,,,,,,,,,,,,,,,,,,,,,,,,,,
			NetIncomeExtraordinary,,,,,,,,,,,,,,,,,,,,,,,,,,,,,,,,,,,,,,,,,,,,,,,,,,,,,,,,,,,,,,,,,,,"0",,,,,,"0",,,"-4,900,000",,,,,"3,900,000",,"-28,400,000",,,,,,"0",,,"-7,500,000",,,,,,,,,,,,,,,"0",,,"-5,900,000",,,,,,,,,"0",,,,,,,,,,,,,,,,,,,
			NetIncomeFromTaxLossCarryforward,,,,,,,,,,,,,,,,,,,,,,,,,,,,,,,,,,,,,,,,,,,,,,,,,,,,,,,,,,,,,,,,,,,,,,,,,,,,,,"-300,000",,,,,,,,,,,,,,,"6,600,000","-900,000",,"-2,700,000","-21,600,000",,"-3,300,000",,"-600,000",,,,,,"-2,800,000","-700,000","-1,800,000","-1,200,000","-1,400,000",,,"-23,800,000",,,,,,,,,,,,,,,,,,,,,,,,
		MinorityInterests,"-4,300,000","3,400,000","-4,600,000","-1,600,000","-1,500,000","-400,000","-1,600,000","1,500,000","1,000,000","29,400,000","-4,100,000","-2,800,000","900,000","300,000","-2,200,000","-200,000","2,200,000","-1,300,000","-2,100,000","200,000","200,000","-2,700,000","-1,500,000","900,000","-100,000","-500,000","-700,000","-400,000","200,000","-900,000","-1,000,000","200,000","-200,000","-1,400,000","500,000","-800,000","-1,500,000","-1,300,000","400,000","1,400,000","-2,000,000","-400,000","4,000,000","-500,000","-1,200,000","-1,200,000","-400,000","-900,000","-1,200,000","-1,900,000","-1,600,000","700,000","-1,500,000","-3,900,000","-1,900,000","-1,600,000","-3,500,000","-1,700,000","-1,000,000","-400,000","-1,000,000","-1,500,000","0","-100,000","-2,100,000","-2,200,000","-3,400,000","400,000","-700,000","24,200,000","4,300,000","8,500,000","3,400,000","7,600,000","11,100,000","11,600,000","5,100,000","1,600,000","5,300,000","4,200,000","11,700,000","12,000,000","9,400,000","7,600,000","6,200,000","6,000,000","1,500,000","-1,300,000","26,500,000","-1,600,000","-11,600,000","-13,200,000","16,300,000","-13,200,000","-11,800,000","-5,400,000","-21,200,000","-31,700,000","-36,200,000","-35,300,000","-42,300,000","-41,600,000","-42,900,000","-58,900,000","-50,300,000","-38,300,000","-28,200,000","-44,700,000","-34,000,000","-21,500,000","-26,800,000","-23,000,000","-6,500,000","1,200,000",,,,,,,,,,,,,,,,,,,,,,,,
	OtherunderPreferredStockDividend,,,,,,,,,,,,,,,,,,,,,,,,,,"0","0","0","0","3,100,000","500,000","6,300,000","12,400,000",,,,,,,,,,,,,,,,,,,,,,,,,,,,,,,,,,,,,,,,,,,,,,,,,,,,,,,,,,,,,,,,,,,,,,,,,,,,,,,,,,,,,,,,,,,,,,,,,,,,,,,,,
DilutedNIAvailtoComStockholders,"1,630,600,000","664,800,000","371,900,000","437,200,000","156,700,000","827,900,000","-6,200,000","47,400,000","-203,000,000","-921,000,000","-44,100,000","-233,100,000","130,800,000","112,300,000","247,500,000","67,900,000","42,300,000","-431,100,000","227,500,000","97,300,000","-900,000","11,900,000","39,200,000","-10,200,000","256,800,000","155,000,000","160,000,000","390,600,000","294,800,000","357,600,000","201,400,000","242,100,000","205,100,000","124,400,000","485,900,000","344,600,000","628,800,000","429,400,000","507,300,000","273,300,000","623,600,000","526,000,000","649,200,000","542,100,000","1,025,600,000","297,700,000","396,100,000","222,600,000","107,800,000","100,600,000","146,900,000","58,800,000","959,800,000","1,184,700,000","862,500,000","520,800,000","394,000,000","305,500,000","202,600,000","42,200,000","65,900,000","109,000,000","-192,000,000","-71,600,000","55,000,000","76,100,000","94,100,000","38,800,000","-8,400,000","-66,800,000","42,700,000","9,200,000","-63,800,000","-28,100,000","-6,900,000","-36,600,000","-75,700,000","8,100,000","-47,400,000","4,800,000","-24,100,000","-29,300,000","-24,200,000","11,100,000","-414,500,000","-7,000,000","28,300,000","48,200,000","-899,400,000","13,200,000","52,200,000","60,700,000","-178,200,000","36,900,000","87,000,000","45,300,000","-87,900,000","26,700,000","85,000,000","39,100,000","47,900,000","21,100,000","66,400,000","-8,300,000","43,600,000","30,200,000","28,900,000","45,000,000","26,100,000","14,700,000","15,700,000","5,400,000","-3,600,000","-46,300,000","-77,000,000","-113,700,000","3,900,000","19,700,000","7,600,000","38,500,000","22,100,000","20,000,000","29,300,000","18,600,000","24,900,000","23,000,000","23,800,000","16,900,000","21,900,000","20,000,000",,,,,,,,
BasicEPS,,"1.78","0.98","1.15","0.413","2.18","-0.02","0.13","-0.54","-2.43","-0.11","-0.6","0.34","0.29","0.64","0.18","0.11",,"0.65","0.28","-0.003",,"0.11","-0.03","0.73",,"0.45","1.08","0.81",,"0.54","0.65","0.54","0.29","1.141","0.81","1.48","1.01","1.192","0.64","1.41","1.18",,"1.21","0","0.668",,"0.5","0.242","0.226",,"0.13","2.16","2.67",,"1.17","0.89","0.69",,"0.1","0.15","0.26",,"-0.19","0.14","0.19",,"0.1","-0.03","-0.6","0.35","0.06",,"-0.27","-0.06","-0.32",,"0.07","-0.41","0.04",,"-0.25","-0.2","0.1",,"-0.06","0.25","0.42",,"0.12","0.46","0.53",,"0.32","0.76","0.4",,"0.29",,"0.41","0.5","0.23",,"-0.09","0.73","0.51",,"0.76","0.44","0.25",,"0.11","-0.07","-1.05",,"-2.58","0.09","0.45",,"0.87","0.5","0.46",,"0.38","0.47","0.44",,"0.32","0.42","0.38",,"0.74","0.7","0.63",,"0.47","0.46","0.37"
DilutedEPS,,"1.76","0.97","1.14","0.41","2.17","-0.02","0.12","-0.54","-2.43","-0.11","-0.6","0.34","0.29","0.64","0.18","0.11",,"0.65","0.28","-0.003",,"0.11","-0.03","0.73",,"0.45","1.08","0.8",,"0.54","0.64","0.54","0.29","1.14","0.81","1.47","1.01","1.19","0.64","1.4","1.17",,"1.21","0","0.668",,"0.5","0.24","0.226",,"0.13","2.15","2.65",,"1.17","0.89","0.69",,"0.1","0.15","0.25",,"-0.19","0.13","0.18",,"0.09","-0.03","-0.6","0.32","0.06",,"-0.27","-0.06","-0.32",,"0.07","-0.41","0.04",,"-0.25","-0.2","0.1",,"-0.06","0.25","0.42",,"0.12","0.46","0.53",,"0.32","0.76","0.4",,"0.29",,"0.41","0.5","0.23",,"-0.09","0.7","0.51",,"0.76","0.44","0.25",,"0.11","-0.07","-1.05",,"-2.58","0.09","0.45",,"0.87","0.5","0.46",,"0.38","0.47","0.44",,"0.32","0.42","0.38",,"0.74","0.7","0.63",,"0.47","0.46","0.37"
BasicAverageShares,,"373,700,000","379,800,000","379,800,000","379,683,359","379,100,000","379,100,000","379,100,000","378,800,000","378,800,000","385,000,000","385,800,000","385,500,000","385,500,000","385,500,000","385,400,000","382,600,000",,"351,100,000","351,000,000","350,500,000",,"350,100,000","349,800,000","351,300,000",,"354,300,000","361,300,000","366,000,000",,"374,000,000","374,200,000","378,200,000","425,900,000","425,817,089","425,700,000","425,700,000","425,500,000","425,470,377","425,400,000","443,400,000","446,600,000",,"446,300,000","446,100,000","445,400,000",,"445,200,000","444,600,000","444,917,995",,"444,400,000","444,300,000","444,100,000",,"443,300,000","442,300,000","441,400,000",,"439,500,000","438,100,000","419,500,000",,"383,600,000","381,100,000","380,000,000",,"377,900,000","304,700,000","115,200,000","115,000,000","114,900,000",,"114,800,000","114,800,000","114,700,000",,"114,700,000","114,600,000","114,500,000",,"116,800,000","114,500,000","114,500,000",,"114,400,000","114,400,000","114,400,000",,"110,000,000","113,478,261","114,528,302",,"115,312,500","114,473,684","113,250,000",,"92,068,966",,"95,365,854","95,800,000","91,739,130",,"92,222,222","59,726,027","59,215,686",,"59,210,526","59,318,182","58,800,000",,"49,090,909","51,428,571","44,095,238",,"44,069,767","43,333,333","43,777,778",,"44,252,874","44,200,000","43,478,261",,"48,947,368","52,978,723","52,272,727",,"52,812,500","52,142,857","52,631,579",,,,,,,,
DilutedAverageShares,,"377,500,000","383,200,000","383,300,000","382,800,000","382,300,000","379,100,000","381,300,000","378,800,000","378,800,000","385,000,000","385,800,000","387,400,000","387,600,000","387,500,000","387,200,000","384,100,000",,"352,200,000","352,000,000","350,500,000",,"351,500,000","349,800,000","353,200,000",,"356,000,000","363,300,000","367,900,000",,"375,900,000","376,200,000","379,600,000","427,100,000","427,200,000","427,100,000","427,000,000","426,700,000","426,700,000","426,700,000","444,700,000","447,900,000",,"447,700,000","447,300,000","446,900,000",,"446,800,000","446,500,000","446,300,000",,"445,800,000","446,100,000","446,500,000",,"446,100,000","445,000,000","444,300,000",,"440,900,000","439,400,000","438,100,000",,"383,600,000","434,500,000","433,900,000",,"432,800,000","304,700,000","115,200,000","134,200,000","116,000,000",,"114,800,000","115,400,000","114,700,000",,"115,200,000","115,400,000","115,900,000",,"116,800,000","116,300,000","114,900,000",,"114,900,000","114,800,000","114,600,000",,"110,000,000","113,478,261","114,528,302",,"115,312,500","114,473,684","113,250,000",,"92,068,966",,"95,365,854","95,800,000","91,739,130",,"92,222,222","62,285,714","59,215,686",,"59,210,526","59,318,182","58,800,000",,"49,090,909","51,428,571","44,095,238",,"44,069,767","43,333,333","43,777,778",,"44,252,874","44,200,000","43,478,261",,"48,947,368","52,978,723","52,272,727",,"52,812,500","52,142,857","52,631,579",,,,,,,,
TotalOperatingIncomeAsReported,"2,468,500,000","969,700,000","701,600,000","484,000,000","313,200,000","294,800,000","98,500,000","85,800,000","-66,200,000","-1,194,600,000","139,500,000","-241,900,000","202,100,000","258,000,000","393,300,000","196,300,000","80,700,000","127,100,000","213,900,000","94,600,000","30,100,000","73,600,000","69,700,000","12,300,000","163,400,000","204,300,000","246,000,000","510,000,000","318,500,000","364,600,000","277,300,000","403,200,000","266,600,000","144,100,000","620,700,000","419,100,000","559,600,000","610,200,000","670,800,000","413,700,000","797,000,000","729,600,000","824,900,000","770,800,000","658,200,000","410,300,000","547,600,000","388,900,000","200,100,000","134,200,000","126,300,000","43,700,000","682,000,000","1,548,900,000","1,180,100,000","647,400,000","529,600,000","449,600,000","359,800,000","34,200,000","90,700,000","131,600,000","-182,500,000","-44,400,000","140,900,000","200,000","176,500,000","72,700,000","12,300,000","-26,800,000","108,200,000","62,000,000","53,500,000","20,600,000","37,900,000","14,400,000","28,600,000","47,000,000","57,400,000","49,300,000","22,000,000","-6,100,000","41,000,000","39,200,000","700,000","32,400,000","78,000,000","118,300,000","3,000,000","70,600,000","137,500,000","167,100,000","121,600,000","126,200,000","200,800,000","99,400,000","-78,600,000","84,200,000","189,100,000","108,300,000","126,300,000","99,100,000","155,700,000","123,900,000","127,500,000","96,300,000","87,900,000","130,700,000","92,300,000","62,400,000","68,100,000","61,900,000","18,100,000","-6,500,000","-31,800,000","-163,100,000","18,600,000","35,600,000","23,700,000","43,000,000","51,300,000","43,400,000","36,100,000","40,900,000","51,600,000","47,200,000","36,600,000","38,300,000","47,700,000","45,100,000",,,,,,,,
TotalExpenses,"9,730,800,000","2,871,300,000","2,717,000,000","2,158,600,000","1,983,900,000","2,162,600,000","2,283,000,000","1,958,900,000","1,864,300,000","2,162,600,000","2,629,500,000","2,049,400,000","1,697,600,000","2,262,500,000","2,534,800,000","2,008,700,000","1,853,000,000","1,964,800,000","1,770,900,000","1,660,000,000","1,548,000,000","1,788,500,000","1,882,500,000","1,662,300,000","1,510,600,000","1,958,900,000","1,859,500,000","1,977,500,000","1,820,600,000","1,945,900,000","1,938,100,000","2,037,000,000","1,719,600,000","1,641,800,000","2,071,500,000","1,821,500,000","1,963,100,000","1,894,900,000","2,085,900,000","1,775,800,000","2,217,500,000","2,353,700,000","2,035,500,000","1,443,500,000","2,016,600,000","1,778,000,000","1,312,700,000","1,343,000,000","1,509,600,000","1,323,000,000","1,467,800,000","1,331,200,000","2,324,500,000","2,773,600,000","2,277,800,000","1,500,600,000","1,655,500,000","1,553,700,000","1,326,300,000","1,244,500,000","1,431,300,000","1,157,400,000","1,226,400,000","1,117,600,000","1,352,400,000","1,403,400,000","1,273,200,000","1,071,800,000","1,065,400,000","639,000,000","640,600,000","522,200,000","550,000,000","472,900,000","500,500,000","534,300,000","452,400,000","443,200,000","530,900,000","448,600,000","503,800,000","405,600,000","465,900,000","433,300,000","485,200,000","451,000,000","427,800,000","502,500,000","206,000,000","554,900,000","627,900,000","602,300,000","-80,800,000","630,600,000","1,021,000,000","577,400,000","755,500,000","514,500,000","859,100,000","556,500,000","539,100,000","504,500,000","799,400,000","593,100,000","422,100,000","388,600,000","413,500,000","419,300,000","359,500,000","358,400,000","367,500,000","348,600,000","310,900,000","272,900,000","287,700,000","385,900,000","178,900,000","185,300,000","256,000,000","224,500,000","201,300,000","215,300,000","266,500,000","245,200,000","224,800,000","218,900,000","270,500,000","246,100,000","215,500,000","205,900,000",,,,,,,,
NetIncomeFromContinuingAndDiscontinuedOperation,"1,630,600,000","664,800,000","371,900,000","437,200,000","156,700,000","827,900,000","-6,200,000","47,400,000","-203,000,000","-921,000,000","-44,100,000","-233,100,000","130,800,000","112,300,000","247,500,000","67,900,000","42,300,000","-431,100,000","227,500,000","97,300,000","-900,000","11,900,000","39,200,000","-10,200,000","256,800,000","155,000,000","160,000,000","390,600,000","294,800,000","360,700,000","201,900,000","248,400,000","217,500,000","124,400,000","485,900,000","344,600,000","628,800,000","429,400,000","507,300,000","273,300,000","623,600,000","526,000,000","649,200,000","542,100,000","1,025,600,000","297,700,000","396,100,000","222,600,000","107,800,000","100,600,000","146,900,000","58,800,000","959,800,000","1,184,700,000","862,500,000","520,800,000","394,000,000","305,500,000","202,600,000","42,200,000","65,900,000","109,000,000","-180,900,000","-71,600,000","55,000,000","76,100,000","94,100,000","38,800,000","-8,400,000","-66,800,000","42,700,000","9,200,000","-63,800,000","-28,100,000","-6,900,000","-31,700,000","-75,400,000","8,400,000","-47,400,000","4,800,000","-13,900,000","-29,300,000","4,200,000","11,100,000","-414,500,000","-7,000,000","28,300,000","48,200,000","-899,900,000","13,200,000","52,200,000","68,200,000","-184,800,000","37,800,000","87,000,000","48,000,000","-66,300,000","26,700,000","88,300,000","39,100,000","48,500,000","21,100,000","66,400,000","-8,300,000","43,600,000","30,200,000","31,700,000","45,700,000","27,900,000","21,800,000","17,100,000","5,400,000","-3,600,000","-22,500,000","-29,900,000","-113,700,000","3,900,000","19,700,000","7,600,000","38,500,000","22,100,000","20,000,000","29,300,000","18,600,000","24,900,000","23,000,000","23,800,000","16,900,000","21,900,000","20,000,000",,,,,,,,
NormalizedIncome,"1,803,554,600","696,389,885.992","440,068,100","474,471,000","190,363,000","747,600,000","-10,434,000","22,507,000","-46,634,000","-99,654,303.599","-16,214,000","48,917,400","114,166,400","173,365,932.553","249,119,200","142,428,900","65,806,000","-415,080,000","173,236,400","91,840,000","-6,240,000","29,960,000","58,640,000","-19,020,000","204,120,000","179,660,000","205,732,600","404,088,000","253,939,400","380,026,757.608","207,861,400","277,502,400","189,290,000","223,460,000","488,119,037.724","320,052,000","648,300,000","450,546,131.561","544,269,162.676","320,922,977.164","583,944,622.399","529,594,627.929","645,933,556.405","578,267,432.208","1,050,084,957.919","296,679,145.046","442,039,014.792","208,560,000","96,750,000","91,528,000","582,660,000","44,957,004.831","481,234,267.958","1,123,488,711.958","856,123,997.971","499,121,730.444","441,798,631.044","319,964,310.954","252,671,916.3","-7,040,274.6","47,439,021.164","83,939,649.123","73,400,573.614","-65,249,950.348","55,000,000","98,840,000","91,519,529.579","20,500,000","8,214,649.682","-45,896,598.639","39,322,598.87","14,137,500","-3,994,463.201","-11,199,275.362","5,780,000","-11,224,248.927","-31,180,000","3,278,048.78","13,196,969.697","6,219,718.31","-13,360,000","-19,980,320.366","8,894,117.647","13,443,333.333","8,250,000","1,500,000","25,301,324.503","48,637,613.489","-329,860,000","15,503,773.585","50,262,035.928","66,637,213.566","92,097,200","38,253,082.192","83,823,397.914","45,340,540.541","-68,400,000","24,983,571.429","89,125,233.645","38,274,837.662","46,529,488.86","26,947,555.556","64,491,575.818","19,540,000","40,763,224.894","28,373,387.097","29,261,538.462","44,849,202.128","27,593,406.593","16,271,469.741","9,960,000","3,060,000","6,900,000","-28,796,296.296","-29,900,000","-113,503,739.931","3,120,000","13,940,000","18,050,000","16,843,750","21,499,456.522","19,460,000","18,681,208.054","17,627,874.564","24,780,000","22,878,627.968","21,737,333.333","16,651,470.588","20,387,569.061","17,960,000",,,,,,,,
InterestIncome,"25,200,000","7,500,000","6,800,000","6,500,000","4,400,000","8,300,000","7,800,000","7,700,000","9,700,000","8,200,000","9,900,000","7,100,000","7,900,000","13,200,000","16,800,000","10,600,000","9,100,000","11,200,000","7,000,000","7,900,000","7,100,000","9,100,000","8,200,000","5,400,000","5,700,000","12,900,000","11,100,000","8,300,000","3,500,000","4,800,000","6,200,000","6,000,000","4,400,000","3,500,000","4,900,000","3,600,000","4,400,000","5,900,000","6,800,000","4,100,000","4,100,000","5,100,000","7,700,000","4,600,000","4,800,000","5,400,000","3,800,000","4,300,000","16,000,000","3,900,000",,,,,,,,,,,,,,,,,,,,,,,,,,,,,,,,,,,,,,,,,,,,,,,,,,,,,,,,,,,,,,,,,,,,,,,,,,,,,,,,,,,,,,,,
InterestExpense,"194,300,000","46,500,000","54,600,000","43,800,000","49,400,000","55,500,000","50,800,000","57,000,000","50,800,000","54,900,000","53,100,000","53,100,000","54,900,000","43,900,000","57,700,000","55,700,000","58,500,000","50,900,000","43,200,000","44,300,000","32,900,000","36,300,000","33,700,000","38,900,000","31,800,000","31,700,000","35,300,000","31,800,000","34,800,000","35,800,000","31,400,000","30,600,000","31,100,000","1,700,000","0","0",,"0","1,400,000","0","0","0","0","4,800,000","10,400,000","12,400,000","16,600,000","14,300,000","16,000,000","18,800,000",,,,,,,,,,,,,,,,,,,,,,,,,,,,,,,,,,,,,,,,,,,,,,,,,,,,,,,,,,,,,,,,,,,,,,,,,,,,,,,,,,,,,,,,
NetInterestIncome,"-169,100,000","-39,000,000","-47,800,000","-37,300,000","-45,000,000","-47,200,000","-43,000,000","-49,300,000","-41,100,000","-46,700,000","-43,200,000","-46,000,000","-47,000,000","-30,700,000","-40,900,000","-45,100,000","-49,400,000","-39,700,000","-36,200,000","-36,400,000","-25,800,000","-27,200,000","-25,500,000","-33,500,000","-26,100,000","-18,800,000","-24,200,000","-23,500,000","-31,300,000","-31,000,000","-25,200,000","-24,600,000","-26,700,000","1,800,000","4,900,000","3,600,000","4,400,000","5,900,000","5,400,000","4,100,000","4,100,000","5,100,000","7,700,000","-200,000","-5,600,000","-7,000,000","-12,800,000","-10,000,000","0","-14,900,000",,,,,,,,,,,,,,,,,,,,,,,,,,,,,,,,,,,,,,,,,,,,,,,,,,,,,,,,,,,,,,,,,,,,,,,,,,,,,,,,,,,,,,,,
EBIT,"2,419,100,000","932,400,000","608,900,000","603,000,000","274,800,000","414,400,000","116,800,000","130,000,000","-266,200,000","-1,159,200,000","105,300,000","-217,700,000","231,500,000","189,200,000","400,300,000","125,800,000","52,000,000","110,100,000","280,600,000","113,000,000","41,600,000","48,000,000","46,000,000","31,700,000","257,500,000","173,400,000","207,400,000","494,500,000","361,500,000","417,000,000","316,000,000","363,700,000","249,500,000","118,400,000","625,600,000","454,600,000","573,100,000","586,800,000","690,500,000","354,700,000","855,400,000","729,700,000","836,800,000","727,600,000","1,317,400,000","417,100,000","753,500,000","246,300,000","136,800,000","118,800,000","720,700,000","44,300,000","682,000,000","1,548,900,000","1,188,900,000","646,600,000","539,900,000","449,600,000","358,100,000","34,200,000","90,700,000","131,200,000","105,100,000","-44,400,000","140,900,000","200,000","176,500,000","72,700,000","12,300,000","-26,800,000","108,200,000","62,000,000","54,100,000","22,800,000","38,200,000","17,800,000","28,600,000","47,000,000","57,400,000","49,300,000","22,000,000","300,000","41,000,000","86,800,000","700,000","32,400,000","78,000,000","118,300,000","3,000,000","70,600,000","137,500,000","167,100,000","121,600,000","126,200,000","200,800,000","99,400,000","-78,600,000","84,200,000","189,100,000","108,300,000","126,300,000","99,100,000","155,700,000","123,900,000","127,500,000","96,300,000","87,900,000","130,700,000","92,300,000","62,400,000","68,100,000","61,900,000","18,100,000","-6,500,000","-31,800,000","-163,100,000","18,600,000","35,600,000","23,700,000","43,000,000","51,300,000","43,400,000","36,100,000","40,900,000","51,600,000","47,200,000","36,600,000","38,300,000","47,700,000","45,100,000","-636,100,000","322,600,000","310,800,000","268,600,000","-562,500,000","290,900,000","253,400,000","226,400,000"
EBITDA,"3,232,000,000"
ReconciledCostOfRevenue,"9,157,100,000","2,692,400,000","2,554,100,000","2,048,400,000","1,862,200,000","2,046,000,000","2,026,400,000","1,787,700,000","1,756,700,000","1,995,600,000","2,473,500,000","1,949,700,000","1,590,200,000","2,054,300,000","2,432,600,000","1,910,400,000","1,691,600,000","1,811,800,000","1,744,000,000","1,562,300,000","1,448,500,000","1,656,200,000","1,738,900,000","1,520,600,000","1,437,300,000","1,807,700,000","1,770,200,000","1,879,600,000","1,719,900,000","1,799,500,000","1,836,000,000","1,919,100,000","1,574,600,000","1,521,800,000","1,923,600,000","1,672,200,000","1,860,300,000","1,757,800,000","1,986,700,000","1,667,700,000","2,133,300,000","2,235,100,000","1,865,200,000","1,360,700,000","1,906,500,000","1,683,600,000","1,172,700,000","1,255,400,000","1,402,700,000","1,235,000,000","1,389,400,000","1,235,200,000","2,232,800,000","2,673,900,000","2,179,000,000","1,419,300,000","1,572,300,000","1,481,500,000","1,228,200,000","1,165,600,000","1,361,500,000","1,092,300,000","1,165,300,000","1,059,200,000","1,284,100,000","1,154,800,000","1,204,100,000","1,008,000,000","1,016,500,000","621,400,000","620,500,000","505,400,000","546,900,000","451,600,000","494,900,000","516,000,000","428,800,000","424,500,000","511,900,000","429,200,000","484,700,000","385,400,000","446,300,000","410,400,000","475,800,000","368,300,000","337,100,000","411,000,000","142,800,000","445,400,000","513,400,000","492,500,000","-96,700,000","495,900,000","851,500,000","455,400,000","475,900,000","492,300,000","732,500,000","450,000,000","439,200,000","405,900,000","692,300,000","471,400,000","368,300,000","340,400,000","358,800,000","367,000,000","304,000,000","311,300,000","307,400,000","303,900,000","266,600,000","233,600,000","222,600,000","185,800,000","149,600,000","152,700,000","214,600,000","186,500,000","165,200,000","179,400,000","226,100,000","205,600,000","186,000,000","182,400,000","226,200,000","208,400,000","180,900,000","167,700,000",,,,,,,,
ReconciledDepreciation,"812,900,000","214,200,000","186,100,000","203,500,000","209,100,000","208,500,000","205,900,000","215,400,000","217,800,000","233,100,000","210,800,000","220,700,000","218,100,000","235,100,000","214,500,000","216,800,000","217,500,000","172,000,000","168,800,000","165,900,000","158,800,000","165,500,000","172,700,000","189,300,000","183,700,000","185,000,000","180,900,000","191,100,000","182,800,000","192,700,000","189,500,000","194,400,000","174,300,000","166,100,000","167,800,000","152,200,000","147,400,000","137,400,000","139,700,000","127,900,000","120,200,000","120,300,000","122,900,000","114,100,000","105,700,000","104,700,000","112,400,000","101,600,000","138,900,000","92,100,000","88,800,000","93,800,000","79,300,000","97,800,000",,,,,,,,,,,"71,600,000","60,500,000","42,100,000","72,400,000",,"41,300,000","45,600,000","45,500,000","44,800,000","42,900,000","43,100,000","41,100,000","43,400,000","43,600,000","43,700,000","43,000,000","40,700,000","39,000,000","42,900,000","43,000,000","8,600,000","51,500,000","55,300,000","56,200,000","28,700,000","68,500,000","69,300,000","66,000,000","57,800,000","69,300,000","76,400,000","48,200,000","41,700,000","-42,900,000","57,200,000","43,300,000","41,700,000","42,200,000","44,100,000","61,600,000","32,200,000","30,700,000","34,700,000","33,000,000","33,900,000","32,800,000","39,500,000","28,900,000","28,600,000","25,400,000","13,500,000","16,100,000","15,500,000","16,400,000","16,700,000","22,100,000","22,200,000","22,300,000","21,300,000","22,400,000","23,000,000","23,500,000","27,800,000","22,500,000","18,900,000","23,300,000",,,,,,,,
NetIncomeFromContinuingOperationNetMinorityInterest,"1,630,600,000","664,800,000","371,900,000","437,200,000","156,700,000","827,900,000","-6,200,000","47,400,000","-203,000,000","-921,000,000","-44,100,000","-233,100,000","130,800,000","112,300,000","247,500,000","67,900,000","42,300,000","-431,100,000","227,500,000","97,300,000","-900,000","11,900,000","39,200,000","-10,200,000","256,800,000","155,000,000","160,000,000","390,600,000","294,800,000","360,700,000","201,900,000","248,400,000","217,500,000","124,400,000","485,900,000","344,600,000","628,800,000","429,400,000","507,300,000","273,300,000","623,600,000","526,000,000","649,200,000","542,100,000","1,025,600,000","297,700,000","396,100,000","222,600,000","107,800,000","100,600,000","146,900,000","58,800,000","959,800,000","1,184,700,000","862,500,000","520,800,000","394,000,000","305,500,000","202,600,000","42,200,000","65,900,000","109,000,000","-180,900,000","-71,600,000","55,000,000","76,100,000","94,100,000","38,800,000","-8,400,000","-66,800,000","42,700,000","11,600,000","100,000","-28,100,000","22,100,000","-31,700,000","-33,100,000","8,400,000","6,700,000","4,800,000","-13,900,000","-29,300,000","4,200,000","11,100,000","6,000,000","1,800,000","28,300,000","48,200,000","-744,700,000","13,200,000","52,200,000","68,200,000","-115,700,000","37,800,000","87,000,000","48,000,000","-66,300,000","26,700,000","88,300,000","39,100,000","48,500,000","28,600,000","66,400,000","-8,300,000","43,600,000","30,200,000","31,700,000","45,700,000","27,900,000","21,800,000","17,100,000","5,400,000","-3,600,000","-22,500,000","-29,900,000","-113,700,000","3,900,000","19,700,000","7,600,000","38,500,000","22,100,000","20,000,000","29,300,000","18,600,000","24,900,000","23,000,000","23,800,000","16,900,000","21,900,000","20,000,000",,,,,,,,
TotalUnusualItemsExcludingGoodwill,"-236,600,000","-43,700,000","-100,100,000","-47,000,000","-45,800,000","110,000,000","5,800,000","34,100,000","-214,200,000","-1,077,700,000","-38,200,000","-348,600,000","22,600,000","-78,800,000","-2,200,000","-78,700,000","-32,200,000","-26,700,000","58,600,000","9,100,000","8,900,000","-30,100,000","-32,400,000","14,700,000","87,800,000","-41,100,000","-48,600,000","-16,000,000","45,100,000","-20,800,000","-8,200,000","-38,700,000","43,400,000","-152,400,000","-2,900,000","32,300,000","-30,000,000","-29,300,000","-50,900,000","-63,100,000","54,300,000","-5,000,000","4,200,000","-47,800,000","-31,200,000","1,400,000","-56,600,000","21,600,000","17,000,000","13,500,000","-670,400,000","22,000,000","710,100,000","88,200,000","9,100,000","28,700,000","-61,500,000","-19,400,000","-72,900,000","58,000,000","27,100,000","26,800,000","-332,000,000","-8,700,000",,"-37,900,000","4,200,000","30,500,000","-22,200,000","-23,000,000","5,600,000","-4,200,000","4,100,000","-24,900,000","27,200,000","-30,100,000","-3,200,000","7,500,000","-9,600,000","-2,100,000","-900,000","-13,900,000","-7,600,000","-3,800,000","-2,700,000","500,000","4,800,000","-700,000","-691,400,000","-3,700,000","3,100,000","2,500,000","-224,500,000","-700,000","4,900,000","4,100,000","3,500,000","2,700,000","-1,300,000","1,300,000","3,100,000","2,600,000","2,900,000","-46,400,000","4,600,000","3,000,000","4,000,000","1,400,000","500,000","8,800,000","11,900,000","3,900,000","-17,500,000","6,800,000",,"-300,000","1,300,000","9,600,000","-12,100,000","35,100,000","1,000,000","900,000","16,200,000","1,500,000","200,000","200,000","2,600,000","400,000","2,500,000","3,400,000",,,,,,,,
TotalUnusualItems,"-236,600,000","-43,700,000","-100,100,000","-47,000,000","-45,800,000","110,000,000","5,800,000","34,100,000","-214,200,000","-1,077,700,000","-38,200,000","-348,600,000","22,600,000","-78,800,000","-2,200,000","-78,700,000","-32,200,000","-26,700,000","58,600,000","9,100,000","8,900,000","-30,100,000","-32,400,000","14,700,000","87,800,000","-41,100,000","-48,600,000","-16,000,000","45,100,000","-20,800,000","-8,200,000","-38,700,000","43,400,000","-152,400,000","-2,900,000","32,300,000","-30,000,000","-29,300,000","-50,900,000","-63,100,000","54,300,000","-5,000,000","4,200,000","-47,800,000","-31,200,000","1,400,000","-56,600,000","21,600,000","17,000,000","13,500,000","-670,400,000","22,000,000","710,100,000","88,200,000","9,100,000","28,700,000","-61,500,000","-19,400,000","-72,900,000","58,000,000","27,100,000","26,800,000","-332,000,000","-8,700,000",,"-37,900,000","4,200,000","30,500,000","-22,200,000","-23,000,000","5,600,000","-4,200,000","4,100,000","-24,900,000","27,200,000","-30,100,000","-3,200,000","7,500,000","-9,600,000","-2,100,000","-900,000","-13,900,000","-7,600,000","-3,800,000","-2,700,000","500,000","4,800,000","-700,000","-691,400,000","-3,700,000","3,100,000","2,500,000","-224,500,000","-700,000","4,900,000","4,100,000","3,500,000","2,700,000","-1,300,000","1,300,000","3,100,000","2,600,000","2,900,000","-46,400,000","4,600,000","3,000,000","4,000,000","1,400,000","500,000","8,800,000","11,900,000","3,900,000","-17,500,000","6,800,000",,"-300,000","1,300,000","9,600,000","-12,100,000","35,100,000","1,000,000","900,000","16,200,000","1,500,000","200,000","200,000","2,600,000","400,000","2,500,000","3,400,000",,,,,,,,
NormalizedEBITDA,"3,468,600,000","1,190,300,000","895,100,000","853,500,000","529,700,000","512,900,000","316,900,000","311,300,000","165,800,000","151,600,000","354,300,000","351,600,000","427,000,000","503,100,000","617,000,000","421,300,000","301,700,000","308,800,000","390,800,000","269,800,000","191,500,000","243,600,000","251,100,000","206,300,000","353,400,000","399,500,000","436,900,000","701,600,000","499,200,000","630,500,000","513,700,000","596,800,000","380,400,000","436,900,000","796,300,000","574,500,000","750,500,000","753,500,000","881,100,000","545,700,000","921,300,000","855,000,000","955,500,000","889,500,000","1,454,300,000","520,400,000","922,500,000","326,300,000","258,700,000","197,400,000","1,479,900,000","116,100,000","51,200,000","1,558,500,000","1,179,800,000","617,900,000","601,400,000","469,000,000","431,000,000","-23,800,000","63,600,000","104,400,000","437,100,000","-35,700,000","212,500,000","98,600,000","214,400,000","114,600,000","34,500,000","37,500,000","148,200,000","111,700,000","94,800,000","90,600,000","54,100,000","89,000,000","75,200,000","83,100,000","110,700,000","94,400,000","63,600,000","53,200,000","91,500,000","133,600,000","12,000,000","83,400,000","128,500,000","175,200,000","723,100,000","142,800,000","203,700,000","230,600,000","403,900,000","196,200,000","272,300,000","143,500,000","-40,400,000","81,500,000","247,600,000","150,300,000","164,900,000","138,700,000","196,900,000","231,900,000","155,100,000","124,000,000","118,600,000","162,300,000","125,700,000","86,400,000","95,700,000","86,900,000","64,200,000","12,100,000","-18,300,000","-146,700,000","33,300,000","42,400,000","52,500,000","30,100,000","72,600,000","64,800,000","41,200,000","62,400,000","74,700,000","70,500,000","61,800,000","60,400,000","66,300,000","65,000,000","-636,100,000","322,600,000","310,800,000","268,600,000","-562,500,000","290,900,000","253,400,000","226,400,000"
TaxRateForCalcs,"0.269","0.277","0.319","0.207","0.265","0.27","0.27","0.27","0.27","0.238","0.27","0.191","0.264","0.225","0.264","0.053","0.27","0.4","0.074","0.4","0.4","0.4","0.4","0.4","0.4","0.4","0.059","0.157","0.094","0.071","0.273","0.248","0.35","0.35","0.235","0.24","0.35","0.278","0.274","0.245","0.27","0.281","0.222","0.243","0.215","0.271","0.188","0.35","0.35","0.328","0.35","0.371","0.326","0.306","0.299","0.245","0.223","0.254","0.313","0.151","0.319","0.065","0.234","0.27","0.4","0.4","0.386","0.4","0.252","0.091","0.397","0.396","0.001","0.321","0.4","0.32","0.4","0.317","0.323","0.324","0.4","0.33","0.382","0.383","0.167","0.4","0.375","0.375","0.4","0.377","0.375","0.375","0.074","0.353","0.352","0.351","0.4","0.364","0.365","0.365","0.364","0.364","0.342","0.4","0.383","0.391","0.39","0.392","0.387","0.372","0.4","0.4","0.4","0.074","0.334","0.346","0.4","0.4","0.136","0.383","0.399","0.4","0.345","0.352","0.4","0.393","0.207","0.379","0.395","0.4",,,,,,,,
TaxEffectOfUnusualItems,"-63,645,400","-12,110,114.008","-31,931,900","-9,729,000","-12,137,000","29,700,000","1,566,000","9,207,000","-57,834,000","-256,354,303.599","-10,314,000","-66,582,600","5,966,400","-17,734,067.447","-580,800","-4,171,100","-8,694,000","-10,680,000","4,336,400","3,640,000","3,560,000","-12,040,000","-12,960,000","5,880,000","35,120,000","-16,440,000","-2,867,400","-2,512,000","4,239,400","-1,473,242.392","-2,238,600","-9,597,600","15,190,000","-53,340,000","-680,962.276","7,752,000","-10,500,000","-8,153,868.439","-13,930,837.324","-15,477,022.836","14,644,622.399","-1,405,372.071","933,556.405","-11,632,567.792","-6,715,042.081","379,145.046","-10,660,985.208","7,560,000","5,950,000","4,428,000","-234,640,000","8,157,004.831","231,534,267.958","26,988,711.958","2,723,997.971","7,021,730.444","-13,701,368.956","-4,935,689.046","-22,828,083.7","8,759,725.4","8,639,021.164","1,739,649.123","-77,699,426.386","-2,349,950.348","0","-15,160,000","1,619,529.579","12,200,000","-5,585,350.318","-2,096,598.639","2,222,598.87","-1,662,500","5,536.799","-7,999,275.362","10,880,000","-9,624,248.927","-1,280,000","2,378,048.78","-3,103,030.303","-680,281.69","-360,000","-4,580,320.366","-2,905,882.353","-1,456,666.667","-450,000","200,000","1,801,324.503","-262,386.511","-276,560,000","-1,396,226.415","1,162,035.928","937,213.566","-16,702,800","-246,917.808","1,723,397.914","1,440,540.541","1,400,000","983,571.429","-474,766.355","474,837.662","1,129,488.86","947,555.556","991,575.818","-18,560,000","1,763,224.894","1,173,387.097","1,561,538.462","549,202.128","193,406.593","3,271,469.741","4,760,000","1,560,000","-7,000,000","503,703.704","0","-103,739.931","520,000","3,840,000","-1,650,000","13,443,750","399,456.522","360,000","5,581,208.054","527,874.564","80,000","78,627.968","537,333.333","151,470.588","987,569.061","1,360,000",,,,,,,,