name,ttm,12/31/2021,09/30/2021,06/30/2021,03/31/2021,12/31/2020,09/30/2020,06/30/2020,03/31/2020,12/31/2019,09/30/2019,06/30/2019,03/31/2019,12/31/2018,09/30/2018,06/30/2018,03/31/2018,12/31/2017,09/30/2017,06/30/2017,03/31/2017,12/31/2016,09/30/2016,06/30/2016,03/31/2016,12/31/2015,09/30/2015,06/30/2015,03/31/2015,12/31/2014,09/30/2014,06/30/2014,03/31/2014,12/31/2013,09/30/2013,06/30/2013,03/31/2013,12/31/2012,09/30/2012,06/30/2012,03/31/2012,12/31/2011,09/30/2011,06/30/2011,03/31/2011,12/31/2010,09/30/2010,06/30/2010,03/31/2010,12/31/2009,09/30/2009
TotalRevenue,"119,983,000,000","35,336,000,000","32,321,000,000","29,615,000,000","22,711,000,000","17,972,000,000","17,408,000,000","15,024,000,000","25,215,000,000","31,092,000,000","31,043,000,000","33,547,000,000","28,267,000,000","32,333,000,000","22,988,000,000","22,317,000,000","18,866,000,000","21,055,000,000","19,210,000,000","18,180,000,000","16,288,000,000","17,155,000,000","16,618,000,000","16,811,000,000","12,755,000,000","15,607,000,000","18,716,000,000","20,537,000,000","17,191,000,000","22,250,000,000","25,438,000,000","26,844,000,000","23,285,000,000","24,897,000,000","26,256,000,000","25,677,000,000","23,330,000,000","20,480,000,000","21,242,000,000","20,248,000,000","20,273,000,000","19,432,000,000","20,638,000,000","20,777,000,000","17,871,000,000","17,461,000,000","15,928,000,000","15,807,000,000","13,391,000,000","13,421,000,000","12,438,000,000"
	OperatingRevenue,"119,983,000,000","35,336,000,000","32,321,000,000","29,615,000,000","22,711,000,000","17,972,000,000","17,408,000,000","15,024,000,000","25,215,000,000","31,092,000,000","31,043,000,000","33,547,000,000","28,267,000,000","32,333,000,000","22,988,000,000","22,317,000,000","18,866,000,000","21,055,000,000","19,210,000,000","18,180,000,000","16,288,000,000","17,155,000,000","16,618,000,000","16,811,000,000","12,755,000,000","15,607,000,000","18,716,000,000","20,537,000,000","17,191,000,000","22,250,000,000","25,438,000,000","26,844,000,000","23,285,000,000","24,897,000,000","26,256,000,000","25,677,000,000","23,330,000,000","20,480,000,000","21,242,000,000","20,248,000,000","20,273,000,000","19,430,000,000","20,633,000,000","20,773,000,000","17,861,000,000","17,444,000,000","15,905,000,000","15,805,000,000","13,370,000,000","13,407,000,000","12,421,000,000"
CostOfRevenue,"113,372,000,000","32,997,000,000","30,399,000,000","28,048,000,000","21,928,000,000","16,880,000,000","16,973,000,000","13,232,000,000","27,003,000,000","28,279,000,000","28,155,000,000","30,568,000,000","26,879,000,000","29,168,000,000","21,161,000,000","20,188,000,000","18,039,000,000","17,537,000,000","15,270,000,000","14,846,000,000","13,791,000,000","14,349,000,000","13,579,000,000","13,069,000,000","10,313,000,000","12,880,000,000","14,734,000,000","16,810,000,000","13,483,000,000","18,662,000,000","22,369,000,000","23,551,000,000","21,019,000,000","21,929,000,000","23,955,000,000","22,701,000,000","20,393,000,000","14,180,000,000","18,737,000,000","18,274,000,000","18,752,000,000","19,018,000,000","18,305,000,000","18,904,000,000","15,342,000,000","15,238,000,000","13,615,000,000","14,629,000,000","12,104,000,000","11,817,000,000","10,467,000,000"
GrossProfit,"6,611,000,000","2,339,000,000","1,922,000,000","1,567,000,000","783,000,000","1,092,000,000","435,000,000","1,792,000,000","-1,788,000,000","2,813,000,000","2,888,000,000","2,979,000,000","1,388,000,000","3,165,000,000","1,827,000,000","2,129,000,000","827,000,000","3,518,000,000","3,940,000,000","3,334,000,000","2,497,000,000","2,806,000,000","3,039,000,000","3,742,000,000","2,442,000,000","2,727,000,000","3,982,000,000","3,727,000,000","3,708,000,000","3,588,000,000","3,069,000,000","3,293,000,000","2,266,000,000","2,968,000,000","2,301,000,000","2,976,000,000","2,937,000,000","6,300,000,000","2,505,000,000","1,974,000,000","1,521,000,000","414,000,000","2,333,000,000","1,873,000,000","2,529,000,000","2,223,000,000","2,313,000,000","1,178,000,000","1,287,000,000","1,604,000,000","1,971,000,000"
OperatingExpense,"2,790,000,000","731,000,000","704,000,000","695,000,000","660,000,000","703,000,000","829,000,000","893,000,000","1,001,000,000","924,000,000","992,000,000","1,048,000,000","1,032,000,000","1,276,000,000","521,000,000","501,000,000","475,000,000","2,479,000,000","2,448,000,000","2,442,000,000","2,267,000,000","2,310,000,000","2,397,000,000","2,376,000,000","2,285,000,000","2,420,000,000","2,458,000,000","2,411,000,000","2,258,000,000","2,368,000,000","2,038,000,000","1,992,000,000","1,941,000,000","1,983,000,000","2,010,000,000","2,024,000,000","1,782,000,000","5,296,000,000","617,000,000","676,000,000","567,000,000","581,000,000","589,000,000","565,000,000","501,000,000","535,000,000","519,000,000","560,000,000","494,000,000","460,000,000","448,000,000"
	SellingGeneralAndAdministration,"2,537,000,000","656,000,000","681,000,000","625,000,000","575,000,000","630,000,000","673,000,000","746,000,000","821,000,000","790,000,000","833,000,000","904,000,000","881,000,000","1,147,000,000","445,000,000","424,000,000","402,000,000","457,000,000","412,000,000","485,000,000","389,000,000","406,000,000","420,000,000","401,000,000","378,000,000","433,000,000","392,000,000","393,000,000","358,000,000","371,000,000","342,000,000","316,000,000","346,000,000","336,000,000","305,000,000","358,000,000","249,000,000","279,000,000","305,000,000","376,000,000","263,000,000","302,000,000","299,000,000","288,000,000","217,000,000","260,000,000","226,000,000","228,000,000","206,000,000","219,000,000","220,000,000"
	DepreciationAmortizationDepletionIncomeStatement,,,,,,,,,,"978,000,000","855,000,000","886,000,000","919,000,000","874,000,000","555,000,000","533,000,000","528,000,000","540,000,000","517,000,000","521,000,000","536,000,000","504,000,000","507,000,000","500,000,000","490,000,000","413,000,000","508,000,000","362,000,000","363,000,000","359,000,000","322,000,000","325,000,000","320,000,000","332,000,000","299,000,000","302,000,000","287,000,000","283,000,000","246,000,000","236,000,000","230,000,000","230,000,000","227,000,000","218,000,000","216,000,000","218,000,000","234,000,000","269,000,000","220,000,000","194,000,000","167,000,000"
		DepreciationAndAmortizationInIncomeStatement,"3,638,000,000",,,,,,,,,"978,000,000","855,000,000","886,000,000","919,000,000","874,000,000","555,000,000","533,000,000","528,000,000","540,000,000","517,000,000","521,000,000","536,000,000","504,000,000","507,000,000","500,000,000","490,000,000","413,000,000","508,000,000","362,000,000","363,000,000","359,000,000","322,000,000","325,000,000","320,000,000","332,000,000","299,000,000","302,000,000","287,000,000","283,000,000","246,000,000","236,000,000","230,000,000","230,000,000","227,000,000","218,000,000","216,000,000","218,000,000","234,000,000","269,000,000","220,000,000","194,000,000","167,000,000"
	OtherTaxes,"721,000,000","177,000,000","193,000,000","189,000,000","162,000,000","122,000,000","178,000,000","214,000,000","251,000,000","201,000,000","190,000,000","174,000,000","186,000,000","209,000,000","123,000,000","122,000,000","103,000,000","2,123,000,000","2,128,000,000","2,041,000,000","1,921,000,000","1,976,000,000","2,026,000,000","2,004,000,000","1,935,000,000","2,028,000,000","2,083,000,000","2,043,000,000","1,929,000,000","2,051,000,000","1,708,000,000","1,697,000,000","1,619,000,000","1,659,000,000","1,713,000,000","1,684,000,000","1,547,000,000","5,775,000,000","66,000,000","64,000,000","74,000,000","49,000,000","63,000,000","59,000,000","68,000,000","57,000,000","59,000,000","63,000,000","68,000,000","47,000,000","61,000,000"
	OtherOperatingExpenses,"-468,000,000","-102,000,000","-170,000,000","-119,000,000","-77,000,000","-49,000,000","-22,000,000","-67,000,000","-71,000,000","-67,000,000","-31,000,000","-30,000,000","-35,000,000","-80,000,000","-47,000,000","-45,000,000","-30,000,000","-101,000,000","-92,000,000","-84,000,000","-43,000,000","-72,000,000","-49,000,000","-29,000,000","-28,000,000","-41,000,000","-17,000,000","-25,000,000","-29,000,000","-54,000,000","-12,000,000","-21,000,000","-24,000,000","-12,000,000","-8,000,000","-18,000,000","-14,000,000","-18,000,000",,,,,,,,,,,,,
OperatingIncome,"3,821,000,000","1,608,000,000","1,218,000,000","872,000,000","123,000,000","389,000,000","-394,000,000","899,000,000","-2,789,000,000","1,889,000,000","1,896,000,000","1,931,000,000","356,000,000","1,889,000,000","1,306,000,000","1,628,000,000","352,000,000","1,039,000,000","1,492,000,000","892,000,000","230,000,000","496,000,000","642,000,000","1,366,000,000","157,000,000","307,000,000","1,524,000,000","1,316,000,000","1,450,000,000","1,220,000,000","1,031,000,000","1,301,000,000","325,000,000","985,000,000","291,000,000","952,000,000","1,155,000,000","1,004,000,000","1,888,000,000","1,298,000,000","954,000,000","-167,000,000","1,744,000,000","1,308,000,000","2,028,000,000","1,688,000,000","1,794,000,000","618,000,000","793,000,000","1,144,000,000","1,523,000,000"
NetNonOperatingInterestIncomeExpense,"-1,286,000,000","-299,000,000","-318,000,000","-316,000,000","-333,000,000","-333,000,000","-353,000,000","-345,000,000","-341,000,000","-305,000,000","-311,000,000","-319,000,000","-309,000,000","-319,000,000","-195,000,000","-195,000,000","-179,000,000","-160,000,000","-157,000,000","-158,000,000","-150,000,000","-136,000,000","-141,000,000","-137,000,000","-142,000,000","-98,000,000","-70,000,000","-64,000,000","-81,000,000","-72,000,000","-51,000,000","-47,000,000","-46,000,000","-39,000,000","-46,000,000","-45,000,000","-48,000,000","-44,000,000","-26,000,000","-10,000,000","-15,000,000","-22,000,000","-15,000,000","-10,000,000","-14,000,000","4,000,000","-6,000,000","1,000,000","-4,000,000","5,000,000","-7,000,000"
	InterestIncomeNonOperating,"14,000,000","6,000,000","5,000,000","2,000,000","1,000,000","0","1,000,000","2,000,000","6,000,000","10,000,000","12,000,000","9,000,000","9,000,000","16,000,000","26,000,000","25,000,000","20,000,000","11,000,000","7,000,000","4,000,000","5,000,000","1,000,000","3,000,000","1,000,000","1,000,000","1,000,000","2,000,000","2,000,000","1,000,000","2,000,000","2,000,000","1,000,000","2,000,000",,,,,,,"37,000,000","1,000,000",,,,,,,,,,
	InterestExpenseNonOperating,"1,267,000,000","302,000,000","313,000,000","318,000,000","334,000,000","334,000,000","344,000,000","338,000,000","321,000,000","308,000,000","307,000,000","315,000,000","308,000,000","326,000,000","212,000,000","213,000,000","195,000,000","164,000,000","158,000,000","155,000,000","148,000,000","130,000,000","138,000,000","133,000,000","137,000,000","89,000,000","66,000,000","61,000,000","72,000,000","68,000,000","49,000,000","42,000,000","43,000,000","42,000,000","41,000,000","42,000,000","42,000,000","45,000,000",,"47,000,000","16,000,000","22,000,000","15,000,000",,"14,000,000","-2,000,000","6,000,000",,"4,000,000","-2,000,000","7,000,000"
	TotalOtherFinanceCost,"33,000,000","3,000,000","10,000,000","56,000,000",,"-1,000,000","10,000,000","9,000,000","26,000,000","7,000,000","16,000,000","13,000,000","10,000,000","9,000,000","9,000,000","7,000,000","4,000,000","7,000,000","6,000,000","7,000,000","7,000,000","7,000,000","6,000,000","5,000,000","6,000,000","10,000,000","6,000,000","5,000,000","10,000,000","6,000,000","4,000,000","6,000,000","5,000,000","6,000,000","5,000,000","3,000,000","6,000,000","-40,000,000","26,000,000","17,000,000",,,,"10,000,000",,,,"-1,000,000",,,
OtherIncomeExpense,"282,000,000","39,000,000","112,000,000","37,000,000","74,000,000","1,000,000","-669,000,000","82,000,000","-9,025,000,000","-1,045,000,000","122,000,000","108,000,000","316,000,000","62,000,000","52,000,000","83,000,000","84,000,000","80,000,000","84,000,000","90,000,000","62,000,000","57,000,000","-207,000,000","-51,000,000","-82,000,000","26,000,000","25,000,000","19,000,000","20,000,000","39,000,000","32,000,000","67,000,000","36,000,000","23,000,000","9,000,000","8,000,000","1,000,000","184,000,000","8,000,000","2,000,000","-5,000,000","9,000,000","15,000,000","35,000,000","26,000,000","20,000,000","20,000,000","21,000,000","26,000,000","15,000,000","27,000,000"
	GainOnSaleOfSecurity,,,,,,,,,,,,,,,,,,,,,,,,,,,,,,,"1,000,000","-1,000,000",,,"-1,000,000",,,,,,,,,,,,,,,,
	EarningsFromEquityInterest,"458,000,000","152,000,000","122,000,000","93,000,000","91,000,000","102,000,000","117,000,000","105,000,000","-1,210,000,000","64,000,000","124,000,000","107,000,000","99,000,000","111,000,000","96,000,000","80,000,000","86,000,000","82,000,000","84,000,000","83,000,000","57,000,000","51,000,000","-208,000,000","-50,000,000","22,000,000","30,000,000","23,000,000","20,000,000","15,000,000","32,000,000","29,000,000","57,000,000","35,000,000","20,000,000","9,000,000","7,000,000","0","8,000,000","7,000,000","9,000,000","2,000,000","9,000,000","15,000,000","17,000,000","9,000,000","14,000,000","18,000,000","18,000,000","20,000,000","14,000,000","14,000,000"
	SpecialIncomeCharges,"-112,000,000","-115,000,000","0","0","-17,000,000","-92,000,000","-780,000,000","-23,000,000","-7,818,000,000","-1,112,000,000","4,000,000","4,000,000","214,000,000","-43,000,000","1,000,000","3,000,000","-2,000,000","-2,000,000","0","7,000,000","5,000,000","6,000,000","1,000,000","-1,000,000","-104,000,000","-4,000,000","2,000,000","-1,000,000","5,000,000","7,000,000","2,000,000","11,000,000","1,000,000","3,000,000","1,000,000","1,000,000","1,000,000","176,000,000","1,000,000","-7,000,000","-7,000,000","0","0","18,000,000","17,000,000","6,000,000","2,000,000","3,000,000","6,000,000","1,000,000","13,000,000"
		RestructuringAndMergernAcquisition,"0","0","0",,,"19,000,000","348,000,000",,,,,,,,,,,,,,,,,,,,,,,,,,,,,,,,,,,,,,,,,,,,
		ImpairmentOfCapitalAssets,"0","0","0","0","0","146,000,000","433,000,000","25,000,000","7,822,000,000","1,197,000,000",,,,,,,,"0","0","0","0","0",,"1,000,000","129,000,000",,,,,,,,,,,,,,,,,,,,,,,,,,
		WriteOff,"9,044,000,000",,,,,,"433,000,000","25,000,000","7,822,000,000","1,197,000,000",,,,,,,,"0","0","0","0","0",,"1,000,000","129,000,000",,,,,,,,,,,,,,,,,,,,,,,,,,
		OtherSpecialCharges,"133,000,000",,,,"20,000,000",,,,,,,,,"60,000,000",,,"4,000,000",,,,,,,,,,,,,,,,,,,,,,,,,,,,,,,,,,
		GainOnSaleOfPPE,"21,000,000","18,000,000","0","0","3,000,000","64,000,000","1,000,000","2,000,000","4,000,000","85,000,000","4,000,000","4,000,000","214,000,000","17,000,000","1,000,000","3,000,000","2,000,000","-2,000,000","0","7,000,000","5,000,000","6,000,000","1,000,000","0","25,000,000","1,000,000","2,000,000","-1,000,000","5,000,000","7,000,000","2,000,000","11,000,000","1,000,000","3,000,000","1,000,000","1,000,000","1,000,000","-1,000,000",,,,,,,,,,,,,
	OtherNonOperatingIncomeExpenses,"-64,000,000","2,000,000","-10,000,000","-56,000,000",,"-9,000,000","-6,000,000",,"3,000,000","3,000,000","-6,000,000","-3,000,000","3,000,000","-6,000,000","-45,000,000",,,,,,,,,,,,,,,,,,,,,,,,,,,,,,,,,,,,
PretaxIncome,"2,817,000,000","1,348,000,000","1,012,000,000","593,000,000","-136,000,000","57,000,000","-1,416,000,000","636,000,000","-12,155,000,000","539,000,000","1,707,000,000","1,720,000,000","363,000,000","1,632,000,000","1,163,000,000","1,516,000,000","257,000,000","959,000,000","1,419,000,000","824,000,000","142,000,000","417,000,000","294,000,000","1,178,000,000","-67,000,000","235,000,000","1,479,000,000","1,271,000,000","1,389,000,000","1,187,000,000","1,012,000,000","1,321,000,000","315,000,000","969,000,000","254,000,000","915,000,000","1,108,000,000","1,144,000,000","1,870,000,000","1,290,000,000","934,000,000","-180,000,000","1,744,000,000","1,333,000,000","822,000,000","361,000,000","439,000,000","640,000,000","-417,000,000","-116,000,000","271,000,000"
TaxProvision,"264,000,000","243,000,000","-18,000,000","5,000,000","34,000,000","-193,000,000","-436,000,000","360,000,000","-1,937,000,000","277,000,000","340,000,000","353,000,000","104,000,000","437,000,000","222,000,000","281,000,000","22,000,000","-1,166,000,000","415,000,000","250,000,000","41,000,000","128,000,000","75,000,000","395,000,000","11,000,000","67,000,000","521,000,000","432,000,000","486,000,000","382,000,000","333,000,000","457,000,000","108,000,000","338,000,000","81,000,000","316,000,000","378,000,000","385,000,000","646,000,000","476,000,000","338,000,000","-105,000,000","611,000,000","531,000,000","293,000,000","131,000,000","162,000,000","235,000,000","-128,000,000","-64,000,000","103,000,000"
NetIncomeCommonStockholders,"9,736,000,000","772,000,000","694,000,000","8,512,000,000","-242,000,000","284,000,000","-886,000,000","9,000,000","-9,234,000,000","443,000,000","1,095,000,000","1,106,000,000","-7,000,000","951,000,000","737,000,000","1,054,000,000","37,000,000","2,015,000,000","903,000,000","483,000,000","30,000,000","227,000,000","145,000,000","800,000,000","1,000,000","186,000,000","947,000,000","825,000,000","890,000,000","797,000,000","671,000,000","854,000,000","199,000,000","624,000,000","168,000,000","592,000,000","724,000,000","749,000,000","1,224,000,000","814,000,000","596,000,000","-75,000,000","1,133,000,000","802,000,000","529,000,000","230,000,000","277,000,000","405,000,000","-289,000,000","-52,000,000","168,000,000"
	NetIncome,"9,738,000,000","774,000,000","694,000,000","8,512,000,000","-242,000,000","285,000,000","-886,000,000","9,000,000","-9,234,000,000","443,000,000","1,095,000,000","1,106,000,000","-7,000,000","951,000,000","737,000,000","1,055,000,000","37,000,000","2,016,000,000","903,000,000","483,000,000","30,000,000","227,000,000","145,000,000","801,000,000","1,000,000","187,000,000","948,000,000","826,000,000","891,000,000","798,000,000","672,000,000","855,000,000","199,000,000","626,000,000","168,000,000","593,000,000","725,000,000","755,000,000","1,224,000,000","814,000,000","596,000,000","-75,000,000","1,133,000,000","802,000,000","529,000,000","230,000,000","277,000,000","405,000,000","-289,000,000","-52,000,000","168,000,000"
		NetIncomeIncludingNoncontrollingInterests,"11,001,000,000","1,105,000,000","1,030,000,000","8,802,000,000","64,000,000","574,000,000","-609,000,000","276,000,000","-10,218,000,000","262,000,000","1,367,000,000","1,367,000,000","259,000,000","1,195,000,000","941,000,000","1,235,000,000","235,000,000","2,125,000,000","1,004,000,000","574,000,000","101,000,000","289,000,000","219,000,000","783,000,000","-78,000,000","168,000,000","958,000,000","839,000,000","903,000,000","805,000,000","679,000,000","864,000,000","207,000,000","631,000,000","173,000,000","599,000,000","730,000,000","759,000,000","1,224,000,000","814,000,000","596,000,000","-75,000,000","1,133,000,000","802,000,000","529,000,000","230,000,000","277,000,000","405,000,000","-289,000,000","-52,000,000","168,000,000"
			NetIncomeContinuousOperations,"2,553,000,000","1,105,000,000","1,030,000,000","588,000,000","-170,000,000","250,000,000","-980,000,000","276,000,000","-10,218,000,000","262,000,000","1,367,000,000","1,367,000,000","259,000,000","1,195,000,000","941,000,000","1,235,000,000","235,000,000","2,125,000,000","1,004,000,000","574,000,000","101,000,000","289,000,000","219,000,000","783,000,000","-78,000,000","168,000,000","958,000,000","839,000,000","903,000,000","805,000,000","679,000,000","864,000,000","207,000,000","631,000,000","173,000,000","599,000,000","730,000,000","759,000,000","1,224,000,000","814,000,000","596,000,000","-75,000,000","1,133,000,000","802,000,000","529,000,000","230,000,000","277,000,000","405,000,000","-289,000,000","-52,000,000","168,000,000"
			NetIncomeDiscontinuousOperations,"8,448,000,000","0","0","8,214,000,000","234,000,000","324,000,000","371,000,000",,,,,,,,,,,,,,,,,,,,,,,,,,,,,,,,,,,,,,,,,,,,
		MinorityInterests,"-1,263,000,000","-331,000,000","-336,000,000","-290,000,000","-306,000,000","-289,000,000","-277,000,000","-267,000,000","984,000,000","181,000,000","-272,000,000","-261,000,000","-266,000,000","-244,000,000","-204,000,000","-180,000,000","-198,000,000","-109,000,000","-101,000,000","-91,000,000","-71,000,000","-62,000,000","-74,000,000","18,000,000","79,000,000","19,000,000","-10,000,000","-13,000,000","-12,000,000","-7,000,000","-7,000,000","-9,000,000","-8,000,000","-5,000,000","-5,000,000","-6,000,000","-5,000,000","-4,000,000",,,,,,,,,,,,,
	OtherunderPreferredStockDividend,"2,000,000",,,,,,,,,"0",,,"0","0","0","1,000,000","0","1,000,000","0","0","0","0","0","1,000,000","0","1,000,000","1,000,000","1,000,000","1,000,000","1,000,000","1,000,000","1,000,000","0","2,000,000","0","1,000,000","1,000,000",,,,,,,,,,,,,,
DilutedNIAvailtoComStockholders,"9,736,000,000","772,000,000","694,000,000","8,512,000,000","-242,000,000","284,000,000","-886,000,000","9,000,000","-9,234,000,000","443,000,000","1,095,000,000","1,106,000,000","-7,000,000","951,000,000","737,000,000","1,054,000,000","37,000,000","2,015,000,000","903,000,000","483,000,000","30,000,000","227,000,000","145,000,000","800,000,000","1,000,000","186,000,000","947,000,000","825,000,000","890,000,000","797,000,000","671,000,000","854,000,000","199,000,000","624,000,000","168,000,000","592,000,000","724,000,000","749,000,000","1,224,000,000","814,000,000","596,000,000","-75,000,000","1,133,000,000","802,000,000","529,000,000","230,000,000","277,000,000","405,000,000","-289,000,000","-52,000,000","168,000,000"
BasicEPS,,"1.28","1.1","13.09","-0.37","0.29","-1.57","0.01","-14.25","0.68","1.67","1.67","-0.01","1.38","1.63","2.3","0.08","4.13","1.79","1","0.06","0.43","0.28","1.51","0.003","0.35","1.77","1.52","1.63","1.44","1.19","1.485","0.34","1.045","0.27","0.92","1.095","1.13","1.805","1.195","0.855",,"1.59","1.125","0.743",,"0.389","0.57","-0.406",,"0.236"
DilutedEPS,,"1.27","1.09","13","-0.37","0.29","-1.57","0.01","-14.25","0.68","1.66","1.66","-0.01","1.35","1.62","2.27","0.08","4.09","1.77","1","0.06","0.43","0.27","1.51","0.003","0.35","1.76","1.51","1.62","1.43","1.18","1.475","0.335","1.035","0.27","0.915","1.085","1.12","1.795","1.19","0.85",,"1.58","1.12","0.743",,"0.387","0.565","-0.406",,"0.235"
BasicAverageShares,,"605,000,000","633,000,000","650,000,000","651,000,000","650,000,000","650,000,000","650,000,000","648,000,000","648,000,000","656,000,000","662,000,000","673,000,000","687,000,000","451,000,000","459,000,000","476,000,000","488,000,000","504,000,000","513,000,000","525,000,000","526,000,000","527,000,000","528,000,000","529,000,000","531,000,000","535,000,000","541,000,000","546,000,000","554,000,000","564,000,000","574,000,000","586,000,000","598,000,000","618,000,000","644,000,000","662,000,000","668,000,000","676,000,000","680,000,000","696,000,000",,"712,000,000","712,000,000","712,000,000",,"712,000,000","712,000,000","712,000,000",,"712,000,000"
DilutedAverageShares,,"609,000,000","637,000,000","654,000,000","651,000,000","650,000,000","650,000,000","653,000,000","648,000,000","653,000,000","660,000,000","666,000,000","673,000,000","704,000,000","456,000,000","464,000,000","480,000,000","493,000,000","508,000,000","517,000,000","530,000,000","529,000,000","530,000,000","531,000,000","531,000,000","535,000,000","538,000,000","544,000,000","550,000,000","558,000,000","568,000,000","578,000,000","590,000,000","602,000,000","622,000,000","648,000,000","666,000,000","672,000,000","680,000,000","682,000,000","700,000,000",,"714,000,000","716,000,000","712,000,000",,"716,000,000","716,000,000","716,000,000",,"716,000,000"
TotalOperatingIncomeAsReported,"4,300,000,000","1,778,000,000","1,340,000,000","965,000,000","217,000,000","390,000,000","-1,057,000,000","981,000,000","-11,817,000,000","841,000,000","2,024,000,000","2,042,000,000","669,000,000","2,017,000,000","1,403,000,000","1,711,000,000","440,000,000","1,119,000,000","1,576,000,000","982,000,000","292,000,000","553,000,000","435,000,000","1,315,000,000","75,000,000","338,000,000","1,549,000,000","1,335,000,000","1,470,000,000","1,259,000,000","1,062,000,000","1,369,000,000","361,000,000","1,008,000,000","301,000,000","960,000,000","1,156,000,000","1,189,000,000","1,895,000,000","1,307,000,000","956,000,000","-158,000,000","1,759,000,000","1,325,000,000","819,000,000","351,000,000","443,000,000","636,000,000","-419,000,000","-122,000,000","265,000,000"
TotalExpenses,"116,162,000,000","33,728,000,000","31,103,000,000","28,743,000,000","22,588,000,000","17,583,000,000","17,802,000,000","14,125,000,000","28,004,000,000","29,203,000,000","29,147,000,000","31,616,000,000","27,911,000,000","30,444,000,000","21,682,000,000","20,689,000,000","18,514,000,000","20,016,000,000","17,718,000,000","17,288,000,000","16,058,000,000","16,659,000,000","15,976,000,000","15,445,000,000","12,598,000,000","15,300,000,000","17,192,000,000","19,221,000,000","15,741,000,000","21,030,000,000","24,407,000,000","25,543,000,000","22,960,000,000","23,912,000,000","25,965,000,000","24,725,000,000","22,175,000,000","19,476,000,000","19,354,000,000","18,950,000,000","19,319,000,000","19,599,000,000","18,894,000,000","19,469,000,000","15,843,000,000","15,773,000,000","14,134,000,000","15,189,000,000","12,598,000,000","12,277,000,000","10,915,000,000"
NetIncomeFromContinuingAndDiscontinuedOperation,"9,738,000,000","774,000,000","694,000,000","8,512,000,000","-242,000,000","285,000,000","-886,000,000","9,000,000","-9,234,000,000","443,000,000","1,095,000,000","1,106,000,000","-7,000,000","951,000,000","737,000,000","1,055,000,000","37,000,000","2,016,000,000","903,000,000","483,000,000","30,000,000","227,000,000","145,000,000","801,000,000","1,000,000","187,000,000","948,000,000","826,000,000","891,000,000","798,000,000","672,000,000","855,000,000","199,000,000","626,000,000","168,000,000","593,000,000","725,000,000","755,000,000","1,224,000,000","814,000,000","596,000,000","-75,000,000","1,133,000,000","802,000,000","529,000,000","230,000,000","277,000,000","405,000,000","-289,000,000","-52,000,000","168,000,000"
NormalizedIncome,"1,391,920,000","868,269,287.834","694,000,000","298,000,000","-463,590,000","28,160,000","-718,800,000","25,790,000","-2,666,880,000","1,254,760,000","1,091,796,719.391","1,102,840,000","-159,688,705.234","982,485,906.863","736,190,000","1,052,556,068.602","38,820,000","2,017,200,000","903,000,000","478,100,000","26,450,000","222,841,726.619","144,255,102.041","801,664,685.908","63,400,000","189,859,574.468","946,704,530.088","826,660,110.149","887,749,460.043","793,252,737.995","669,987,154.15","848,459,500.379","198,340,000","624,046,439.628","168,000,000","592,350,000","724,340,000","638,230,769.231","1,223,345,454.545","818,417,054.264","600,466,809.422","-75,000,000","1,133,000,000","791,170,292.573","518,059,610.706","226,177,285.319","275,738,041.002","403,101,562.5","-293,158,273.381","-52,650,000","159,940,959.41"
InterestIncome,"14,000,000","6,000,000","5,000,000","2,000,000","1,000,000","0","1,000,000","2,000,000","6,000,000","10,000,000","12,000,000","9,000,000","9,000,000","16,000,000","26,000,000","25,000,000","20,000,000","11,000,000","7,000,000","4,000,000","5,000,000","1,000,000","3,000,000","1,000,000","1,000,000","1,000,000","2,000,000","2,000,000","1,000,000","2,000,000","2,000,000","1,000,000","2,000,000",,,,,,,"37,000,000","1,000,000",,,,,,,,,,
InterestExpense,"1,267,000,000","302,000,000","313,000,000","318,000,000","334,000,000","334,000,000","344,000,000","338,000,000","321,000,000","308,000,000","307,000,000","315,000,000","308,000,000","326,000,000","212,000,000","213,000,000","195,000,000","164,000,000","158,000,000","155,000,000","148,000,000","130,000,000","138,000,000","133,000,000","137,000,000","89,000,000","66,000,000","61,000,000","72,000,000","68,000,000","49,000,000","42,000,000","43,000,000","42,000,000","41,000,000","42,000,000","42,000,000","45,000,000",,"47,000,000","16,000,000","22,000,000","15,000,000",,"14,000,000","-2,000,000","6,000,000",,"4,000,000","-2,000,000","7,000,000"
NetInterestIncome,"-1,286,000,000","-299,000,000","-318,000,000","-316,000,000","-333,000,000","-333,000,000","-353,000,000","-345,000,000","-341,000,000","-305,000,000","-311,000,000","-319,000,000","-309,000,000","-319,000,000","-195,000,000","-195,000,000","-179,000,000","-160,000,000","-157,000,000","-158,000,000","-150,000,000","-136,000,000","-141,000,000","-137,000,000","-142,000,000","-98,000,000","-70,000,000","-64,000,000","-81,000,000","-72,000,000","-51,000,000","-47,000,000","-46,000,000","-39,000,000","-46,000,000","-45,000,000","-48,000,000","-44,000,000","-26,000,000","-10,000,000","-15,000,000","-22,000,000","-15,000,000","-10,000,000","-14,000,000","4,000,000","-6,000,000","1,000,000","-4,000,000","5,000,000","-7,000,000"
EBIT,"4,084,000,000","1,650,000,000","1,325,000,000","911,000,000","198,000,000","391,000,000","-1,072,000,000","974,000,000","-11,834,000,000","847,000,000","2,014,000,000","2,035,000,000","671,000,000","1,958,000,000","1,375,000,000","1,729,000,000","452,000,000","1,123,000,000","1,577,000,000","979,000,000","290,000,000","547,000,000","432,000,000","1,311,000,000","70,000,000","324,000,000","1,545,000,000","1,332,000,000","1,461,000,000","1,255,000,000","1,061,000,000","1,363,000,000","358,000,000","1,011,000,000","295,000,000","957,000,000","1,150,000,000","1,188,000,000","1,888,000,000","1,337,000,000","950,000,000","-158,000,000","1,759,000,000","1,308,000,000","836,000,000","359,000,000","445,000,000","618,000,000","-413,000,000","-118,000,000","278,000,000"
EBITDA,"7,448,000,000"
ReconciledCostOfRevenue,"113,372,000,000","32,997,000,000","30,399,000,000","28,048,000,000","21,928,000,000","16,880,000,000","16,973,000,000","13,232,000,000","27,003,000,000","28,279,000,000","28,155,000,000","30,568,000,000","26,879,000,000","29,168,000,000","21,161,000,000","20,188,000,000","18,039,000,000","17,537,000,000","15,270,000,000","14,846,000,000","13,791,000,000","14,349,000,000","13,579,000,000","13,069,000,000","10,313,000,000","12,880,000,000","14,734,000,000","16,810,000,000","13,483,000,000","18,662,000,000","22,369,000,000","23,551,000,000","21,019,000,000","21,929,000,000","23,955,000,000","22,701,000,000","20,393,000,000","14,180,000,000","18,737,000,000","18,274,000,000","18,752,000,000","19,018,000,000","18,305,000,000","18,904,000,000","15,342,000,000","15,238,000,000","13,615,000,000","14,629,000,000","12,104,000,000","11,817,000,000","10,467,000,000"
ReconciledDepreciation,"3,364,000,000","813,000,000","836,000,000","871,000,000","844,000,000","849,000,000","629,000,000","935,000,000","962,000,000","978,000,000","855,000,000","886,000,000","919,000,000","874,000,000","555,000,000","533,000,000","528,000,000","540,000,000","517,000,000","521,000,000","536,000,000","504,000,000","507,000,000","500,000,000","490,000,000","413,000,000","508,000,000","362,000,000","363,000,000","359,000,000","322,000,000","325,000,000","320,000,000","332,000,000","299,000,000","302,000,000","287,000,000","283,000,000","246,000,000","236,000,000","230,000,000","230,000,000","227,000,000","218,000,000","216,000,000","218,000,000","234,000,000","269,000,000","220,000,000","194,000,000","167,000,000"
NetIncomeFromContinuingOperationNetMinorityInterest,"1,290,000,000","774,000,000","694,000,000","298,000,000","-476,000,000","-39,000,000","-1,257,000,000","9,000,000","-9,234,000,000","443,000,000","1,095,000,000","1,106,000,000","-7,000,000","951,000,000","737,000,000","1,055,000,000","37,000,000","2,016,000,000","903,000,000","483,000,000","30,000,000","227,000,000","145,000,000","801,000,000","1,000,000","187,000,000","948,000,000","826,000,000","891,000,000","798,000,000","672,000,000","855,000,000","199,000,000","626,000,000","168,000,000","593,000,000","725,000,000","755,000,000","1,224,000,000","814,000,000","596,000,000","-75,000,000","1,133,000,000","802,000,000","529,000,000","230,000,000","277,000,000","405,000,000","-289,000,000","-52,000,000","168,000,000"
TotalUnusualItemsExcludingGoodwill,"-112,000,000","-115,000,000","0","0","-17,000,000","-92,000,000","-780,000,000","-23,000,000","-7,818,000,000","-1,112,000,000","4,000,000","4,000,000","214,000,000","-43,000,000","1,000,000","3,000,000","-2,000,000","-2,000,000","0","7,000,000","5,000,000","6,000,000","1,000,000","-1,000,000","-104,000,000","-4,000,000","2,000,000","-1,000,000","5,000,000","7,000,000","3,000,000","10,000,000","1,000,000","3,000,000","0","1,000,000","1,000,000","176,000,000","1,000,000","-7,000,000","-7,000,000","0","0","18,000,000","17,000,000","6,000,000","2,000,000","3,000,000","6,000,000","1,000,000","13,000,000"
TotalUnusualItems,"-112,000,000","-115,000,000","0","0","-17,000,000","-92,000,000","-780,000,000","-23,000,000","-7,818,000,000","-1,112,000,000","4,000,000","4,000,000","214,000,000","-43,000,000","1,000,000","3,000,000","-2,000,000","-2,000,000","0","7,000,000","5,000,000","6,000,000","1,000,000","-1,000,000","-104,000,000","-4,000,000","2,000,000","-1,000,000","5,000,000","7,000,000","3,000,000","10,000,000","1,000,000","3,000,000","0","1,000,000","1,000,000","176,000,000","1,000,000","-7,000,000","-7,000,000","0","0","18,000,000","17,000,000","6,000,000","2,000,000","3,000,000","6,000,000","1,000,000","13,000,000"
NormalizedEBITDA,"7,560,000,000","2,578,000,000","2,161,000,000","1,782,000,000","1,059,000,000","1,332,000,000","337,000,000","1,932,000,000","-3,054,000,000","2,937,000,000","2,865,000,000","2,917,000,000","1,376,000,000","2,875,000,000","1,929,000,000","2,259,000,000","982,000,000","1,665,000,000","2,094,000,000","1,493,000,000","821,000,000","1,045,000,000","938,000,000","1,812,000,000","664,000,000","741,000,000","2,051,000,000","1,695,000,000","1,819,000,000","1,607,000,000","1,380,000,000","1,678,000,000","677,000,000","1,340,000,000","594,000,000","1,258,000,000","1,436,000,000","1,295,000,000","2,133,000,000","1,580,000,000","1,187,000,000","72,000,000","1,986,000,000","1,508,000,000","1,035,000,000","571,000,000","677,000,000","884,000,000","-199,000,000","75,000,000","432,000,000"
TaxRateForCalcs,"0.09","0.18","0.27","0.008","0.27","0.27","0.31","0.27","0.16","0.27","0.199","0.21","0.287","0.268","0.19","0.185","0.09","0.4","0.29","0.3","0.29","0.307","0.255","0.335","0.4","0.285","0.352","0.34","0.35","0.322","0.329","0.346","0.34","0.349","0.32","0.35","0.34","0.337","0.345","0.369","0.362","0.35","0.35","0.398","0.356","0.363","0.369","0.367","0.307","0.35","0.38"
TaxEffectOfUnusualItems,"-10,080,000","-20,730,712.166","0","0","-4,590,000","-24,840,000","-241,800,000","-6,210,000","-1,250,880,000","-300,240,000","796,719.391","840,000","61,311,294.766","-11,514,093.137","190,000","556,068.602","-180,000","-800,000","0","2,100,000","1,450,000","1,841,726.619","255,102.041","-335,314.092","-41,600,000","-1,140,425.532","704,530.088","-339,889.851","1,749,460.043","2,252,737.995","987,154.15","3,459,500.379","340,000","1,046,439.628","0","350,000","340,000","59,230,769.231","345,454.545","-2,582,945.736","-2,533,190.578","0","0","7,170,292.573","6,059,610.706","2,177,285.319","738,041.002","1,101,562.5","1,841,726.619","350,000","4,940,959.41"