name,ttm,12/31/2021,09/30/2021,06/30/2021,03/31/2021,12/31/2020,09/30/2020,06/30/2020,03/31/2020,12/31/2019,09/30/2019,06/30/2019,03/31/2019,12/31/2018,09/30/2018,06/30/2018,03/31/2018,12/31/2017,09/30/2017,06/30/2017,03/31/2017,12/31/2016,09/30/2016,06/30/2016,03/31/2016,12/31/2015,09/30/2015,06/30/2015,03/31/2015,12/31/2014,09/30/2014,06/30/2014,03/31/2014,12/31/2013,09/30/2013,06/30/2013,03/31/2013,12/31/2012,09/30/2012,06/30/2012,03/31/2012,12/31/2011,09/30/2011,06/30/2011,03/31/2011,12/31/2010,09/30/2010,06/30/2010,03/31/2010,12/31/2009,09/30/2009,06/30/2009,03/31/2009,12/31/2008,09/30/2008,06/30/2008,03/31/2008,12/31/2007,09/30/2007,06/30/2007,03/31/2007,12/31/2006,09/30/2006,06/30/2006,03/31/2006,12/31/2005,09/30/2005,06/30/2005,03/31/2005,12/31/2004,09/30/2004,06/30/2004,03/31/2004,12/31/2003,09/30/2003,06/30/2003,03/31/2003,12/31/2002,09/30/2002,06/30/2002,03/31/2002
TotalRevenue,"1,207,798,000","336,504,000","323,522,000","293,317,000","254,455,000","233,043,000","259,422,000","186,209,000","165,778,000","166,738,000","168,813,000","151,007,000","141,363,000","153,497,000","159,975,000","139,761,000","129,150,000","129,430,000","128,939,000","112,198,000","100,362,000","103,618,000","106,456,000","94,079,000","84,512,000","86,919,000","91,194,000","81,416,000","73,538,000","75,703,000","78,335,000","68,436,000","60,061,000","63,560,000","65,347,000","57,714,000","51,470,000","48,214,000","56,508,000","58,607,000","50,484,000","47,461,000","52,962,000","51,628,000","44,468,000","47,057,000","65,843,000","55,690,000","50,250,000","46,547,000","47,966,000","41,173,000","29,322,000","34,709,000","48,891,000","41,502,000","35,409,000","38,487,000","40,188,000","30,833,000","24,496,000","26,396,000","27,255,000","26,601,000","24,763,000","32,531,000","29,706,000","22,257,000","14,637,009","14,799,199","14,737,000","11,264,000","6,795,000","8,163,016","8,110,000","4,675,000","3,256,000","4,240,601","3,373,000","2,713,000","1,879,000"
	OperatingRevenue,"1,207,798,000","336,504,000","323,522,000","293,317,000","254,455,000","233,043,000","259,422,000","186,209,000","165,778,000","166,738,000","168,813,000","151,007,000","141,363,000","153,497,000","159,975,000","139,761,000","129,150,000","129,430,000","128,939,000","112,198,000","100,362,000","103,618,000","106,456,000","94,079,000","84,512,000","86,919,000","91,194,000","81,416,000","73,538,000","75,703,000","78,335,000","68,436,000","60,061,000","63,560,000","65,347,000","57,714,000","51,470,000","48,214,000","56,508,000","58,607,000","50,484,000","47,461,000","52,962,000","51,628,000","44,468,000","47,057,000","65,843,000","55,690,000","50,250,000","46,547,000","47,966,000","41,173,000","29,322,000","34,709,000","48,891,000","41,502,000","35,409,000","38,487,000","40,188,000","30,833,000","24,496,000","26,396,000","27,255,000","26,601,000","24,763,000","32,531,000","29,706,000","22,257,000","14,637,009","14,799,199","14,737,000","11,264,000","6,795,000","8,163,016","8,110,000","4,675,000","3,256,000","4,240,601","3,373,000","2,713,000","1,879,000"
CostOfRevenue,"522,339,000","142,630,000","137,211,000","129,102,000","113,396,000","104,169,000","116,382,000","83,616,000","74,331,000","74,802,000","75,655,000","67,782,000","63,357,000","68,904,000","70,957,000","62,197,000","57,655,000","58,269,000","58,083,000","50,773,000","45,520,000","47,106,000","48,531,000","43,153,000","39,002,000","40,002,000","41,754,000","37,287,000","33,855,000","34,744,000","35,872,000","31,337,000","27,964,000","29,266,000","30,053,000","26,786,000","24,085,000","22,661,000","26,495,000","27,435,000","24,074,000","22,544,000","25,148,000","25,070,000","22,163,000","23,316,000","29,857,000","23,256,000","20,954,000","19,208,000","18,868,000","16,823,000","12,431,000","14,564,000","18,201,000","15,375,000","13,044,000","13,907,000","14,662,000","11,248,000","8,963,000","9,519,000","9,382,000","9,833,000","9,373,000","11,717,000","10,596,000","8,155,000","5,535,414","5,657,029","5,832,000","4,729,000","3,273,000","3,189,345","3,544,000","2,330,000","1,866,000","2,133,070","1,910,000","1,602,000","1,186,000"
GrossProfit,"685,459,000","193,874,000","186,311,000","164,215,000","141,059,000","128,874,000","143,040,000","102,593,000","91,447,000","91,936,000","93,158,000","83,225,000","78,006,000","84,593,000","89,018,000","77,564,000","71,495,000","71,161,000","70,856,000","61,425,000","54,842,000","56,512,000","57,925,000","50,926,000","45,510,000","46,917,000","49,440,000","44,129,000","39,683,000","40,959,000","42,463,000","37,099,000","32,097,000","34,294,000","35,294,000","30,928,000","27,385,000","25,553,000","30,013,000","31,172,000","26,410,000","24,917,000","27,814,000","26,558,000","22,305,000","23,741,000","35,986,000","32,434,000","29,296,000","27,339,000","29,098,000","24,350,000","16,891,000","20,145,000","30,690,000","26,127,000","22,365,000","24,580,000","25,526,000","19,585,000","15,533,000","16,877,000","17,873,000","16,768,000","15,390,000","20,814,000","19,110,000","14,102,000","9,101,595","9,142,170","8,905,000","6,535,000","3,522,000","4,973,671","4,566,000","2,345,000","1,390,000","2,107,531","1,463,000","1,111,000","693,000"
OperatingExpense,"416,817,000","115,722,000","105,759,000","101,991,000","93,345,000","87,372,000","81,220,000","72,556,000","58,120,000","60,251,000","62,434,000","62,603,000","56,011,000","51,107,000","55,182,000","52,042,000","48,927,000","45,768,000","46,697,000","46,165,000","40,986,000","39,290,000","42,869,000","39,407,000","35,089,000","34,842,000","35,994,000","33,707,000","33,556,000","31,728,000","31,685,000","30,221,000","31,712,000","26,170,000","26,534,000","26,271,000","25,381,000","27,173,000","23,922,000","24,635,000","23,084,000","21,601,000","22,041,000","21,580,000","20,389,000","19,780,000","22,551,000","25,628,000","23,000,000","22,918,000","15,973,000","19,053,000","15,925,000","11,192,000","20,070,000","21,808,000","17,036,000","16,685,000","17,012,000","26,879,000","14,976,000","15,629,000","18,539,000","14,947,000","16,558,000","6,764,000","12,538,000","26,046,000","11,315,968","9,887,699","10,008,000","1,964,000","1,364,000","12,348,233","1,372,000","1,480,000","1,281,000","5,697,210","1,093,000","924,000","955,000"
	SellingGeneralAndAdministration,"226,190,000","61,208,000","56,291,000","57,238,000","51,453,000","45,120,000","43,503,000","40,883,000","32,164,000","33,240,000","34,692,000","35,058,000","30,553,000","28,372,000","29,552,000","28,561,000","27,318,000","24,038,000","25,255,000","25,873,000","22,092,000","21,316,000","22,397,000","21,531,000","17,768,000","18,108,000","18,722,000","17,964,000","17,518,000","16,787,000","17,006,000","16,853,000","16,109,000","13,683,000","13,891,000","13,793,000","13,258,000","13,930,000","11,955,000","12,167,000","11,966,000","10,198,000","10,249,000","10,343,000","10,303,000","9,524,000","11,260,000","13,843,000","11,960,000","13,286,000","9,438,000","9,321,000","7,808,000","8,056,000","9,560,000","8,912,000","8,728,000","8,150,000","8,071,000","7,119,000","6,197,000","6,591,000","6,877,000","6,699,000","7,427,000","15,295,000","8,388,000","10,127,000","8,912,073","7,619,979","7,915,000",,,,,,,,,,
	ResearchAndDevelopment,"190,627,000","54,514,000","49,468,000","44,753,000","41,892,000","42,252,000","37,717,000","31,673,000","25,956,000","27,011,000","27,742,000","27,545,000","25,458,000","22,735,000","25,630,000","23,481,000","21,609,000","21,730,000","21,442,000","20,292,000","18,894,000","17,974,000","20,472,000","17,876,000","17,321,000","16,734,000","17,272,000","15,743,000","16,038,000","14,941,000","14,679,000","13,368,000","15,603,000","12,487,000","12,643,000","12,478,000","12,123,000","13,243,000","11,967,000","12,468,000","11,118,000","11,403,000","11,792,000","11,237,000","10,086,000","10,256,000","11,291,000","11,785,000","11,040,000","10,366,000","10,080,000","9,732,000","8,117,000","9,256,000","9,420,000","8,602,000","7,572,000","7,493,000","7,489,000","6,428,000","5,932,000","5,910,000","5,897,000","5,427,000","5,067,000","3,469,000","4,150,000","3,919,000","2,403,895","2,267,720","2,093,000","1,964,000","1,364,000","1,361,482","1,372,000","1,480,000","1,281,000","1,487,264","1,093,000","924,000","955,000"
	OtherOperatingExpenses,,,,,,,,,,,,,,,,,,,,,,,,,,,,,,,,,,,,,,,"-229,000",,,,,,,,,,,,"-3,545,000",,,,"1,090,000","4,294,000","736,000","1,042,000","1,452,000","13,332,000","2,847,000","3,128,000","5,765,000","2,821,000","4,064,000",,,"12,000,000",,,,,,,,,,,,,
OperatingIncome,"268,642,000","78,152,000","80,552,000","62,224,000","47,714,000","41,502,000","61,820,000","30,037,000","33,327,000","31,685,000","30,724,000","20,622,000","21,995,000","33,486,000","33,836,000","25,522,000","22,568,000","25,393,000","24,159,000","15,260,000","13,856,000","17,222,000","15,056,000","11,519,000","10,421,000","12,075,000","13,446,000","10,422,000","6,127,000","9,231,000","10,778,000","6,878,000","385,000","8,124,000","8,760,000","4,657,000","2,004,000","-1,620,000","6,091,000","6,537,000","3,326,000","3,316,000","5,773,000","4,978,000","1,916,000","3,961,000","13,435,000","6,806,000","6,296,000","4,421,000","13,125,000","5,297,000","966,000","8,953,000","10,620,000","4,319,000","5,329,000","7,895,000","8,514,000","-7,294,000","557,000","1,248,000","-666,000","1,821,000","-1,168,000","14,050,000","6,572,000","-11,944,000","-2,214,373","-745,529","-1,103,000","4,571,000","2,158,000","-7,374,562","3,194,000","865,000","109,000","-3,589,679","370,000","187,000","-262,000"
NetNonOperatingInterestIncomeExpense,"11,637,000","3,535,000","3,050,000","2,770,000","2,282,000","2,254,000","2,311,000","2,388,000","2,374,000","2,098,000","1,850,000","1,661,000","1,696,000","1,715,000","1,583,000","1,563,000","1,460,000","1,415,000","1,346,000","1,327,000","1,264,000","568,000","780,000","597,000","543,000","550,000","-6,000","235,000","642,000","406,000","202,000","295,000","190,000","-57,000","-59,000","218,000","-10,000","-10,000","156,000","359,000","106,000","461,000","3,000","24,000","183,000","394,000","81,000","334,000","347,000","575,000","85,000","96,000","291,000",,,,,,,,,,,,,,,,,,,,,,,,,,,,
	InterestIncomeNonOperating,"11,637,000","3,535,000","3,050,000","2,770,000","2,282,000","2,254,000","2,311,000","2,388,000","2,374,000","2,098,000","1,850,000","1,661,000","1,696,000","1,715,000","1,583,000","1,563,000","1,460,000","1,415,000","1,346,000","1,327,000","1,264,000","568,000","780,000","597,000","543,000","550,000","-6,000","235,000","642,000","406,000","202,000","295,000","190,000","-57,000","-59,000","218,000","-10,000","-10,000","156,000","359,000","157,000","137,000","103,000","160,000","271,000","231,000","240,000","338,000","347,000","220,000","161,000","281,000","385,000",,,,,,,,,,,,,,,,,,,,,,,,,,,,
	InterestExpenseNonOperating,,,,,,,,,,,,,,,,,,,,,,,,,,,,,,,,,,,,,,,,,"51,000",,"100,000","136,000","88,000",,"159,000","4,000","0",,"76,000","185,000","94,000",,,,,,,,,,,,,,,,,,,,,,,,,,,,
	TotalOtherFinanceCost,,,,,,,,,,"-2,731,000","-2,257,000","-2,229,000","-3,341,000","393,000","-2,714,000","-2,232,000","-440,000","-1,647,000","-1,255,000","-1,237,000","-1,381,000","-897,000","-780,000","-597,000","-543,000","-550,000","6,000","-235,000","-642,000","-406,000","-202,000","-295,000","-190,000","57,000","59,000","-218,000","10,000","10,000",,,,,,,,,,,,,,,,,,,,,,,,,,,,,,,,,,,,,,,,,,,
OtherIncomeExpense,"-8,060,000","276,000","-5,678,000","-1,335,000","-1,323,000","686,000","-1,658,000","730,000","-6,429,000","-358,000","-285,000","65,000","1,367,000","-2,517,000","788,000","29,000","-1,551,000","-108,000","-418,000","-380,000","-169,000","-1,270,000","725,000","605,000","498,000","267,000","-142,000","-76,000","372,000","340,000","-130,000","21,000","8,890,000","-141,000","-163,000","475,000","291,000","3,211,000","229,000","244,000","-128,000","-1,267,000","-722,000","-939,000",,,,,,,,"-2,233,000","-2,046,000","-1,246,000","-1,090,000","-4,294,000","-736,000","-1,181,000","-1,452,000","-13,332,000","-2,847,000","-3,128,000","-5,765,000","-2,821,000","-4,064,000","12,049,000","-74,000","-12,045,000",,,,,,,,,,,,,
	GainOnSaleOfSecurity,"-727,000","-183,000","-171,000","-388,000","15,000","-475,000","-759,000","-133,000","3,000","819,000","249,000","693,000","1,734,000","-1,933,000","1,417,000","1,033,000","-585,000","552,000","399,000","408,000","624,000",,,,,,,,,,,,,,,,,,,,,,,,,,,,,,,,,,,,,,,,,,,,,,,,,,,,,,,,,,,,
	SecuritiesAmortization,"4,674,000","1,443,000","1,305,000","1,113,000","813,000","995,000","863,000","627,000","494,000","345,000","168,000","95,000","121,000","231,000","314,000","374,000","435,000","482,000","490,000","498,000","507,000",,,,,,,,,,,,,,,,,,,,,,,,,,,,,,,,,,,,,,,,,,,,,,,,,,,,,,,,,,,,
	SpecialIncomeCharges,"-6,225,000","420,000","-3,421,000","-1,596,000","-1,628,000","-1,540,000","-1,841,000","-2,082,000","-2,341,000","-991,000","-692,000","-503,000","-278,000","-409,000","-343,000","-640,000","-531,000","-340,000","-327,000","-290,000","-286,000","321,000","-55,000","8,000","-45,000","-283,000","-136,000","-311,000","-270,000","-66,000","-332,000","-274,000","8,700,000","-84,000","-104,000","257,000","301,000","2,600,000","229,000","244,000","-128,000","-1,267,000","-722,000","-939,000",,,,,"0","-429,000","0","-2,233,000","-2,046,000","-1,246,000","-1,090,000","-4,294,000","-736,000","-1,181,000","-1,452,000","-13,332,000","-2,847,000","-3,128,000","-5,765,000","-2,821,000","-4,064,000","12,049,000","-74,000","-12,045,000",,,,,,,,,,,,,
		OtherSpecialCharges,"6,225,000","-420,000","3,421,000","1,596,000","1,628,000","1,540,000","1,841,000","2,082,000","2,341,000","991,000","692,000","503,000","278,000","409,000","343,000","640,000","531,000","340,000","327,000","290,000","286,000","-321,000","55,000","-8,000","45,000","283,000","136,000","311,000","270,000","66,000","332,000","274,000","-8,700,000","84,000","104,000","-257,000","-301,000","-2,600,000","-229,000",,"128,000","1,267,000","722,000","939,000",,,,,,,,,,,,,,,,,,,,,,,,,,,,,,,,,,,,,
	OtherNonOperatingIncomeExpenses,"3,566,000","1,482,000","-781,000","1,762,000","1,103,000","3,696,000","1,805,000","3,572,000","-3,597,000","159,000","326,000","-30,000","32,000","56,000","28,000","10,000","440,000","1,647,000","1,255,000","1,237,000","1,381,000","-1,894,000","780,000","597,000","543,000","550,000","-6,000","235,000","642,000","406,000","202,000","295,000","190,000","-57,000","-59,000","218,000","-10,000","-10,000",,,,,,,,,,,,,,,,,,,,,,,,,,,,,,,,,,,,,,,,,,,
PretaxIncome,"272,219,000","81,963,000","77,924,000","63,659,000","48,673,000","44,442,000","62,473,000","33,155,000","29,272,000","33,425,000","32,289,000","22,348,000","25,058,000","32,684,000","36,207,000","27,114,000","22,477,000","26,700,000","25,087,000","16,207,000","14,951,000","18,440,000","15,781,000","12,124,000","10,919,000","12,342,000","13,304,000","10,346,000","6,499,000","9,571,000","10,648,000","6,899,000","9,275,000","7,983,000","8,597,000","5,132,000","2,295,000","970,000","6,476,000","7,140,000","3,304,000","2,510,000","5,054,000","4,063,000","2,099,000","4,121,000","13,516,000","7,140,000","6,643,000","4,567,000","13,210,000","3,160,000","-789,000","2,753,000","10,915,000","5,017,000","6,757,000","9,119,000","9,745,000","-6,147,000","1,557,000","1,976,000","-75,000","2,337,000","-639,000","14,708,000","6,899,000","-11,668,000","-1,882,968",,,,,,,,,,,,
TaxProvision,"30,196,000","9,292,000","9,154,000","8,490,000","3,260,000","1,555,000","6,907,000","2,988,000","-6,484,000","988,000","2,761,000","1,655,000","-1,123,000","5,046,000","4,639,000","2,908,000","621,000","14,629,000","1,445,000","1,193,000","474,000","1,866,000","1,408,000","926,000","344,000","2,233,000","2,103,000","2,447,000","536,000","711,000","-573,000","502,000","257,000","484,000","1,187,000","-357,000","-204,000","722,000","555,000","548,000","309,000","57,000","-419,000","581,000","206,000","540,000","297,000","733,000","287,000","-87,000","648,000","-26,000","-61,000","-481,000","458,000","417,000","822,000","1,784,000","1,475,000","227,000","1,495,000","3,618,000","1,797,000","1,278,000","-231,000","5,451,000","2,914,000","-4,955,000","-461,000",,,,,,,,,,,,
NetIncomeCommonStockholders,"242,023,000","72,671,000","68,770,000","55,169,000","45,413,000","42,887,000","55,566,000","30,167,000","35,756,000","32,437,000","29,528,000","20,693,000","26,181,000","27,638,000","31,568,000","24,206,000","21,856,000","12,071,000","23,642,000","15,014,000","14,477,000","16,574,000","14,373,000","11,198,000","10,575,000","10,109,000","11,201,000","7,899,000","5,963,000","8,860,000","11,221,000","6,397,000","9,018,000","7,499,000","7,410,000","5,489,000","2,499,000","248,000","5,921,000","6,592,000","2,995,000","2,453,000","5,473,000","3,482,000","1,893,000","3,581,000","13,219,000","6,407,000","6,356,000","4,654,000","12,562,000","3,186,000","-728,000","3,234,000","10,457,000","4,600,000","5,935,000","7,335,000","8,270,000","-6,374,000","62,000","-1,642,000","-1,872,000","1,059,000","-408,000","9,257,000","3,985,000","-6,713,000","-1,421,968","140,797","-1,482,000","-1,060,000","-3,234,000","21,180","-169,000","-2,018,000","-2,210,000","-921,030","-1,088,000","-727,000","-948,000"
	NetIncome,"242,023,000","72,671,000","68,770,000","55,169,000","45,413,000","42,887,000","55,566,000","30,167,000","35,756,000","32,437,000","29,528,000","20,693,000","26,181,000","27,638,000","31,568,000","24,206,000","21,856,000","12,071,000","23,642,000","15,014,000","14,477,000","16,574,000","14,373,000","11,198,000","10,575,000","10,109,000","11,201,000","7,899,000","5,963,000","8,860,000","11,221,000","6,397,000","9,018,000","7,499,000","7,410,000","5,489,000","2,499,000","248,000","5,921,000","6,592,000","2,995,000","2,453,000","5,473,000","3,482,000","1,893,000","3,581,000","13,219,000","6,407,000","6,356,000","4,654,000","12,562,000","3,186,000","-728,000","3,234,000","10,457,000","4,600,000","5,935,000","7,335,000","8,270,000","-6,374,000","62,000","-1,642,000","-1,872,000","1,059,000","-408,000","9,257,000","3,985,000","-6,713,000","-1,421,968","319,392","-1,147,000","-725,000","-2,899,000","356,057","166,000","-1,683,000","-1,875,000","-586,528","-976,000","-727,000","-948,000"
		NetIncomeIncludingNoncontrollingInterests,"242,023,000","72,671,000","68,770,000","55,169,000","45,413,000","42,887,000","55,566,000","30,167,000","35,756,000","32,437,000","29,528,000","20,693,000","26,181,000","27,638,000","31,568,000","24,206,000","21,856,000","12,071,000","23,642,000","15,014,000","14,477,000","16,574,000","14,373,000","11,198,000","10,575,000","10,109,000","11,201,000","7,899,000","5,963,000","8,860,000","11,221,000","6,397,000","9,018,000","7,499,000","7,410,000","5,489,000","2,499,000","248,000","5,921,000","6,592,000","2,995,000","2,453,000","5,473,000","3,482,000","1,893,000","3,581,000","13,219,000","6,407,000","6,356,000","4,654,000","12,562,000","3,186,000","-728,000","3,234,000","10,457,000","4,600,000","5,935,000","7,335,000","8,270,000","-6,374,000","62,000","-1,642,000","-1,872,000","1,059,000","-408,000","9,257,000","3,985,000","-6,713,000","-1,421,968","319,392","-1,147,000","-725,000","-2,899,000","356,057","166,000","-1,683,000","-1,875,000","-586,528","-976,000","-727,000","-948,000"
			NetIncomeContinuousOperations,"242,023,000","72,671,000","68,770,000","55,169,000","45,413,000","42,887,000","55,566,000","30,167,000","35,756,000","32,437,000","29,528,000","20,693,000","26,181,000","27,638,000","31,568,000","24,206,000","21,856,000","12,071,000","23,642,000","15,014,000","14,477,000","16,574,000","14,373,000","11,198,000","10,575,000","10,109,000","11,201,000","7,899,000","5,963,000","8,860,000","11,221,000","6,397,000","9,018,000","7,499,000","7,410,000","5,489,000","2,499,000","248,000","5,921,000","6,592,000","2,995,000","2,453,000","5,473,000","3,482,000","1,893,000","3,581,000","13,219,000","6,407,000","6,356,000","4,654,000","12,562,000","3,186,000","-728,000","3,234,000","10,457,000","4,600,000","5,935,000","7,335,000","8,270,000","-6,374,000","62,000","-1,642,000","-1,872,000","1,059,000","-408,000","9,257,000","3,985,000","-6,713,000","-1,421,968","319,392","-1,147,000","-725,000","-2,899,000","356,057","166,000","-1,683,000","-1,875,000","-586,528","-976,000","-727,000","-948,000"
	PreferredStockDividends,,,,,,,,,,,,,,,,,,,,,,,,,,,,,,,,,,,,,,,,,,,,,,,,,,,,,,,,,,,,,,,,,,,,,,"178,595","335,000","335,000","335,000","334,877","335,000","335,000","335,000","334,502","112,000",,
DilutedNIAvailtoComStockholders,"242,023,000","72,671,000","68,770,000","55,169,000","45,413,000","42,887,000","55,566,000","30,167,000","35,756,000","32,437,000","29,528,000","20,693,000","26,181,000","27,638,000","31,568,000","24,206,000","21,856,000","12,071,000","23,642,000","15,014,000","14,477,000","16,574,000","14,373,000","11,198,000","10,575,000","10,109,000","11,201,000","7,899,000","5,963,000","8,860,000","11,221,000","6,397,000","9,018,000","7,499,000","7,410,000","5,489,000","2,499,000","248,000","5,921,000","6,592,000","2,995,000","2,453,000","5,473,000","3,482,000","1,893,000","3,581,000","13,219,000","6,407,000","6,356,000","4,654,000","12,562,000","3,186,000","-728,000","3,234,000","10,457,000","4,600,000","5,935,000","7,335,000","8,270,000","-6,374,000","62,000","-1,642,000","-1,872,000","1,059,000","-408,000","9,257,000","3,985,000","-6,713,000","-1,421,968","140,797","-1,482,000","-1,060,000","-3,234,000","21,180","-169,000","-2,018,000","-2,210,000","-921,030","-1,088,000","-727,000","-948,000"
BasicEPS,,"1.58","1.5","1.2","1","0.95","1.24","0.67","0.8","0.75","0.68","0.48","0.61","0.65","0.75","0.57","0.52","0.29","0.57","0.36","0.35","0.41","0.35","0.28","0.26","0.26","0.28","0.2","0.15","0.23","0.29","0.17","0.23","0.2","0.2","0.15","0.07","0.01","0.17","0.19","0.09",,"0.16","0.1","0.05",,"0.37","0.18","0.18",,"0.36","0.09","-0.02",,"0.31","0.14","0.18",,"0.26","-0.2","0",,"-0.06","0.04","-0.01",,"0.33","-0.24","-0.05",,"-0.22","-0.16","-0.5",,"-0.03","-0.33","-0.37",,"-0.18","-0.12","-0.17"
DilutedEPS,,"1.51","1.44","1.16","0.95","0.9","1.18","0.64","0.77","0.7","0.64","0.45","0.58","0.61","0.71","0.55","0.49","0.27","0.54","0.35","0.33","0.39","0.34","0.27","0.25","0.24","0.28","0.19","0.15","0.22","0.28","0.16","0.23","0.19","0.19","0.14","0.07","0.01","0.16","0.18","0.08",,"0.16","0.1","0.05",,"0.35","0.17","0.17",,"0.34","0.09","-0.02",,"0.29","0.13","0.17",,"0.23","-0.2","0",,"-0.06","0.03","-0.01",,"0.31","-0.24","-0.05",,"-0.22","-0.16","-0.5",,"-0.03","-0.33","-0.37",,"-0.18","-0.12","-0.17"
BasicAverageShares,,"46,139,000","45,970,000","45,796,000","45,498,000","45,148,000","44,970,000","44,785,000","44,455,000","43,496,000","43,308,000","43,109,000","42,749,000","42,467,000","42,362,000","42,237,000","41,922,000","41,574,000","41,458,000","41,323,000","41,047,000","40,739,000","40,590,000","40,387,000","40,028,000","39,615,000","39,592,000","39,570,000","39,105,000","38,807,000","38,785,000","38,684,000","38,470,000","38,328,000","37,910,000","37,053,000","36,259,000","35,556,000","35,145,000","34,665,000","34,105,000",,"33,594,000","33,846,000","35,024,000",,"36,185,000","36,291,000","35,421,000",,"34,552,000","34,070,000","33,696,000",,"33,869,000","33,229,000","33,340,000",,"31,995,000","31,382,000","30,482,000",,"29,736,000","29,412,000","28,816,000",,"28,093,000","27,721,000","27,537,204",,"6,818,000","6,706,000","6,482,000",,"6,147,000","6,051,000","6,018,000",,"5,905,000","5,861,000","5,709,000"
DilutedAverageShares,,"48,240,000","47,852,000","47,754,000","47,711,000","47,600,000","46,955,000","46,831,000","46,670,000","46,503,000","45,833,000","45,483,000","45,232,000","45,058,000","44,669,000","44,400,000","44,282,000","44,160,000","43,486,000","43,397,000","43,268,000","42,404,000","41,895,000","41,716,000","41,646,000","41,445,000","40,689,000","40,745,000","40,596,000","40,321,000","39,727,000","39,608,000","39,517,000","39,524,000","39,009,000","38,239,000","37,708,000","36,763,000","36,438,000","35,997,000","35,538,000",,"34,240,000","34,903,000","36,105,000",,"37,727,000","38,355,000","37,783,000",,"37,247,000","36,389,000","33,696,000",,"36,602,000","36,232,000","35,891,000",,"35,953,000","31,382,000","33,759,000",,"29,736,000","33,604,000","28,816,000",,"30,642,000","27,721,000","27,537,204",,"6,818,000","6,706,000","6,482,000",,"6,147,000","6,051,000","6,018,000",,"5,905,000","5,861,000","5,709,000"
TotalOperatingIncomeAsReported,"262,417,000","78,572,000","77,131,000","60,628,000","46,086,000","39,962,000","59,979,000","27,955,000","30,986,000","30,694,000","30,032,000","20,119,000","21,717,000","33,077,000","33,493,000","24,882,000","22,037,000","25,053,000","23,832,000","14,970,000","13,570,000","17,543,000","15,001,000","11,527,000","10,376,000","11,792,000","13,310,000","10,111,000","5,857,000","9,165,000","10,446,000","6,604,000","9,085,000","8,040,000","8,656,000","4,914,000","2,305,000","980,000","6,320,000","6,781,000","3,198,000","2,411,000","5,051,000","4,039,000","1,916,000","3,961,000","13,435,000","6,806,000","6,296,000","4,421,000","13,125,000","3,064,000","-1,080,000","2,239,000","10,620,000","4,319,000","5,329,000","7,895,000","8,514,000","-7,294,000","557,000","1,248,000","-666,000","1,821,000","-1,168,000","14,050,000","6,572,000","-11,944,000","-2,214,373","-745,529","-1,103,000","-758,000","-2,924,000","310,960","160,000","-1,726,000","-1,951,000","-655,679","-957,000","-723,000","-959,000"
TotalExpenses,"939,156,000","258,352,000","242,970,000","231,093,000","206,741,000","191,541,000","197,602,000","156,172,000","132,451,000","135,053,000","138,089,000","130,385,000","119,368,000","120,011,000","126,139,000","114,239,000","106,582,000","104,037,000","104,780,000","96,938,000","86,506,000","86,396,000","91,400,000","82,560,000","74,091,000","74,844,000","77,748,000","70,994,000","67,411,000","66,472,000","67,557,000","61,558,000","59,676,000","55,436,000","56,587,000","53,057,000","49,466,000","49,834,000","50,417,000","52,070,000","47,158,000","44,145,000","47,189,000","46,650,000","42,552,000","43,096,000","52,408,000","48,884,000","43,954,000","42,126,000","34,841,000","35,876,000","28,356,000","25,756,000","38,271,000","37,183,000","30,080,000","30,592,000","31,674,000","38,127,000","23,939,000","25,148,000","27,921,000","24,780,000","25,931,000","18,481,000","23,134,000","34,201,000","16,851,382","15,544,728","15,840,000","6,693,000","4,637,000","15,537,578","4,916,000","3,810,000","3,147,000","7,830,280","3,003,000","2,526,000","2,141,000"
NetIncomeFromContinuingAndDiscontinuedOperation,"242,023,000","72,671,000","68,770,000","55,169,000","45,413,000","42,887,000","55,566,000","30,167,000","35,756,000","32,437,000","29,528,000","20,693,000","26,181,000","27,638,000","31,568,000","24,206,000","21,856,000","12,071,000","23,642,000","15,014,000","14,477,000","16,574,000","14,373,000","11,198,000","10,575,000","10,109,000","11,201,000","7,899,000","5,963,000","8,860,000","11,221,000","6,397,000","9,018,000","7,499,000","7,410,000","5,489,000","2,499,000","248,000","5,921,000","6,592,000","2,995,000","2,453,000","5,473,000","3,482,000","1,893,000","3,581,000","13,219,000","6,407,000","6,356,000","4,654,000","12,562,000","3,186,000","-728,000","3,234,000","10,457,000","4,600,000","5,935,000","7,335,000","8,270,000","-6,374,000","62,000","-1,642,000","-1,872,000","1,059,000","-408,000","9,257,000","3,985,000","-6,713,000","-1,421,968","319,392","-1,147,000","-725,000","-2,899,000","356,057","166,000","-1,683,000","-1,875,000","-586,528","-976,000","-727,000","-948,000"
NormalizedIncome,"248,203,328","72,460,868.27","71,940,035.419","56,889,128","46,917,929","44,831,496.31","57,877,400","32,182,650","37,462,740","32,603,915.901","29,932,902","20,517,060","25,118,120","29,618,424.55","30,631,472","23,855,051","22,940,752","11,943,800","23,574,176","14,904,686","14,149,715.805","15,097,260.195","14,423,092.833","11,190,611.019","10,618,582.288","10,340,797.683","11,315,502.105","8,136,443.36","6,210,731.959","8,921,097.064","11,436,800","6,651,062.618","559,067.385","7,577,907.178","7,499,640.572","5,321,950","2,303,350","-1,442,000","5,711,625.54","6,366,727.171","3,111,029.056","3,691,227.49","5,942,300","4,286,725.08","1,893,000","3,581,000","13,219,000","6,407,000","6,356,000","4,932,850","12,562,000","4,637,450","1,159,817.49","4,043,900","11,501,262.941","8,537,093.881","6,581,464.407","8,284,954.491","9,502,225.757","2,291,800","1,912,550","234,800","1,587,000","2,751,600","2,186,854.46","1,673,535.695","4,029,400","514,000","-1,421,968","319,392","-1,147,000","-725,000","-2,899,000","356,057","166,000","-1,683,000","-1,875,000","-586,528","-976,000","-727,000","-948,000"
InterestIncome,"11,637,000","3,535,000","3,050,000","2,770,000","2,282,000","2,254,000","2,311,000","2,388,000","2,374,000","2,098,000","1,850,000","1,661,000","1,696,000","1,715,000","1,583,000","1,563,000","1,460,000","1,415,000","1,346,000","1,327,000","1,264,000","568,000","780,000","597,000","543,000","550,000","-6,000","235,000","642,000","406,000","202,000","295,000","190,000","-57,000","-59,000","218,000","-10,000","-10,000","156,000","359,000","157,000","137,000","103,000","160,000","271,000","231,000","240,000","338,000","347,000","220,000","161,000","281,000","385,000",,,,,,,,,,,,,,,,,,,,,,,,,,,,
InterestExpense,,,,,,,,,,,,,,,,,,,,,,,,,,,,,,,,,,,,,,,,,"51,000",,"100,000","136,000","88,000",,"159,000","4,000","0",,"76,000","185,000","94,000",,,,,,,,,,,,,,,,,,,,,,,,,,,,
NetInterestIncome,"11,637,000","3,535,000","3,050,000","2,770,000","2,282,000","2,254,000","2,311,000","2,388,000","2,374,000","2,098,000","1,850,000","1,661,000","1,696,000","1,715,000","1,583,000","1,563,000","1,460,000","1,415,000","1,346,000","1,327,000","1,264,000","568,000","780,000","597,000","543,000","550,000","-6,000","235,000","642,000","406,000","202,000","295,000","190,000","-57,000","-59,000","218,000","-10,000","-10,000","156,000","359,000","106,000","461,000","3,000","24,000","183,000","394,000","81,000","334,000","347,000","575,000","85,000","96,000","291,000",,,,,,,,,,,,,,,,,,,,,,,,,,,,
EBIT,"268,642,000","78,152,000","80,552,000","62,224,000","47,714,000","41,502,000","61,820,000","30,037,000","33,327,000","31,685,000","30,724,000","20,622,000","21,995,000","33,486,000","33,836,000","25,522,000","22,568,000","25,393,000","24,159,000","15,260,000","13,856,000","17,222,000","15,056,000","11,519,000","10,421,000","12,075,000","13,446,000","10,422,000","6,127,000","9,231,000","10,778,000","6,878,000","385,000","8,124,000","8,760,000","4,657,000","2,004,000","-1,620,000","6,091,000","6,537,000","3,355,000","5,256,000","5,154,000","4,199,000","2,187,000","3,036,000","13,675,000","7,144,000","6,643,000","3,594,000","13,286,000","3,345,000","-695,000","8,953,000","10,620,000","4,319,000","5,329,000","7,895,000","8,514,000","-7,294,000","557,000","1,248,000","-666,000","1,821,000","-1,168,000","14,050,000","6,572,000","-11,944,000","-2,214,373","-745,529","-1,103,000","4,571,000","2,158,000","-7,374,562","3,194,000","865,000","109,000","-3,589,679","370,000","187,000","-262,000"
EBITDA,"297,341,000"
ReconciledCostOfRevenue,"522,339,000","142,630,000","137,211,000","129,102,000","113,396,000","104,169,000","116,382,000","83,616,000","74,331,000","74,802,000","75,655,000","67,782,000","63,357,000","68,904,000","70,957,000","62,197,000","57,655,000","58,269,000","58,083,000","50,773,000","45,520,000","47,106,000","48,531,000","43,153,000","39,002,000","40,002,000","41,754,000","37,287,000","33,855,000","34,744,000","35,872,000","31,337,000","27,964,000","29,266,000","30,053,000","26,786,000","24,085,000","22,661,000","26,495,000","27,435,000","24,074,000","22,544,000","25,148,000","25,070,000","22,163,000","23,316,000","29,857,000","23,256,000","20,954,000","19,208,000","18,868,000","16,823,000","12,431,000","14,564,000","18,201,000","15,375,000","13,044,000","13,907,000","14,662,000","11,248,000","8,963,000","9,519,000","9,382,000","9,833,000","9,373,000","11,717,000","10,596,000","8,155,000","5,535,414","5,657,029","5,832,000","4,729,000","3,273,000","3,189,345","3,544,000","2,330,000","1,866,000","2,133,070","1,910,000","1,602,000","1,186,000"
ReconciledDepreciation,"28,699,000","8,323,000","7,727,000","7,120,000","5,529,000","5,401,000","4,956,000","4,501,000","4,328,000","4,050,000","3,823,000","3,739,000","3,255,000","3,253,000","3,228,000","3,075,000","2,755,000","4,009,000","4,029,000","4,019,000","4,044,000","4,132,000","3,669,000","3,553,000","3,320,000","3,305,000","3,386,000","3,471,000","3,621,000","3,442,000","3,388,000","3,118,000","3,182,000","3,200,000","3,249,000","3,002,000","2,709,000","2,466,000","2,413,000","2,269,000","2,184,000","2,182,000","2,175,000","2,105,000","2,270,000","2,392,000","2,020,000","1,881,000","1,723,000","1,706,000","1,718,000","1,612,000","1,537,000","1,514,000","1,455,000","1,425,000","1,331,000","1,222,000","1,090,000","997,000","875,000","12,285,000","699,000","716,000","548,000","1,689,000","1,148,000","2,158,053","2,107,947","3,441,753",,,,,,,,,,,
NetIncomeFromContinuingOperationNetMinorityInterest,"242,023,000","72,671,000","68,770,000","55,169,000","45,413,000","42,887,000","55,566,000","30,167,000","35,756,000","32,437,000","29,528,000","20,693,000","26,181,000","27,638,000","31,568,000","24,206,000","21,856,000","12,071,000","23,642,000","15,014,000","14,477,000","16,574,000","14,373,000","11,198,000","10,575,000","10,109,000","11,201,000","7,899,000","5,963,000","8,860,000","11,221,000","6,397,000","9,018,000","7,499,000","7,410,000","5,489,000","2,499,000","248,000","5,921,000","6,592,000","2,995,000","2,453,000","5,473,000","3,482,000","1,893,000","3,581,000","13,219,000","6,407,000","6,356,000","4,654,000","12,562,000","3,186,000","-728,000","3,234,000","10,457,000","4,600,000","5,935,000","7,335,000","8,270,000","-6,374,000","62,000","-1,642,000","-1,872,000","1,059,000","-408,000","9,257,000","3,985,000","-6,713,000","-1,421,968","319,392","-1,147,000","-725,000","-2,899,000","356,057","166,000","-1,683,000","-1,875,000","-586,528","-976,000","-727,000","-948,000"
TotalUnusualItemsExcludingGoodwill,"-6,952,000","237,000","-3,592,000","-1,984,000","-1,613,000","-2,015,000","-2,600,000","-2,215,000","-2,338,000","-172,000","-443,000","190,000","1,456,000","-2,342,000","1,074,000","393,000","-1,116,000","212,000","72,000","118,000","338,000","1,643,000","-55,000","8,000","-45,000","-283,000","-136,000","-311,000","-270,000","-66,000","-332,000","-274,000","8,700,000","-84,000","-104,000","257,000","301,000","2,600,000","229,000","244,000","-128,000","-1,267,000","-722,000","-939,000",,,,,"0","-429,000","0","-2,233,000","-2,046,000","-1,246,000","-1,090,000","-4,294,000","-736,000","-1,181,000","-1,452,000","-13,332,000","-2,847,000","-3,128,000","-5,765,000","-2,821,000","-4,064,000","12,049,000","-74,000","-12,045,000",,,,,,,,,,,,,
TotalUnusualItems,"-6,952,000","237,000","-3,592,000","-1,984,000","-1,613,000","-2,015,000","-2,600,000","-2,215,000","-2,338,000","-172,000","-443,000","190,000","1,456,000","-2,342,000","1,074,000","393,000","-1,116,000","212,000","72,000","118,000","338,000","1,643,000","-55,000","8,000","-45,000","-283,000","-136,000","-311,000","-270,000","-66,000","-332,000","-274,000","8,700,000","-84,000","-104,000","257,000","301,000","2,600,000","229,000","244,000","-128,000","-1,267,000","-722,000","-939,000",,,,,"0","-429,000","0","-2,233,000","-2,046,000","-1,246,000","-1,090,000","-4,294,000","-736,000","-1,181,000","-1,452,000","-13,332,000","-2,847,000","-3,128,000","-5,765,000","-2,821,000","-4,064,000","12,049,000","-74,000","-12,045,000",,,,,,,,,,,,,
NormalizedEBITDA,"304,293,000","86,238,000","91,871,000","71,328,000","54,856,000","48,918,000","69,376,000","36,753,000","39,993,000","35,907,000","34,990,000","24,171,000","23,794,000","39,081,000","35,990,000","28,204,000","26,439,000","29,190,000","28,116,000","19,161,000","17,562,000","19,711,000","18,780,000","15,064,000","13,786,000","15,663,000","16,968,000","14,204,000","10,018,000","12,739,000","14,498,000","10,270,000","-5,133,000","11,408,000","12,113,000","7,402,000","4,412,000","-1,754,000","8,275,000","8,562,000","5,667,000","8,705,000","8,051,000","7,243,000","4,457,000","5,428,000","15,695,000","9,025,000","8,366,000","5,729,000","15,004,000","7,190,000","2,888,000","11,713,000","13,165,000","10,038,000","7,396,000","10,298,000","11,056,000","7,035,000","4,279,000","16,661,000","5,798,000","5,358,000","3,444,000","3,690,000","7,794,000","2,259,053","-106,426","2,696,224","-1,103,000","4,571,000","2,158,000","-7,374,562","3,194,000","865,000","109,000","-3,589,679","370,000","187,000","-262,000"
TaxRateForCalcs,"0.111","0.113","0.117","0.133","0.067","0.035","0.111","0.09","0.27","0.03","0.086","0.074","0.27","0.154","0.128","0.107","0.028","0.4","0.058","0.074","0.032","0.101","0.089","0.076","0.032","0.181","0.158","0.237","0.082","0.074","0.35","0.073","0.028","0.061","0.138","0.35","0.35","0.35","0.086","0.077","0.094","0.023","0.35","0.143","0.098","0.131","0.022","0.103","0.043","0.35","0.049","0.35","0.077","0.35","0.042","0.083","0.122","0.196","0.151","0.35","0.35","0.4","0.4","0.4","0.362","0.371","0.4","0.4","0.245","0.4","0.4","0.4","0.4","0.4","0.4","0.4","0.4","0.4","0.4","0.4","0.4"
TaxEffectOfUnusualItems,"-771,672","26,868.27","-421,964.581","-263,872","-108,071","-70,503.69","-288,600","-199,350","-631,260","-5,084.099","-38,098","14,060","393,120","-361,575.45","137,472","42,051","-31,248","84,800","4,176","8,686","10,715.805","166,260.195","-4,907.167","611.019","-1,417.712","-51,202.317","-21,497.895","-73,556.64","-22,268.041","-4,902.936","-116,200","-19,937.382","241,067.385","-5,092.822","-14,359.428","89,950","105,350","910,000","19,625.54","18,727.171","-11,970.944","-28,772.51","-252,700","-134,274.92","0","0","0","0","0","-150,150","0","-781,550","-158,182.51","-436,100","-45,737.059","-356,906.119","-89,535.593","-231,045.509","-219,774.243","-4,666,200","-996,450","-1,251,200","-2,306,000","-1,128,400","-1,469,145.54","4,465,535.695","-29,600","-4,818,000","0","0","0","0","0","0","0","0","0","0","0","0","0"