name,ttm,12/31/2021,09/30/2021,06/30/2021,03/31/2021,12/31/2020,09/30/2020,06/30/2020,03/31/2020,12/31/2019,09/30/2019,06/30/2019,03/31/2019,12/31/2018,09/30/2018,06/30/2018,03/31/2018,12/31/2017,09/30/2017,06/30/2017,03/31/2017,12/31/2016,09/30/2016,06/30/2016,03/31/2016,12/31/2015,09/30/2015,06/30/2015,03/31/2015,12/31/2014,09/30/2014,06/30/2014,03/31/2014,12/31/2013,09/30/2013,06/30/2013,03/31/2013,12/31/2012,09/30/2012,06/30/2012,03/31/2012,12/31/2011,09/30/2011,06/30/2011,03/31/2011,12/31/2010,09/30/2010,06/30/2010,03/31/2010,12/31/2009,09/30/2009,06/30/2009,03/31/2009,12/31/2008,09/30/2008,06/30/2008,03/31/2008,12/31/2007,09/30/2007,06/30/2007,03/31/2007,12/31/2006,09/30/2006,06/30/2006,03/31/2006,12/31/2005,09/30/2005,06/30/2005,03/31/2005,12/31/2004,09/30/2004,06/30/2004,03/31/2004,12/31/2003,09/30/2003,06/30/2003,03/31/2003,12/31/2002,09/30/2002,06/30/2002,03/31/2002,12/31/2001,09/30/2001,06/30/2001,03/31/2001,12/31/2000,09/30/2000,06/30/2000,03/31/2000,12/31/1999,09/30/1999,06/30/1999,03/31/1999,12/31/1998,09/30/1998,06/30/1998,03/31/1998,12/31/1997,09/30/1997,06/30/1997,03/31/1997,12/31/1996,09/30/1996,06/30/1996,03/31/1996,12/31/1995,09/30/1995,06/30/1995,03/31/1995,12/31/1994,09/30/1994,06/30/1994,03/31/1994,12/31/1993,09/30/1993,06/30/1993,03/31/1993,12/31/1992,09/30/1992,06/30/1992,03/31/1992,12/31/1991,09/30/1991,06/30/1991,03/31/1991,12/31/1990,09/30/1990,06/30/1990,03/31/1990,12/31/1989,09/30/1989,06/30/1989,03/31/1989,12/31/1988,09/30/1988,06/30/1988,03/31/1988,12/31/1987,09/30/1987,06/30/1987,03/31/1987,12/31/1986,09/30/1986,06/30/1986,03/31/1986,12/31/1985,09/30/1985
TotalRevenue,"184,903,000,000","51,728,000,000","45,317,000,000","46,152,000,000","41,706,000,000","43,076,000,000","37,154,000,000","38,033,000,000","35,021,000,000","36,906,000,000","33,055,000,000","33,717,000,000","30,571,000,000","32,471,000,000","29,084,000,000","30,085,000,000","26,819,000,000","28,918,000,000","24,538,000,000","23,317,000,000","22,090,000,000","24,090,000,000","20,453,000,000","20,614,000,000","20,531,000,000","23,796,000,000","20,379,000,000","22,180,000,000","21,729,000,000","26,470,000,000","23,201,000,000","23,382,000,000","20,403,000,000","24,519,000,000","18,529,000,000","19,896,000,000","20,489,000,000","21,456,000,000","16,008,000,000","18,059,000,000","17,407,000,000","20,885,000,000","17,372,000,000","17,367,000,000","16,428,000,000","19,953,000,000","16,195,000,000","16,039,000,000","14,503,000,000","19,022,000,000","12,920,000,000","13,099,000,000","13,648,000,000","16,629,000,000","15,061,000,000","15,837,000,000","14,454,000,000","16,367,000,000","13,762,000,000","13,371,000,000","14,398,000,000","12,542,000,000","10,811,000,000","11,804,000,000","10,900,000,000","11,837,000,000","9,741,000,000","10,161,000,000","9,620,000,000","10,818,000,000","9,189,000,000","9,292,000,000","9,175,000,000","10,153,000,000","8,215,000,000","8,065,000,000","7,835,000,000","8,541,000,000","7,746,000,000","7,253,000,000","7,245,000,000","7,741,000,000","6,126,000,000","6,455,000,000","6,456,000,000","6,585,000,000","5,800,000,000","5,804,000,000","5,656,000,000","6,112,000,000","5,384,000,000","6,525,000,000","4,331,000,000","4,938,000,000","3,953,000,000","3,995,000,000","3,774,000,000","3,585,000,000","3,130,000,000","3,175,000,000","3,208,000,000","2,680,000,000","2,295,000,000","2,255,000,000","2,205,000,000","2,195,000,000","2,016,000,000","1,621,000,000","1,587,000,000","1,482,000,000","1,247,000,000","1,293,000,000","1,244,000,000","1,129,000,000","983,000,000","1,039,000,000","958,000,000","938,000,000","818,000,000","815,400,000","680,900,000","681,900,000","580,500,000","526,600,000","486,900,000","460,500,000","369,400,000","336,900,000","310,900,000","300,400,000","235,200,000","220,200,000","197,000,000","209,800,000","176,400,000","170,400,000","161,800,000","155,900,000","102,600,000","99,800,000","98,400,000","81,000,000","66,800,000","61,900,000","50,500,000","42,600,000","42,600,000"
	OperatingRevenue,"184,903,000,000","51,728,000,000","45,317,000,000","46,152,000,000","41,706,000,000","43,076,000,000","37,154,000,000","38,033,000,000","35,021,000,000","36,906,000,000","33,055,000,000","33,717,000,000","30,571,000,000","32,471,000,000","29,084,000,000","30,085,000,000","26,819,000,000","28,918,000,000","24,538,000,000","23,317,000,000","22,090,000,000","24,090,000,000","20,453,000,000","20,614,000,000","20,531,000,000","23,796,000,000","20,379,000,000","22,180,000,000","21,729,000,000","26,470,000,000","23,201,000,000","23,382,000,000","20,403,000,000","24,519,000,000","18,529,000,000","19,896,000,000","20,489,000,000","21,456,000,000","16,008,000,000","18,059,000,000","17,407,000,000","20,885,000,000","17,372,000,000","17,367,000,000","16,428,000,000","19,953,000,000","16,195,000,000","16,039,000,000","14,503,000,000","19,022,000,000","12,920,000,000","13,099,000,000","13,648,000,000","16,629,000,000","15,061,000,000","15,837,000,000","14,454,000,000","16,367,000,000","13,762,000,000","13,371,000,000","14,398,000,000","12,542,000,000","10,811,000,000","11,804,000,000","10,900,000,000","11,837,000,000","9,741,000,000","10,161,000,000","9,620,000,000","10,818,000,000","9,189,000,000","9,292,000,000","9,175,000,000","10,153,000,000","8,215,000,000","8,065,000,000","7,835,000,000","8,541,000,000","7,746,000,000","7,253,000,000","7,245,000,000","7,741,000,000","6,126,000,000","6,455,000,000","6,456,000,000","6,585,000,000","5,800,000,000","5,804,000,000","5,656,000,000","6,112,000,000","5,384,000,000","6,525,000,000","4,331,000,000","4,938,000,000","3,953,000,000","3,995,000,000","3,774,000,000","3,585,000,000","3,130,000,000","3,175,000,000","3,208,000,000","2,680,000,000","2,295,000,000","2,255,000,000","2,205,000,000","2,195,000,000","2,016,000,000","1,621,000,000","1,587,000,000","1,482,000,000","1,247,000,000","1,293,000,000","1,244,000,000","1,129,000,000","983,000,000","1,039,000,000","958,000,000","938,000,000","818,000,000","815,400,000","680,900,000","681,900,000","580,500,000","526,600,000","486,900,000","460,500,000","369,400,000","336,900,000","310,900,000","300,400,000","235,200,000","220,200,000","197,000,000","209,800,000","176,400,000","170,400,000","161,800,000","155,900,000","102,600,000","99,800,000","98,400,000","81,000,000","66,800,000","61,900,000","50,500,000","42,600,000","42,600,000"
CostOfRevenue,"57,642,000,000","16,960,000,000","13,646,000,000","13,991,000,000","13,045,000,000","14,194,000,000","11,002,000,000","12,339,000,000","10,975,000,000","12,358,000,000","10,406,000,000","10,412,000,000","10,170,000,000","12,423,000,000","9,905,000,000","9,742,000,000","9,269,000,000","11,064,000,000","8,278,000,000","8,456,000,000","8,060,000,000","9,901,000,000","7,844,000,000","7,979,000,000","7,722,000,000","9,872,000,000","7,207,000,000","7,468,000,000","7,161,000,000","10,136,000,000","8,273,000,000","7,595,000,000","5,941,000,000","8,284,000,000","5,114,000,000","5,602,000,000","4,787,000,000","5,692,000,000","4,168,000,000","4,163,000,000","3,952,000,000","5,638,000,000","3,777,000,000","3,708,000,000","3,897,000,000","4,833,000,000","3,139,000,000","3,170,000,000","2,755,000,000","3,628,000,000","2,842,000,000","2,586,000,000","2,814,000,000","3,907,000,000","2,848,000,000","2,866,000,000","2,514,000,000","3,543,000,000","2,675,000,000","3,237,000,000","2,140,000,000","3,620,000,000","1,696,000,000","2,130,000,000","2,028,000,000","2,239,000,000","1,253,000,000","1,410,000,000","1,399,000,000","1,922,000,000","1,469,000,000","1,481,000,000","1,411,000,000","2,344,000,000","1,480,000,000","1,238,000,000","1,215,000,000","2,034,000,000","1,199,000,000","1,368,000,000","1,395,000,000","1,544,000,000","884,000,000","1,717,000,000","469,000,000","660,000,000","609,000,000","1,074,000,000","477,000,000","431,000,000","272,000,000","1,228,000,000","192,000,000","256,000,000","128,000,000","66,000,000","38,000,000","44,000,000","25,000,000","99,000,000","189,000,000","152,000,000","88,000,000","97,000,000","106,000,000","252,000,000","253,000,000","168,000,000","165,000,000","156,000,000","119,000,000","135,000,000","135,000,000","138,000,000","118,000,000","141,000,000","123,700,000","121,000,000","97,000,000","97,400,000","82,600,000","90,300,000","83,800,000","69,300,000","76,400,000","78,100,000","63,000,000","56,200,000","54,100,000","54,800,000","41,300,000",,,,,,,,,,,,,,,,
GrossProfit,"127,261,000,000","34,768,000,000","31,671,000,000","32,161,000,000","28,661,000,000","28,882,000,000","26,152,000,000","25,694,000,000","24,046,000,000","24,548,000,000","22,649,000,000","23,305,000,000","20,401,000,000","20,048,000,000","19,179,000,000","20,343,000,000","17,550,000,000","17,854,000,000","16,260,000,000","14,861,000,000","14,030,000,000","14,189,000,000","12,609,000,000","12,635,000,000","12,809,000,000","13,924,000,000","13,172,000,000","14,712,000,000","14,568,000,000","16,334,000,000","14,928,000,000","15,787,000,000","14,462,000,000","16,235,000,000","13,415,000,000","14,294,000,000","15,702,000,000","15,764,000,000","11,840,000,000","13,896,000,000","13,455,000,000","15,247,000,000","13,595,000,000","13,659,000,000","12,531,000,000","15,120,000,000","13,056,000,000","12,869,000,000","11,748,000,000","15,394,000,000","10,078,000,000","10,513,000,000","10,834,000,000","12,722,000,000","12,213,000,000","12,971,000,000","11,940,000,000","12,824,000,000","11,087,000,000","10,134,000,000","12,258,000,000","8,922,000,000","9,115,000,000","9,674,000,000","8,872,000,000","9,598,000,000","8,488,000,000","8,751,000,000","8,221,000,000","8,896,000,000","7,720,000,000","7,811,000,000","7,764,000,000","7,809,000,000","6,735,000,000","6,827,000,000","6,620,000,000","6,507,000,000","6,547,000,000","5,885,000,000","5,850,000,000","6,197,000,000","5,242,000,000","4,738,000,000","5,987,000,000","5,925,000,000","5,191,000,000","4,730,000,000","5,179,000,000","5,681,000,000","5,112,000,000","5,297,000,000","4,139,000,000","4,682,000,000","3,825,000,000","3,929,000,000","3,736,000,000","3,541,000,000","3,105,000,000","3,076,000,000","3,019,000,000","2,528,000,000","2,207,000,000","2,158,000,000","2,099,000,000","1,943,000,000","1,763,000,000","1,453,000,000","1,422,000,000","1,326,000,000","1,128,000,000","1,158,000,000","1,109,000,000","991,000,000","865,000,000","898,000,000","834,300,000","817,000,000","721,000,000","718,000,000","598,300,000","591,600,000","496,700,000","457,300,000","410,500,000","382,400,000","306,400,000","280,700,000","256,800,000","245,600,000","193,900,000",,,,,,,,,,,,,,,,
OperatingExpense,"48,633,000,000","12,521,000,000","11,433,000,000","13,066,000,000","11,613,000,000","10,985,000,000","10,276,000,000","12,287,000,000","11,071,000,000","10,657,000,000","9,963,000,000","10,900,000,000","10,060,000,000","9,790,000,000","9,224,000,000","9,964,000,000","9,258,000,000","9,175,000,000","8,552,000,000","9,225,000,000","8,436,000,000","8,012,000,000","7,384,000,000","8,445,000,000","7,526,000,000","7,898,000,000","7,379,000,000","8,327,000,000","7,784,000,000","8,315,000,000","7,944,000,000","9,178,000,000","7,488,000,000","8,266,000,000","7,081,000,000","8,221,000,000","8,090,000,000","7,993,000,000","6,532,000,000","7,511,000,000","7,081,000,000","7,253,000,000","6,392,000,000","7,488,000,000","6,822,000,000","6,955,000,000","5,940,000,000","6,880,000,000","6,575,000,000","6,881,000,000","5,596,000,000","6,526,000,000","6,396,000,000","6,783,000,000","6,214,000,000","7,287,000,000","7,531,000,000","6,343,000,000","5,169,000,000","6,145,000,000","5,669,000,000","5,450,000,000","4,641,000,000","5,793,000,000","4,984,000,000","4,941,000,000","4,442,000,000","5,762,000,000","4,892,000,000","4,147,000,000","4,226,000,000","4,678,000,000","6,486,000,000","6,334,000,000","3,587,000,000","4,634,000,000","2,905,000,000","3,248,000,000","2,497,000,000","3,011,000,000","2,552,000,000","3,356,000,000","2,345,000,000","1,987,000,000","2,989,000,000","2,731,000,000","2,414,000,000","2,101,000,000","2,483,000,000","2,769,000,000","2,320,000,000","2,339,000,000","1,909,000,000","1,933,000,000","1,719,000,000","2,006,000,000","1,809,000,000","1,878,000,000","1,678,000,000","1,497,000,000","1,451,000,000","1,447,000,000","1,305,000,000","1,348,000,000","1,325,000,000","1,157,000,000","1,055,000,000","921,000,000","873,000,000","806,000,000","691,000,000","670,000,000","629,000,000","576,000,000","522,000,000","525,000,000","496,300,000","491,000,000","432,000,000","422,000,000","347,300,000","345,500,000","293,800,000","263,300,000","237,000,000","223,100,000","183,400,000","170,200,000","150,400,000","138,600,000","124,500,000",,,,,,,,,,,,,,,,
	SellingGeneralAndAdministration,"26,385,000,000","6,763,000,000","5,834,000,000","7,379,000,000","6,409,000,000","6,086,000,000","5,350,000,000","7,073,000,000","6,184,000,000","6,054,000,000","5,398,000,000","6,387,000,000","5,744,000,000","5,720,000,000","5,247,000,000","6,031,000,000","5,543,000,000","5,671,000,000","4,978,000,000","5,711,000,000","5,081,000,000","4,950,000,000","4,278,000,000","5,299,000,000","4,546,000,000","4,998,000,000","4,417,000,000","5,233,000,000","4,800,000,000","5,412,000,000","4,879,000,000","6,055,000,000","4,745,000,000","5,518,000,000","4,314,000,000","5,438,000,000","5,450,000,000","5,465,000,000","4,072,000,000","4,917,000,000","4,564,000,000","4,882,000,000","4,063,000,000","5,095,000,000","4,553,000,000","4,770,000,000","3,744,000,000","4,530,000,000","4,355,000,000","4,802,000,000","3,531,000,000","4,591,000,000","3,894,000,000","4,493,000,000","3,931,000,000","4,880,000,000","5,496,000,000","4,458,000,000","3,332,000,000","4,197,000,000","3,919,000,000","3,813,000,000","2,855,000,000","3,932,000,000","3,367,000,000","3,350,000,000","2,927,000,000","4,071,000,000","3,384,000,000","2,710,000,000","2,678,000,000","3,019,000,000","4,948,000,000","3,363,000,000","1,976,000,000","3,298,000,000","1,794,000,000","2,130,000,000","1,403,000,000","1,827,000,000","1,486,000,000","2,312,000,000","1,332,000,000","1,595,000,000","1,437,000,000","1,502,000,000","1,208,000,000","1,353,000,000","1,218,000,000","1,533,000,000","1,046,000,000","762,000,000","1,140,000,000","1,089,000,000","929,000,000","1,047,000,000","933,000,000","982,000,000","883,000,000","838,000,000","851,000,000","818,000,000","711,000,000","751,000,000","772,000,000","766,000,000","684,000,000","591,000,000","584,000,000","541,000,000","446,000,000","424,000,000","400,000,000","529,000,000","481,000,000","486,000,000","459,000,000","455,000,000","394,000,000","382,700,000","319,800,000","320,700,000","273,100,000","235,100,000","217,900,000","207,600,000","170,400,000","156,400,000","138,400,000","127,600,000","115,000,000",,,,,,,,,,,,,,,,
		GeneralAndAdministrativeExpense,"5,520,000,000","1,384,000,000","1,287,000,000","1,522,000,000","1,327,000,000","1,139,000,000","1,119,000,000","1,656,000,000","1,273,000,000","1,121,000,000","1,061,000,000","1,425,000,000","1,179,000,000","1,132,000,000","1,149,000,000","1,271,000,000","1,208,000,000","1,109,000,000","1,166,000,000","1,355,000,000","1,202,000,000","879,000,000","1,045,000,000","1,301,000,000","1,140,000,000","1,038,000,000","1,084,000,000","1,272,000,000","1,091,000,000","1,097,000,000","1,151,000,000","1,373,000,000","1,203,000,000","1,235,000,000","1,010,000,000","1,210,000,000","1,656,000,000","1,156,000,000","1,127,000,000","1,136,000,000","1,150,000,000","1,120,000,000","1,163,000,000","1,179,000,000","1,160,000,000","945,000,000","938,000,000","928,000,000","1,152,000,000","1,183,000,000","741,000,000","1,399,000,000","913,000,000",,,,,,,,,,,,,,,,,,,,,,,,,,,,,,,,,,,,,,,,,,,,,,,,,,,,,,,,,,,,,,,,,,,,,,,,,,,,,,,,,,,,,,,,,,,,,,
			SalariesAndWages,,,,,,,,,,,,,,,,,,,,,,,,,,,,,,,,,,,,,,,,,,,,,,,,,"0","59,000,000","0",,,,,,,,,,,,,,,,,,,,,,,,,,,,,,,,,,,,,,,,,,,,,,,,,,,,,,,,,,,,,,,,,,,,,,,,,,,,,,,,,,,,,,,,,,,,,,,,
			OtherGandA,"5,520,000,000","1,384,000,000","1,287,000,000","1,522,000,000","1,327,000,000","1,139,000,000","1,119,000,000","1,656,000,000","1,273,000,000","1,121,000,000","1,061,000,000","1,425,000,000","1,179,000,000","1,132,000,000","1,149,000,000","1,271,000,000","1,208,000,000","1,109,000,000","1,166,000,000","1,355,000,000","1,202,000,000","879,000,000","1,045,000,000","1,301,000,000","1,140,000,000","1,038,000,000","1,084,000,000","1,272,000,000","1,091,000,000","1,097,000,000","1,151,000,000","1,373,000,000","1,203,000,000","1,235,000,000","1,010,000,000","1,210,000,000","1,656,000,000","1,156,000,000","1,127,000,000","1,136,000,000","1,150,000,000","1,120,000,000","1,163,000,000","1,179,000,000","1,160,000,000","945,000,000","938,000,000","987,000,000","1,152,000,000","1,124,000,000","741,000,000","1,069,000,000","913,000,000",,,,,,,,,,,,,,,,,,,,,,,,,,,,,,,,,,,,,,,,,,,,,,,,,,,,,,,,,,,,,,,,,,,,,,,,,,,,,,,,,,,,,,,,,,,,,,
		SellingAndMarketingExpense,"20,865,000,000","5,379,000,000","4,547,000,000","5,857,000,000","5,082,000,000","4,947,000,000","4,231,000,000","5,417,000,000","4,911,000,000","4,933,000,000","4,337,000,000","4,962,000,000","4,565,000,000","4,588,000,000","4,098,000,000","4,760,000,000","4,335,000,000","4,562,000,000","3,812,000,000","4,356,000,000","3,879,000,000","4,071,000,000","3,233,000,000","3,998,000,000","3,406,000,000","3,960,000,000","3,333,000,000","3,961,000,000","3,709,000,000","4,315,000,000","3,728,000,000","4,682,000,000","3,542,000,000","4,283,000,000","3,304,000,000","4,228,000,000","3,794,000,000","4,309,000,000","2,945,000,000","3,781,000,000","3,414,000,000","3,762,000,000","2,900,000,000","3,916,000,000","3,393,000,000","3,825,000,000","2,806,000,000","3,602,000,000","3,203,000,000","3,619,000,000","2,790,000,000","3,192,000,000","2,981,000,000",,,,,,,,,,,,,,,,,,,,,,,,,,,,,,,,,,,,,,,,,,,,,,,,,,,,,,,,,,,,,,,,,,,,,,,,,,,,,,,,,,,,,,,,,,,,,,
	ResearchAndDevelopment,"22,248,000,000","5,758,000,000","5,599,000,000","5,687,000,000","5,204,000,000","4,899,000,000","4,926,000,000","5,214,000,000","4,887,000,000","4,603,000,000","4,565,000,000","4,513,000,000","4,316,000,000","4,070,000,000","3,977,000,000","3,933,000,000","3,715,000,000","3,504,000,000","3,574,000,000","3,514,000,000","3,355,000,000","3,062,000,000","3,106,000,000","3,146,000,000","2,980,000,000","2,900,000,000","2,962,000,000","3,094,000,000","2,984,000,000","2,903,000,000","3,065,000,000","3,123,000,000","2,743,000,000","2,748,000,000","2,767,000,000","2,783,000,000","2,640,000,000","2,528,000,000","2,460,000,000","2,594,000,000","2,517,000,000","2,371,000,000","2,329,000,000","2,393,000,000","2,269,000,000","2,185,000,000","2,196,000,000","2,350,000,000","2,220,000,000","2,079,000,000","2,065,000,000","2,225,000,000","2,212,000,000","2,290,000,000","2,283,000,000","2,407,000,000","2,035,000,000","1,885,000,000","1,837,000,000","1,948,000,000","1,750,000,000","1,637,000,000","1,786,000,000","1,861,000,000","1,617,000,000","1,591,000,000","1,515,000,000","1,691,000,000","1,508,000,000","1,437,000,000","1,548,000,000","1,659,000,000","1,538,000,000","2,971,000,000","1,611,000,000","1,336,000,000","1,111,000,000","1,118,000,000","1,094,000,000","1,184,000,000","1,066,000,000","1,044,000,000","1,013,000,000","1,364,000,000","1,069,000,000","990,000,000","956,000,000","1,040,000,000","990,000,000","911,000,000","834,000,000","1,081,000,000","611,000,000","667,000,000","611,000,000","711,000,000","597,000,000","627,000,000","567,000,000","516,000,000","492,000,000","485,000,000","432,000,000","453,000,000","364,000,000","313,000,000","302,000,000","264,000,000","219,000,000","199,000,000","178,000,000","170,000,000","156,000,000",,,,,,,,,,,,,,,,,,,,,,,,,,,,,,,,,,
	DepreciationAmortizationDepletionIncomeStatement,,,,,,,,,,,,,,,,,,,,,,,,,,,,,,,,,,,,,,,,,,,,,,,,,,,,,,,,,,,,,,,,,,,,,,,,,,,,,,,,,,,,,"483,000,000","239,000,000","250,000,000","-292,000,000","275,000,000","325,000,000","440,000,000","496,000,000","158,000,000","177,000,000","179,000,000","248,000,000","279,000,000","269,000,000","228,000,000","143,000,000","108,000,000","144,000,000","162,000,000","144,000,000","189,000,000","78,000,000","69,000,000","66,000,000","70,000,000","66,000,000","67,000,000","76,000,000","73,000,000","47,000,000","41,000,000","39,000,000","37,300,000","36,000,000","38,000,000","39,300,000","27,500,000","24,800,000","20,700,000","28,200,000","19,100,000","15,500,000","13,000,000","13,800,000","12,000,000","11,000,000","9,500,000",,,,,,,,,,,,,,,,
		DepreciationAndAmortizationInIncomeStatement,,,,,,,,,,,,,,,,,,,,,,,,,,,,,,,,,,,,,,,,,,,,,,,,,,,,,,,,,,,,,,,,,,,,,,,,,,,,,,,,,,,,,"483,000,000","239,000,000","250,000,000","-292,000,000","275,000,000","325,000,000","440,000,000","496,000,000","158,000,000","177,000,000","179,000,000","248,000,000","279,000,000","269,000,000","228,000,000","143,000,000","108,000,000","144,000,000","162,000,000","144,000,000","189,000,000","78,000,000","69,000,000","66,000,000","70,000,000","66,000,000","67,000,000","76,000,000","73,000,000","47,000,000","41,000,000","39,000,000","37,300,000","36,000,000","38,000,000","39,300,000","27,500,000","24,800,000","20,700,000","28,200,000","19,100,000","15,500,000","13,000,000","13,800,000","12,000,000","11,000,000","9,500,000",,,,,,,,,,,,,,,,
	OtherOperatingExpenses,,,,,,,,,,,,,,,,,,,,,,,,,,,,,,,,,,,,,,,,,,,,,,,,,,,,,"290,000,000",,,,,,,,,,,,,,,,,,,,,,,,,,,,,,,,,,,,,,,,,,,,,,,,,,,,,,,,,,,,,,,,,,,,,,,,,,,,,,,,,,,,,,,,,,,,,,
OperatingIncome,"78,628,000,000","22,247,000,000","20,238,000,000","19,095,000,000","17,048,000,000","17,897,000,000","15,876,000,000","13,407,000,000","12,975,000,000","13,891,000,000","12,686,000,000","12,405,000,000","10,341,000,000","10,258,000,000","9,955,000,000","10,379,000,000","8,292,000,000","8,679,000,000","7,708,000,000","5,636,000,000","5,594,000,000","6,177,000,000","5,225,000,000","4,190,000,000","5,283,000,000","6,026,000,000","5,793,000,000","6,385,000,000","6,784,000,000","8,019,000,000","6,984,000,000","6,609,000,000","6,974,000,000","7,969,000,000","6,334,000,000","6,073,000,000","7,612,000,000","7,771,000,000","5,308,000,000","6,385,000,000","6,374,000,000","7,994,000,000","7,203,000,000","6,171,000,000","5,709,000,000","8,165,000,000","7,116,000,000","5,989,000,000","5,173,000,000","8,513,000,000","4,482,000,000","3,987,000,000","4,438,000,000","5,939,000,000","5,999,000,000","5,684,000,000","4,409,000,000","6,481,000,000","5,918,000,000","3,989,000,000","6,589,000,000","3,472,000,000","4,474,000,000","3,881,000,000","3,888,000,000","4,657,000,000","4,046,000,000","2,989,000,000","3,329,000,000","4,749,000,000","3,494,000,000","3,133,000,000","1,278,000,000","1,475,000,000","3,148,000,000","2,193,000,000","3,715,000,000","3,259,000,000","4,050,000,000","2,874,000,000","3,298,000,000","2,841,000,000","2,897,000,000","2,751,000,000","2,998,000,000","3,194,000,000","2,777,000,000","2,629,000,000","2,696,000,000","2,912,000,000","2,792,000,000","2,958,000,000","2,230,000,000","2,749,000,000","2,106,000,000","1,923,000,000","1,927,000,000","1,663,000,000","1,427,000,000","1,579,000,000","1,568,000,000","1,081,000,000","902,000,000","810,000,000","774,000,000","786,000,000","708,000,000","532,000,000","549,000,000","520,000,000","437,000,000","488,000,000","480,000,000","415,000,000","343,000,000","373,000,000","338,000,000","326,000,000","289,000,000","296,000,000","251,000,000","246,100,000","202,900,000","194,000,000","173,500,000","159,300,000","123,000,000","110,500,000","106,400,000","107,000,000","69,400,000","-341,100,000","197,000,000","209,800,000","176,400,000","-233,000,000","161,800,000","155,900,000","102,600,000","-119,200,000","98,400,000","81,000,000","66,800,000","-74,700,000","50,500,000","42,600,000","42,600,000"
NetNonOperatingInterestIncomeExpense,"-211,000,000","-22,000,000","-19,000,000","-56,000,000","-114,000,000","-26,000,000","-589,000,000","1,994,000,000","-614,000,000","-654,000,000","-637,000,000","2,093,000,000","-671,000,000","-672,000,000","-674,000,000","-672,000,000","-691,000,000","-698,000,000","-672,000,000","-655,000,000","-609,000,000","-521,000,000","-437,000,000","-345,000,000","-340,000,000","-309,000,000","-249,000,000","-247,000,000","-211,000,000","-162,000,000","-161,000,000","-169,000,000","-175,000,000","-135,000,000","-118,000,000","-120,000,000","-109,000,000","-105,000,000","-95,000,000",,,"87,000,000","117,000,000","175,000,000","132,000,000","133,000,000","165,000,000","-641,000,000","166,000,000","159,000,000","165,000,000","160,000,000","164,000,000",,,,,,,,,,,,,,,,,,,,,,,,,,,,,,,,,,,,,,,,,,,,,,,,,,,,,,,,,,,,,,,,,,,,,,,,,,,,,,,,,,,,,,,,,,,,,,
	InterestIncomeNonOperating,"2,039,000,000","503,000,000","520,000,000","497,000,000","519,000,000","545,000,000",,,,,,,,,,,,,,,,,,,,,,,,,,,,,,,,,,,,"182,000,000","211,000,000","269,000,000","216,000,000","205,000,000","210,000,000",,"166,000,000","159,000,000","165,000,000","160,000,000","164,000,000",,,,,,,,,,,,,,,,,,,,,,,,,,,,,,,,,,,,,,,,,,,,,,,,,,,,,,,,,,,,,,,,,,,,,,,,,,,,,,,,,,,,,,,,,,,,,,
	InterestExpenseNonOperating,"2,250,000,000","525,000,000","539,000,000","553,000,000","633,000,000","571,000,000","589,000,000","686,000,000","614,000,000","654,000,000","637,000,000","669,000,000","671,000,000","672,000,000","674,000,000","672,000,000","691,000,000","698,000,000","672,000,000","655,000,000","609,000,000","521,000,000","437,000,000","345,000,000","340,000,000","309,000,000","249,000,000","247,000,000","211,000,000","162,000,000","161,000,000","169,000,000","175,000,000","135,000,000","118,000,000","120,000,000","109,000,000","105,000,000","95,000,000",,,"95,000,000","94,000,000","94,000,000","84,000,000","72,000,000","45,000,000",,,,,,,,,,,,,,,,,,,,,,,,,,,,,,,,,,,,,,,,,,,,,,,,,,,,,,,,,,,,,,,,,,,,,,,,,,,,,,,,,,,,,,,,,,,,,,,,,,,,
OtherIncomeExpense,"1,263,000,000","290,000,000","305,000,000","366,000,000","302,000,000","466,000,000","837,000,000","-1,979,000,000","482,000,000","848,000,000","637,000,000","-1,902,000,000","816,000,000","799,000,000","940,000,000","973,000,000","1,040,000,000","1,188,000,000","948,000,000","564,000,000","931,000,000","707,000,000","537,000,000","-498,000,000","93,000,000","138,000,000","-31,000,000","-7,894,000,000","-56,000,000","-7,000,000","-927,000,000","137,000,000","158,000,000","44,000,000","192,000,000","192,000,000","100,000,000","104,000,000","321,000,000","-5,646,000,000","-11,000,000","158,000,000","-14,000,000","-27,000,000","184,000,000","199,000,000","-51,000,000","676,000,000","2,000,000","211,000,000","118,000,000","-5,000,000","-552,000,000","-476,000,000","-215,000,000","67,000,000","175,000,000","133,000,000","59,000,000","-1,024,000,000","382,000,000","333,000,000","567,000,000","377,000,000","427,000,000","480,000,000","506,000,000","872,000,000","496,000,000","420,000,000","279,000,000","571,000,000","1,001,000,000","837,000,000","753,000,000","265,000,000","46,000,000","-92,000,000","-407,000,000","-1,094,000,000","295,000,000","99,000,000","-1,459,000,000","-3,105,000,000","164,000,000","293,000,000","644,000,000","1,022,000,000","917,000,000","779,000,000","528,000,000","430,000,000","719,000,000","302,000,000","397,000,000","165,000,000","130,000,000","107,000,000","-225,000,000","47,000,000","35,000,000","59,000,000","43,000,000","50,000,000","90,000,000","99,000,000","62,000,000","15,000,000","43,000,000","37,000,000","34,000,000","52,000,000","-98,000,000","23,000,000","19,000,000","17,000,000","19,000,000","21,000,000","18,000,000","13,000,000","11,900,000","11,600,000","8,800,000","6,600,000","6,000,000","4,200,000","4,000,000","7,100,000","4,200,000","2,500,000","3,500,000",,,,,,,,,,,,,,,,
	GainOnSaleOfSecurity,"1,233,000,000","294,000,000","299,000,000","344,000,000","296,000,000","396,000,000","837,000,000","-1,979,000,000","485,000,000","867,000,000","655,000,000","-1,781,000,000","800,000,000","765,000,000","926,000,000","1,034,000,000","1,033,000,000","1,154,000,000","987,000,000","893,000,000","970,000,000","881,000,000","552,000,000","651,000,000","142,000,000","152,000,000","62,000,000","540,000,000","161,000,000","445,000,000","248,000,000","330,000,000","230,000,000","155,000,000","112,000,000","87,000,000","180,000,000","137,000,000","119,000,000",,,"108,000,000","-10,000,000","-27,000,000","177,000,000","199,000,000","-13,000,000","1,029,000,000",,,"70,000,000",,,,,,,,,,,,,,,,,,,,,,,,,,,,,,,,,,,,,,,,,,,,,,,,,,,,,,,,,,,,,,,,,,,,,,,,,,,,,,,,,,,,,,,,,,,,,,,,
	EarningsFromEquityInterest,,,,,,,,,,,,,,,,,,,,,,,,,,,,,,,,,,,,,,,,,,,,,,,,,,,,,,,,,,,,,,,,,"-1,000,000",,,,"-1,000,000","3,000,000","10,000,000","1,000,000","-11,000,000","-5,000,000","-10,000,000","-15,000,000","-19,000,000","-12,000,000","-22,000,000","-14,000,000","-11,000,000","-37,000,000","-30,000,000","-33,000,000","-46,000,000",,,,,,,,,,,,,,,,,,,,,,,,,,,,,,,,,,,,,,,,,,,,,,,,,,,,,,,,,,,,,,
	SpecialIncomeCharges,,,,,,,,,,,,,,,,"0",,,,"-306,000,000",,,,"-1,110,000,000","0","0","0","-8,438,000,000","-190,000,000","-243,000,000","-1,140,000,000","-127,000,000",,,,"0",,,,"-6,530,000,000","-11,000,000","50,000,000","-4,000,000","0","7,000,000","0","-38,000,000","-367,000,000","2,000,000","211,000,000","48,000,000","1,187,000,000","-552,000,000","-476,000,000","-215,000,000","-505,000,000","175,000,000","133,000,000","59,000,000","-990,000,000","382,000,000","333,000,000","567,000,000","465,000,000","428,000,000","480,000,000","506,000,000","884,000,000","497,000,000","417,000,000","269,000,000","570,000,000","1,012,000,000","842,000,000","763,000,000","280,000,000","65,000,000","-80,000,000","-385,000,000","-1,080,000,000","306,000,000","136,000,000","-1,429,000,000","-3,072,000,000","210,000,000","293,000,000","644,000,000","1,022,000,000","917,000,000","779,000,000","528,000,000","430,000,000","719,000,000","302,000,000","397,000,000","165,000,000","130,000,000","107,000,000","-225,000,000","47,000,000","35,000,000","59,000,000","43,000,000","50,000,000","90,000,000","99,000,000","62,000,000","15,000,000","43,000,000","37,000,000","34,000,000","52,000,000","-98,000,000","23,000,000","19,000,000","17,000,000","19,000,000","21,000,000","18,000,000","13,000,000","11,900,000","11,600,000","8,800,000","6,600,000","6,000,000","4,200,000","4,000,000","7,100,000","4,200,000","2,500,000","3,500,000",,,,,,,,,,,,,,,,
		RestructuringAndMergernAcquisition,,,,,,,,,,,,,,,,"0",,,,"306,000,000",,,,"1,110,000,000","0","0","0","8,438,000,000","190,000,000","243,000,000","1,140,000,000","127,000,000",,,,,,,,,,,,,,,,,,,,,,,,,,,,,,,,,,,,,,,,,,,,,,,,,,,,,,,,,,,,,,,,,,,,,,,,,,,,,,,,,,,,,,,,,,,,,,,,,,,,,,,,,,,,,,,,,,,
		ImpairmentOfCapitalAssets,,,,,,,,,,,,,,,,,,,,,,,,,,,,,,,,,,,,"0",,,,"6,193,000,000",,,,,,,,,,,,,,,,,,,,,,,,,,,,,,,,,,,,,,,,,,,,,,,,,,,,,,,,,,,,,,,,,,,,,,,,,,,,,,,,,,,,,,,,,,,,,,,,,,,,,,,,,,,
	OtherNonOperatingIncomeExpenses,"30,000,000","-4,000,000","6,000,000","22,000,000","6,000,000","70,000,000",,"0","-3,000,000","-19,000,000","-18,000,000","-121,000,000","16,000,000","34,000,000","14,000,000","-61,000,000","7,000,000","34,000,000","-39,000,000","-23,000,000","-39,000,000","-174,000,000","-15,000,000","-39,000,000","-49,000,000","-14,000,000","-93,000,000","4,000,000","-27,000,000","-209,000,000","-35,000,000","-66,000,000","-72,000,000","-111,000,000","80,000,000","105,000,000","-80,000,000","-33,000,000","202,000,000","167,000,000",,,,,,,,,,,,,,,,,,,,,,,,,,,,,,,,,,,,,,,,,,,,,,,,,,,,,,,,,,,,,,,,,,,,,,,,,,,,,,,,,,,,,,,,,,,,,,,,,,,,,,,,,,,
PretaxIncome,"79,680,000,000","22,515,000,000","20,524,000,000","19,405,000,000","17,236,000,000","18,337,000,000","16,124,000,000","13,422,000,000","12,843,000,000","14,085,000,000","12,686,000,000","12,596,000,000","10,486,000,000","10,385,000,000","10,221,000,000","10,680,000,000","8,641,000,000","9,169,000,000","7,984,000,000","5,545,000,000","5,916,000,000","6,363,000,000","5,325,000,000","3,347,000,000","5,036,000,000","5,855,000,000","5,513,000,000","-1,756,000,000","6,517,000,000","7,850,000,000","5,896,000,000","6,577,000,000","6,957,000,000","7,878,000,000","6,408,000,000","6,145,000,000","7,603,000,000","7,770,000,000","5,534,000,000","359,000,000","6,363,000,000","8,239,000,000","7,306,000,000","6,319,000,000","6,025,000,000","8,497,000,000","7,230,000,000","6,024,000,000","5,341,000,000","8,883,000,000","4,765,000,000","4,142,000,000","4,050,000,000","5,638,000,000","5,991,000,000","5,968,000,000","4,810,000,000","6,820,000,000","6,216,000,000","4,284,000,000","6,971,000,000","3,805,000,000","5,041,000,000","4,258,000,000","4,315,000,000","5,137,000,000","4,552,000,000","3,861,000,000","3,825,000,000","5,169,000,000","3,773,000,000","3,704,000,000","2,279,000,000","2,312,000,000","3,901,000,000","2,867,000,000","4,168,000,000","3,622,000,000","4,069,000,000","2,243,000,000","4,026,000,000","3,357,000,000","1,887,000,000","98,000,000","3,658,000,000","3,917,000,000","3,852,000,000","3,651,000,000","3,613,000,000","3,691,000,000","3,320,000,000","3,388,000,000","2,949,000,000","3,051,000,000","2,503,000,000","2,088,000,000","2,057,000,000","1,770,000,000","1,202,000,000","1,626,000,000","1,603,000,000","1,140,000,000","945,000,000","860,000,000","864,000,000","885,000,000","770,000,000","547,000,000","592,000,000","557,000,000","471,000,000","540,000,000","382,000,000","438,000,000","362,000,000","390,000,000","357,000,000","347,000,000","307,000,000","309,000,000","262,900,000","257,700,000","211,700,000","200,600,000","179,500,000","163,500,000","127,000,000","117,600,000","110,600,000","109,500,000","72,900,000",,,,,,,,,,,,,,,,
TaxProvision,"8,495,000,000","3,750,000,000","19,000,000","2,947,000,000","1,779,000,000","2,874,000,000","2,231,000,000","2,220,000,000","2,091,000,000","2,436,000,000","2,008,000,000","-591,000,000","1,677,000,000","1,965,000,000","1,397,000,000","1,807,000,000","1,217,000,000","15,471,000,000","1,408,000,000","-968,000,000","1,115,000,000","1,163,000,000","635,000,000","225,000,000","1,280,000,000","857,000,000","893,000,000","1,439,000,000","1,532,000,000","1,987,000,000","1,356,000,000","1,965,000,000","1,297,000,000","1,320,000,000","1,164,000,000","1,180,000,000","1,548,000,000","1,393,000,000","1,068,000,000","851,000,000","1,255,000,000","1,615,000,000","1,568,000,000","445,000,000","793,000,000","1,863,000,000","1,820,000,000","1,506,000,000","1,335,000,000","2,221,000,000","1,191,000,000","1,097,000,000","1,073,000,000","1,464,000,000","1,618,000,000","1,671,000,000","422,000,000","2,113,000,000","1,927,000,000","1,249,000,000","2,045,000,000","1,179,000,000","1,563,000,000","1,430,000,000","1,338,000,000","1,484,000,000","1,411,000,000","161,000,000","1,262,000,000","1,706,000,000","1,245,000,000","1,014,000,000","964,000,000","763,000,000","1,287,000,000","946,000,000","1,374,000,000","1,070,000,000","1,343,000,000","718,000,000","1,288,000,000","1,074,000,000","604,000,000","33,000,000","1,207,000,000","1,293,000,000","1,271,000,000","1,242,000,000","1,228,000,000","1,255,000,000","1,129,000,000","1,186,000,000","1,032,000,000","1,068,000,000","820,000,000","731,000,000","720,000,000","637,000,000","539,000,000","569,000,000","561,000,000","399,000,000","331,000,000","301,000,000","302,000,000","310,000,000","271,000,000","179,000,000","196,000,000","184,000,000","155,000,000","178,000,000","126,000,000","149,000,000","123,000,000","125,000,000","114,000,000","111,000,000","98,000,000","98,900,000","84,100,000","82,500,000","67,700,000","62,200,000","55,700,000","50,600,000","39,400,000","37,600,000","35,400,000","35,000,000","23,300,000",,,,,,,,,,,,,,,,
NetIncomeCommonStockholders,"71,185,000,000","18,765,000,000","20,505,000,000","16,458,000,000","15,457,000,000","15,463,000,000","13,893,000,000","11,202,000,000","10,752,000,000","11,649,000,000","10,678,000,000","13,187,000,000","8,809,000,000","8,420,000,000","8,824,000,000","8,873,000,000","7,424,000,000","-6,302,000,000","6,576,000,000","6,513,000,000","4,801,000,000","5,200,000,000","4,690,000,000","3,122,000,000","3,756,000,000","4,998,000,000","4,620,000,000","-3,195,000,000","4,985,000,000","5,863,000,000","4,540,000,000","4,612,000,000","5,660,000,000","6,558,000,000","5,244,000,000","4,965,000,000","6,055,000,000","6,377,000,000","4,466,000,000","-492,000,000","5,108,000,000","6,624,000,000","5,738,000,000","5,874,000,000","5,232,000,000","6,634,000,000","5,410,000,000","4,518,000,000","4,006,000,000","6,662,000,000","3,574,000,000","3,045,000,000","2,977,000,000","4,174,000,000","4,373,000,000","4,297,000,000","4,388,000,000","4,707,000,000","4,289,000,000","3,035,000,000","4,926,000,000","2,626,000,000","3,478,000,000","2,828,000,000","2,977,000,000","3,653,000,000","3,141,000,000","3,700,000,000","2,563,000,000","3,463,000,000","2,528,000,000","2,690,000,000","1,315,000,000","1,549,000,000","2,614,000,000","1,921,000,000","2,794,000,000","2,552,000,000","2,726,000,000","1,525,000,000","2,738,000,000","2,283,000,000","1,283,000,000","65,000,000","2,451,000,000","2,624,000,000","2,206,000,000","2,409,000,000","2,385,000,000","2,429,000,000","2,184,000,000","2,195,000,000","1,910,000,000","1,976,000,000","1,676,000,000","1,350,000,000","1,330,000,000","1,126,000,000","656,000,000","1,050,000,000","1,035,000,000","740,000,000","614,000,000","559,000,000","562,000,000","575,000,000","499,000,000","368,000,000","396,000,000","373,000,000","316,000,000","362,000,000","256,000,000","289,000,000","239,000,000","265,000,000","243,000,000","236,000,000","209,000,000","210,100,000","178,800,000","175,200,000","144,000,000","138,400,000","123,800,000","112,900,000","87,600,000","80,000,000","75,200,000","74,500,000","49,600,000",,,,,,,,,,,,,,,,
	NetIncome,"71,185,000,000","18,765,000,000","20,505,000,000","16,458,000,000","15,457,000,000","15,463,000,000","13,893,000,000","11,202,000,000","10,752,000,000","11,649,000,000","10,678,000,000","13,187,000,000","8,809,000,000","8,420,000,000","8,824,000,000","8,873,000,000","7,424,000,000","-6,302,000,000","6,576,000,000","6,513,000,000","4,801,000,000","5,200,000,000","4,690,000,000","3,122,000,000","3,756,000,000","4,998,000,000","4,620,000,000","-3,195,000,000","4,985,000,000","5,863,000,000","4,540,000,000","4,612,000,000","5,660,000,000","6,558,000,000","5,244,000,000","4,965,000,000","6,055,000,000","6,377,000,000","4,466,000,000","-492,000,000","5,108,000,000","6,624,000,000","5,738,000,000","5,874,000,000","5,232,000,000","6,634,000,000","5,410,000,000","4,518,000,000","4,006,000,000","6,662,000,000","3,574,000,000","3,045,000,000","2,977,000,000","4,174,000,000","4,373,000,000","4,297,000,000","4,388,000,000","4,707,000,000","4,289,000,000","3,035,000,000","4,926,000,000","2,626,000,000","3,478,000,000","2,828,000,000","2,977,000,000","3,653,000,000","3,141,000,000","3,700,000,000","2,563,000,000","3,463,000,000","2,528,000,000","2,690,000,000","1,315,000,000","1,549,000,000","2,614,000,000","1,921,000,000","2,794,000,000","2,552,000,000","2,726,000,000","1,525,000,000","2,738,000,000","2,283,000,000","1,283,000,000","65,000,000","2,451,000,000","2,624,000,000","2,206,000,000","2,409,000,000","2,385,000,000","2,436,000,000","2,191,000,000","2,202,000,000","1,917,000,000","1,983,000,000","1,683,000,000","1,357,000,000","1,337,000,000","1,133,000,000","663,000,000","1,057,000,000","1,042,000,000","741,000,000","614,000,000","559,000,000","562,000,000","575,000,000","499,000,000","368,000,000","396,000,000","373,000,000","316,000,000","362,000,000","256,000,000","289,000,000","239,000,000","265,000,000","243,000,000","236,000,000","209,000,000","210,100,000","178,800,000","175,200,000","144,000,000","138,400,000","123,800,000","112,900,000","87,600,000","80,000,000","75,200,000","74,500,000","49,600,000",,,,,,,,,,,,,,,,
		NetIncomeIncludingNoncontrollingInterests,"71,185,000,000","18,765,000,000","20,505,000,000","16,458,000,000","15,457,000,000","15,463,000,000","13,893,000,000","11,202,000,000","10,752,000,000","11,649,000,000","10,678,000,000","13,187,000,000","8,809,000,000","8,420,000,000","8,824,000,000","8,873,000,000","7,424,000,000","-6,302,000,000","6,576,000,000","6,513,000,000","4,801,000,000","5,200,000,000","4,690,000,000","3,122,000,000","3,756,000,000","4,998,000,000","4,620,000,000","-3,195,000,000","4,985,000,000","5,863,000,000","4,540,000,000","4,612,000,000","5,660,000,000","6,558,000,000","5,244,000,000","4,965,000,000","6,055,000,000","6,377,000,000","4,466,000,000","-492,000,000","5,108,000,000","6,624,000,000","5,738,000,000","5,874,000,000","5,232,000,000","6,634,000,000","5,410,000,000","4,518,000,000","4,006,000,000","6,662,000,000","3,574,000,000","3,045,000,000","2,977,000,000","4,174,000,000","4,373,000,000","4,297,000,000","4,388,000,000","4,707,000,000","4,289,000,000","3,035,000,000","4,926,000,000","2,626,000,000","3,478,000,000","2,828,000,000","2,977,000,000","3,653,000,000","3,141,000,000","3,700,000,000","2,563,000,000","3,463,000,000","2,528,000,000","2,690,000,000","1,315,000,000","1,549,000,000","2,614,000,000","1,921,000,000","2,794,000,000","2,552,000,000","2,726,000,000","1,525,000,000","2,738,000,000","2,283,000,000","1,283,000,000","65,000,000","2,451,000,000","2,624,000,000","2,206,000,000","2,409,000,000","2,385,000,000","2,436,000,000","2,191,000,000","2,202,000,000","1,917,000,000","1,983,000,000","1,683,000,000","1,357,000,000","1,337,000,000","1,133,000,000","663,000,000","1,057,000,000","1,042,000,000","741,000,000","614,000,000","559,000,000","562,000,000","575,000,000","499,000,000","368,000,000","396,000,000","373,000,000","316,000,000","362,000,000","256,000,000","289,000,000","239,000,000","265,000,000","243,000,000","236,000,000","209,000,000","210,100,000","178,800,000","175,200,000","144,000,000","138,400,000","123,800,000","112,900,000","87,600,000","80,000,000","75,200,000","74,500,000","49,600,000","45,300,000","41,100,000","47,500,000","36,600,000","30,000,000","37,300,000","35,300,000","21,300,000","17,300,000","19,100,000","19,700,000","15,800,000","11,600,000","10,600,000","8,600,000","8,600,000"
			NetIncomeContinuousOperations,"71,185,000,000","18,765,000,000","20,505,000,000","16,458,000,000","15,457,000,000","15,463,000,000","13,893,000,000","11,202,000,000","10,752,000,000","11,649,000,000","10,678,000,000","13,187,000,000","8,809,000,000","8,420,000,000","8,824,000,000","8,873,000,000","7,424,000,000","-6,302,000,000","6,576,000,000","6,513,000,000","4,801,000,000","5,200,000,000","4,690,000,000","3,122,000,000","3,756,000,000","4,998,000,000","4,620,000,000","-3,195,000,000","4,985,000,000","5,863,000,000","4,540,000,000","4,612,000,000","5,660,000,000","6,558,000,000","5,244,000,000","4,965,000,000","6,055,000,000","6,377,000,000","4,466,000,000","-492,000,000","5,108,000,000","6,624,000,000","5,738,000,000","5,874,000,000","5,232,000,000","6,634,000,000","5,410,000,000","4,518,000,000","4,006,000,000","6,662,000,000","3,574,000,000","3,045,000,000","2,977,000,000","4,174,000,000","4,373,000,000","4,297,000,000","4,388,000,000","4,707,000,000","4,289,000,000","3,035,000,000","4,926,000,000","2,626,000,000","3,478,000,000","2,828,000,000","2,977,000,000","3,653,000,000","3,141,000,000","3,700,000,000","2,563,000,000","3,463,000,000","2,528,000,000","2,690,000,000","1,315,000,000","1,549,000,000","2,614,000,000","1,921,000,000","2,794,000,000","2,552,000,000","2,726,000,000","1,525,000,000","2,738,000,000","2,283,000,000","1,283,000,000","65,000,000","2,451,000,000","2,624,000,000","2,581,000,000","2,409,000,000","2,385,000,000","2,436,000,000","2,191,000,000","2,202,000,000","1,917,000,000","1,983,000,000","1,683,000,000","1,357,000,000","1,337,000,000","1,133,000,000","663,000,000","1,057,000,000","1,042,000,000","741,000,000","614,000,000","559,000,000","562,000,000","575,000,000","499,000,000","368,000,000","396,000,000","373,000,000","316,000,000","362,000,000","256,000,000","289,000,000","239,000,000","265,000,000","243,000,000","236,000,000","209,000,000","210,100,000","178,800,000","175,200,000","144,000,000","138,400,000","123,800,000","112,900,000","87,600,000","80,000,000","75,200,000","74,500,000","49,600,000","45,300,000","41,100,000","47,500,000","36,600,000","30,000,000","37,300,000","35,300,000","21,300,000","17,300,000","19,100,000","19,700,000","15,800,000","11,600,000","10,600,000","8,600,000","8,600,000"
			NetIncomeExtraordinary,,,,,,,,,,,,,,,,,,,,,,,,,,,,,,,,,,,,,,,,,,,,,,,,,,,,,,,,,,,,,,,,,,,,,,,,,,,,,,,,,,,,"0",,,"-375,000,000",,,,,,,,,,,,,,,,,,,,,,,,,,,,,,,,,,,,,,,,,,,,,,,,,,,,,,,,,,,,
	PreferredStockDividends,,,,,,,,,,,,,,,,,,,,,,,,,,,,,,,,,,,,,,,,,,,,,,,,,,,,,,,,,,,,,,,,,,,,,,,,,,,,,,,,,,,,,,,,"0",,"7,000,000","7,000,000","7,000,000","7,000,000","7,000,000","7,000,000","7,000,000","7,000,000","7,000,000","7,000,000","7,000,000","7,000,000","1,000,000",,,,,,,,,,,,,,,,,,,,,,,,,,,,,,,,,,,,,,,,,,,,,
DilutedNIAvailtoComStockholders,"71,185,000,000","18,765,000,000","20,505,000,000","16,458,000,000","15,457,000,000","15,463,000,000","13,893,000,000","11,202,000,000","10,752,000,000","11,649,000,000","10,678,000,000","13,187,000,000","8,809,000,000","8,420,000,000","8,824,000,000","8,873,000,000","7,424,000,000","-6,302,000,000","6,576,000,000","6,513,000,000","4,801,000,000","5,200,000,000","4,690,000,000","3,122,000,000","3,756,000,000","4,998,000,000","4,620,000,000","-3,195,000,000","4,985,000,000","5,863,000,000","4,540,000,000","4,612,000,000","5,660,000,000","6,558,000,000","5,244,000,000","4,965,000,000","6,055,000,000","6,377,000,000","4,466,000,000","-492,000,000","5,108,000,000","6,624,000,000","5,738,000,000","5,874,000,000","5,232,000,000","6,634,000,000","5,410,000,000","4,518,000,000","4,006,000,000","6,662,000,000","3,574,000,000","3,045,000,000","2,977,000,000","4,174,000,000","4,373,000,000","4,297,000,000","4,388,000,000","4,707,000,000","4,289,000,000","3,035,000,000","4,926,000,000","2,626,000,000","3,478,000,000","2,828,000,000","2,977,000,000","3,653,000,000","3,141,000,000","3,700,000,000","2,563,000,000","3,463,000,000","2,528,000,000","2,690,000,000","1,315,000,000","1,549,000,000","2,614,000,000","1,921,000,000","2,794,000,000","2,552,000,000","2,726,000,000","1,525,000,000","2,738,000,000","2,283,000,000","1,283,000,000","65,000,000","2,451,000,000","2,624,000,000","2,206,000,000","2,409,000,000","2,385,000,000","2,429,000,000","2,184,000,000","2,195,000,000","1,910,000,000","1,976,000,000","1,676,000,000","1,350,000,000","1,330,000,000","1,126,000,000","656,000,000","1,050,000,000","1,035,000,000","740,000,000","614,000,000","559,000,000","562,000,000","575,000,000","499,000,000","368,000,000","396,000,000","373,000,000","316,000,000","362,000,000","256,000,000","289,000,000","239,000,000","265,000,000","243,000,000","236,000,000","209,000,000","210,100,000","178,800,000","175,200,000","144,000,000","138,400,000","123,800,000","112,900,000","87,600,000","80,000,000","75,200,000","74,500,000","49,600,000",,,,,,,,,,,,,,,,
BasicEPS,,"2.5","2.73","2.19","2.05","2.05","1.84","1.48","1.41","1.53","1.4","1.72","1.15","1.09","1.15","1.15","0.96","-0.82","0.85","0.84","0.62","0.67","0.6","0.4","0.48","0.63","0.58","-0.4","0.61","0.71","0.55","0.56","0.68","0.79","0.63","0.59","0.72","0.76","0.53","-0.06","0.61","0.79","0.68",,"0.62","0.78","0.63",,"0.46","0.75","0.4",,"0.33","0.47","0.48",,"0.47","0.5","0.46",,"0.51","0.27","0.35",,"0.29","0.35","0.29",,"0.24","0.32","0.23",,"0.12","0.14","0.24",,"0.26","0.24","0.255",,"0.255","0.21","0.12",,"0.23","0.245","0.21",,"0.23","0.235","0.215",,"0.19","0.2","0.17",,"0.14","0.12","0.07",,"0.11","0.08","0.065",,"0.055","0.06","0.05",,"0.04","0.04","0.035",,"0.03","0.03","0.025",,"0.025","0.025","0.025",,"0.02","0.02","0.02",,"0.015","0.015","0.01",,"0.01","0.01","0.01",,"0.01","0.01","0.005",,"0.005","0.005","0.005",,"0.005","0.005","0.005",,"0.005","0.005","0.005"
DilutedEPS,,"2.48","2.71","2.17","2.03","2.03","1.82","1.46","1.4","1.51","1.38","1.71","1.14","1.08","1.14","1.14","0.95","-0.82","0.84","0.83","0.61","0.66","0.6","0.39","0.47","0.62","0.57","-0.4","0.61","0.71","0.54","0.55","0.68","0.78","0.62","0.59","0.72","0.76","0.53","-0.06","0.6","0.78","0.68",,"0.61","0.77","0.62",,"0.45","0.74","0.4",,"0.33","0.47","0.48",,"0.47","0.5","0.45",,"0.5","0.26","0.35",,"0.29","0.34","0.29",,"0.23","0.32","0.23",,"0.12","0.14","0.24",,"0.26","0.235","0.25",,"0.245","0.205","0.115",,"0.22","0.235","0.2",,"0.215","0.22","0.2",,"0.175","0.185","0.155",,"0.125","0.105","0.065",,"0.1","0.07","0.06",,"0.055","0.06","0.05",,"0.04","0.04","0.035",,"0.03","0.03","0.025",,"0.025","0.025","0.025",,"0.02","0.02","0.02",,"0.015","0.015","0.01",,"0.01","0.01","0.01",,"0.01","0.01","0.005",,"0.005","0.005","0.005",,"0.005","0.005","0.005",,"0.005","0.005","0.005"
BasicAverageShares,,"7,505,000,000","7,513,000,000","7,527,000,000","7,539,000,000","7,555,000,000","7,566,000,000","7,580,000,000","7,602,000,000","7,621,000,000","7,634,000,000","7,655,000,000","7,672,000,000","7,692,000,000","7,673,000,000","7,683,000,000","7,698,000,000","7,710,000,000","7,708,000,000","7,715,000,000","7,725,000,000","7,755,000,000","7,789,000,000","7,842,000,000","7,895,000,000","7,964,000,000","7,996,000,000","8,061,000,000","8,167,000,000","8,228,000,000","8,249,000,000","8,246,000,000","8,284,000,000","8,326,000,000","8,339,000,000","8,345,000,000","8,364,000,000","8,393,000,000","8,396,000,000","8,388,000,000","8,401,000,000","8,402,000,000","8,392,000,000",,"8,420,000,000","8,497,000,000","8,614,000,000",,"8,767,000,000","8,856,000,000","8,914,000,000",,"8,891,000,000","8,903,000,000","9,084,000,000",,"9,307,000,000","9,361,000,000","9,380,000,000",,"9,725,000,000","9,806,000,000","9,929,000,000",,"10,303,000,000","10,560,000,000","10,696,000,000",,"10,856,000,000","10,877,000,000","10,873,000,000",,"10,785,000,000","10,810,000,000","10,811,000,000",,"10,715,000,000","10,702,000,000","10,738,000,000",,"10,830,000,000","10,790,000,000","10,796,000,000",,"10,672,000,000","10,660,000,000","10,598,000,000",,"10,418,000,000","10,326,000,000","10,258,000,000",,"10,110,000,000","9,996,000,000","9,916,000,000",,"9,732,000,000","9,696,000,000","9,640,000,000",,"9,409,090,909","9,250,000,000","9,446,153,846",,"10,218,181,818","9,583,333,333","9,980,000,000",,"9,900,000,000","9,325,000,000","9,028,571,429",,"8,533,333,333","9,633,333,333","9,560,000,000",,"9,720,000,000","9,440,000,000","8,360,000,000",,"8,940,000,000","8,760,000,000","7,200,000,000",,"8,253,333,333","7,526,666,667","8,760,000,000",,"7,520,000,000","7,450,000,000","7,911,504,000",,"7,799,744,000","7,752,544,000","7,719,776,000",,"7,658,752,000","7,583,104,000","7,583,104,000",,"7,342,400,000","7,342,400,000","7,342,400,000",,"7,110,816,000","7,117,928,640","7,117,928,640"
DilutedAverageShares,,"7,555,000,000","7,567,000,000","7,581,000,000","7,597,000,000","7,616,000,000","7,637,000,000","7,650,000,000","7,675,000,000","7,691,000,000","7,710,000,000","7,730,000,000","7,744,000,000","7,768,000,000","7,766,000,000","7,775,000,000","7,794,000,000","7,710,000,000","7,799,000,000","7,806,000,000","7,813,000,000","7,830,000,000","7,876,000,000","7,929,000,000","7,985,000,000","8,028,000,000","8,066,000,000","8,061,000,000","8,237,000,000","8,297,000,000","8,351,000,000","8,345,000,000","8,367,000,000","8,395,000,000","8,434,000,000","8,442,000,000","8,429,000,000","8,444,000,000","8,494,000,000","8,388,000,000","8,498,000,000","8,465,000,000","8,490,000,000",,"8,510,000,000","8,570,000,000","8,695,000,000",,"8,876,000,000","8,951,000,000","8,983,000,000",,"8,904,000,000","8,914,000,000","9,183,000,000",,"9,428,000,000","9,503,000,000","9,513,000,000",,"9,862,000,000","9,942,000,000","10,010,000,000",,"10,415,000,000","10,638,000,000","10,772,000,000",,"10,931,000,000","10,956,000,000","10,920,000,000",,"10,856,000,000","10,899,000,000","10,885,000,000",,"10,864,000,000","10,882,000,000","10,916,000,000",,"11,128,000,000","11,112,000,000","11,134,000,000",,"11,126,000,000","11,140,000,000","11,114,000,000",,"11,086,000,000","11,040,909,091","11,054,000,000",,"11,024,000,000","10,920,000,000","10,868,000,000",,"10,740,000,000","10,672,000,000","10,664,000,000",,"10,350,000,000","10,571,428,571","10,233,333,333",,"10,218,181,818","9,583,333,333","9,980,000,000",,"9,900,000,000","9,325,000,000","9,028,571,429",,"8,533,333,333","9,633,333,333","9,560,000,000",,"9,720,000,000","9,440,000,000","8,360,000,000",,"8,940,000,000","8,760,000,000","7,200,000,000",,"8,253,333,333","7,526,666,667","8,760,000,000",,"7,520,000,000","7,450,000,000","7,911,504,000",,"7,799,744,000","7,752,544,000","7,719,776,000",,"7,658,752,000","7,583,104,000","7,583,104,000",,"7,342,400,000","7,342,400,000","7,342,400,000",,"7,110,816,000","7,117,928,640","7,117,928,640"
TotalOperatingIncomeAsReported,"78,628,000,000","22,247,000,000","20,238,000,000","19,095,000,000","17,048,000,000","17,897,000,000","15,876,000,000","13,407,000,000","12,975,000,000","13,891,000,000","12,686,000,000","12,405,000,000","10,341,000,000","10,258,000,000","9,955,000,000","10,379,000,000","8,292,000,000","8,679,000,000","7,708,000,000","5,330,000,000","5,594,000,000","6,177,000,000","5,225,000,000","3,080,000,000","5,283,000,000","6,026,000,000","5,793,000,000","-2,053,000,000","6,594,000,000","7,776,000,000","5,844,000,000","6,482,000,000","6,974,000,000","7,969,000,000","6,334,000,000","6,073,000,000","7,612,000,000","7,771,000,000","5,308,000,000","192,000,000","6,374,000,000","7,994,000,000","7,203,000,000","6,171,000,000","5,709,000,000","8,165,000,000","7,116,000,000","5,930,000,000","5,173,000,000","8,513,000,000","4,482,000,000","3,987,000,000","4,438,000,000","5,939,000,000","5,999,000,000","5,684,000,000","4,409,000,000","6,481,000,000","5,918,000,000","3,989,000,000","6,589,000,000","3,472,000,000","4,474,000,000","3,881,000,000","3,888,000,000","4,657,000,000","4,046,000,000","2,989,000,000","3,329,000,000","4,749,000,000","3,494,000,000","3,133,000,000","1,278,000,000","1,475,000,000","3,148,000,000","2,193,000,000","3,715,000,000","3,259,000,000","4,050,000,000","2,874,000,000","3,298,000,000","2,841,000,000","2,897,000,000","2,751,000,000","2,998,000,000","3,194,000,000","2,777,000,000","2,629,000,000","2,696,000,000","2,912,000,000","2,792,000,000","2,958,000,000","2,230,000,000","2,749,000,000","2,106,000,000","1,923,000,000","1,927,000,000","1,663,000,000","1,427,000,000","1,579,000,000","1,568,000,000","1,081,000,000","902,000,000","810,000,000","774,000,000","786,000,000","708,000,000","532,000,000","549,000,000","520,000,000","437,000,000","488,000,000","480,000,000","415,000,000","343,000,000","373,000,000","338,000,000","326,000,000","289,000,000","296,000,000","251,000,000","246,100,000","202,900,000","194,000,000","173,500,000","159,300,000","123,000,000","110,500,000","106,400,000","107,000,000","69,400,000",,,,,,,,,,,,,,,,
TotalExpenses,"106,275,000,000","29,481,000,000","25,079,000,000","27,057,000,000","24,658,000,000","25,179,000,000","21,278,000,000","24,626,000,000","22,046,000,000","23,015,000,000","20,369,000,000","21,312,000,000","20,230,000,000","22,213,000,000","19,129,000,000","19,706,000,000","18,527,000,000","20,239,000,000","16,830,000,000","17,681,000,000","16,496,000,000","17,913,000,000","15,228,000,000","16,424,000,000","15,248,000,000","17,770,000,000","14,586,000,000","15,795,000,000","14,945,000,000","18,451,000,000","16,217,000,000","16,773,000,000","13,429,000,000","16,550,000,000","12,195,000,000","13,823,000,000","12,877,000,000","13,685,000,000","10,700,000,000","11,674,000,000","11,033,000,000","12,891,000,000","10,169,000,000","11,196,000,000","10,719,000,000","11,788,000,000","9,079,000,000","10,050,000,000","9,330,000,000","10,509,000,000","8,438,000,000","9,112,000,000","9,210,000,000","10,690,000,000","9,062,000,000","10,153,000,000","10,045,000,000","9,886,000,000","7,844,000,000","9,382,000,000","7,809,000,000","9,070,000,000","6,337,000,000","7,923,000,000","7,012,000,000","7,180,000,000","5,695,000,000","7,172,000,000","6,291,000,000","6,069,000,000","5,695,000,000","6,159,000,000","7,897,000,000","8,678,000,000","5,067,000,000","5,872,000,000","4,120,000,000","5,282,000,000","3,696,000,000","4,379,000,000","3,947,000,000","4,900,000,000","3,229,000,000","3,704,000,000","3,458,000,000","3,391,000,000","3,023,000,000","3,175,000,000","2,960,000,000","3,200,000,000","2,592,000,000","3,567,000,000","2,101,000,000","2,189,000,000","1,847,000,000","2,072,000,000","1,847,000,000","1,922,000,000","1,703,000,000","1,596,000,000","1,640,000,000","1,599,000,000","1,393,000,000","1,445,000,000","1,431,000,000","1,409,000,000","1,308,000,000","1,089,000,000","1,038,000,000","962,000,000","810,000,000","805,000,000","764,000,000","714,000,000","640,000,000","666,000,000","620,000,000","612,000,000","529,000,000","519,400,000","429,900,000","435,800,000","377,600,000","332,600,000","313,400,000","301,200,000","246,400,000","226,400,000","204,500,000","193,400,000","165,800,000",,,,,,,,,,,,,,,,
NetIncomeFromContinuingAndDiscontinuedOperation,"71,185,000,000","18,765,000,000","20,505,000,000","16,458,000,000","15,457,000,000","15,463,000,000","13,893,000,000","11,202,000,000","10,752,000,000","11,649,000,000","10,678,000,000","13,187,000,000","8,809,000,000","8,420,000,000","8,824,000,000","8,873,000,000","7,424,000,000","-6,302,000,000","6,576,000,000","6,513,000,000","4,801,000,000","5,200,000,000","4,690,000,000","3,122,000,000","3,756,000,000","4,998,000,000","4,620,000,000","-3,195,000,000","4,985,000,000","5,863,000,000","4,540,000,000","4,612,000,000","5,660,000,000","6,558,000,000","5,244,000,000","4,965,000,000","6,055,000,000","6,377,000,000","4,466,000,000","-492,000,000","5,108,000,000","6,624,000,000","5,738,000,000","5,874,000,000","5,232,000,000","6,634,000,000","5,410,000,000","4,518,000,000","4,006,000,000","6,662,000,000","3,574,000,000","3,045,000,000","2,977,000,000","4,174,000,000","4,373,000,000","4,297,000,000","4,388,000,000","4,707,000,000","4,289,000,000","3,035,000,000","4,926,000,000","2,626,000,000","3,478,000,000","2,828,000,000","2,977,000,000","3,653,000,000","3,141,000,000","3,700,000,000","2,563,000,000","3,463,000,000","2,528,000,000","2,690,000,000","1,315,000,000","1,549,000,000","2,614,000,000","1,921,000,000","2,794,000,000","2,552,000,000","2,726,000,000","1,525,000,000","2,738,000,000","2,283,000,000","1,283,000,000","65,000,000","2,451,000,000","2,624,000,000","2,581,000,000","2,409,000,000","2,385,000,000","2,436,000,000","2,191,000,000","2,202,000,000","1,917,000,000","1,983,000,000","1,683,000,000","1,357,000,000","1,337,000,000","1,133,000,000","663,000,000","1,057,000,000","1,042,000,000","741,000,000","614,000,000","559,000,000","562,000,000","575,000,000","499,000,000","368,000,000","396,000,000","373,000,000","316,000,000","362,000,000","256,000,000","289,000,000","239,000,000","265,000,000","243,000,000","236,000,000","209,000,000","210,100,000","178,800,000","175,200,000","144,000,000","138,400,000","123,800,000","112,900,000","87,600,000","80,000,000","75,200,000","74,500,000","49,600,000",,,,,,,,,,,,,,,,
NormalizedIncome,"70,083,455,007.53","18,520,980,000","20,206,000,000","16,166,242,617.882","15,190,600,000","15,130,360,000","13,173,180,000","12,853,673,223.067","10,344,600,000","10,929,390,000","10,127,800,000","14,487,130,000","8,137,000,000","7,800,350,000","8,027,640,000","8,013,947,378.277","6,535,620,000","-6,994,400,000","5,766,660,000","6,160,800,000","4,015,300,000","4,477,580,000","4,204,240,000","3,550,144,009.561","3,649,500,000","4,868,800,000","4,567,920,000","1,543,800,000","5,007,040,000","5,711,500,000","5,226,840,000","4,469,649,992.398","5,473,700,000","6,429,350,000","5,152,160,000","4,894,706,265.256","5,911,000,000","6,264,660,000","4,369,610,000","3,178,550,000","5,116,830,425.9","6,497,600,000","5,748,995,346.291","5,899,098,591.549","5,072,217,759.336","6,478,631,517.006","5,448,161,825.726","4,021,500,000","4,004,499,906.385","6,503,755,938.309","3,485,493,809.024","3,048,675,760.502","3,382,754,074.074","4,526,398,722.951","4,529,934,568.519","4,248,759,550.938","4,228,353,430.353","4,615,206,598.24","4,248,290,379.665","3,736,365,546.218","4,656,062,831.731","2,396,181,865.966","3,086,802,618.528","2,519,164,866.134","2,681,714,716.107","3,311,664,590.228","2,791,846,660.808","2,852,861,952.862","2,229,977,516.34","3,183,628,554.846","2,347,763,583.355","2,276,042,116.631","707,800,000","984,874,567.474","2,102,725,455.012","1,733,389,257.063","2,750,427,543.186","2,608,366,648.261","2,983,928,237.896","2,259,284,440.481","2,529,895,678.092","2,190,510,277.033","2,254,598,834.128","2,102,551,020.408","2,310,291,962.821","2,427,719,172.836","2,149,493,250.26","1,734,664,749.384","1,779,673,401.605","1,921,872,663.235","1,842,551,807.229","1,922,525,383.707","1,449,613,428.281","1,786,714,847.591","1,416,059,928.086","1,249,765,804.598","1,252,503,159.942","1,064,507,909.605","798,000,000","1,026,447,109.471","1,019,248,908.297","702,650,000","586,061,375.661","526,500,000","503,458,333.333","510,677,966.102","458,820,779.221","357,908,592.322","367,236,486.486","348,222,621.185","293,188,959.66","327,140,740.741","321,675,392.67","273,824,200.913","226,455,801.105","253,448,717.949","230,067,226.891","221,717,579.251","196,745,928.339","201,260,841.424","170,706,732.598","167,313,620.489","138,014,170.997","133,846,460.618","119,661,838.44","109,999,816.514","84,840,944.882","75,170,068.027","72,344,303.797","72,799,086.758","47,218,655.693",,,,,,,,,,,,,,,,
InterestIncome,"2,039,000,000","503,000,000","520,000,000","497,000,000","519,000,000","545,000,000",,,,,,,,,,,,,,,,,,,,,,,,,,,,,,,,,,,,"182,000,000","211,000,000","269,000,000","216,000,000","205,000,000","210,000,000",,"166,000,000","159,000,000","165,000,000","160,000,000","164,000,000",,,,,,,,,,,,,,,,,,,,,,,,,,,,,,,,,,,,,,,,,,,,,,,,,,,,,,,,,,,,,,,,,,,,,,,,,,,,,,,,,,,,,,,,,,,,,,
InterestExpense,"2,250,000,000","525,000,000","539,000,000","553,000,000","633,000,000","571,000,000","589,000,000","686,000,000","614,000,000","654,000,000","637,000,000","669,000,000","671,000,000","672,000,000","674,000,000","672,000,000","691,000,000","698,000,000","672,000,000","655,000,000","609,000,000","521,000,000","437,000,000","345,000,000","340,000,000","309,000,000","249,000,000","247,000,000","211,000,000","162,000,000","161,000,000","169,000,000","175,000,000","135,000,000","118,000,000","120,000,000","109,000,000","105,000,000","95,000,000",,,"95,000,000","94,000,000","94,000,000","84,000,000","72,000,000","45,000,000",,,,,,,,,,,,,,,,,,,,,,,,,,,,,,,,,,,,,,,,,,,,,,,,,,,,,,,,,,,,,,,,,,,,,,,,,,,,,,,,,,,,,,,,,,,,,,,,,,,,
NetInterestIncome,"-211,000,000","-22,000,000","-19,000,000","-56,000,000","-114,000,000","-26,000,000","-589,000,000","1,994,000,000","-614,000,000","-654,000,000","-637,000,000","2,093,000,000","-671,000,000","-672,000,000","-674,000,000","-672,000,000","-691,000,000","-698,000,000","-672,000,000","-655,000,000","-609,000,000","-521,000,000","-437,000,000","-345,000,000","-340,000,000","-309,000,000","-249,000,000","-247,000,000","-211,000,000","-162,000,000","-161,000,000","-169,000,000","-175,000,000","-135,000,000","-118,000,000","-120,000,000","-109,000,000","-105,000,000","-95,000,000",,,"87,000,000","117,000,000","175,000,000","132,000,000","133,000,000","165,000,000","-641,000,000","166,000,000","159,000,000","165,000,000","160,000,000","164,000,000",,,,,,,,,,,,,,,,,,,,,,,,,,,,,,,,,,,,,,,,,,,,,,,,,,,,,,,,,,,,,,,,,,,,,,,,,,,,,,,,,,,,,,,,,,,,,,
EBIT,"81,930,000,000","23,040,000,000","21,063,000,000","19,958,000,000","17,869,000,000","18,908,000,000","16,713,000,000","14,108,000,000","13,457,000,000","14,739,000,000","13,323,000,000","13,265,000,000","11,157,000,000","11,057,000,000","10,895,000,000","11,352,000,000","9,332,000,000","9,867,000,000","8,656,000,000","6,200,000,000","6,525,000,000","6,884,000,000","5,762,000,000","3,692,000,000","5,376,000,000","6,164,000,000","5,762,000,000","-1,509,000,000","6,728,000,000","8,012,000,000","6,057,000,000","6,746,000,000","7,132,000,000","8,013,000,000","6,526,000,000","6,265,000,000","7,712,000,000","7,875,000,000","5,629,000,000","1,076,000,000","6,374,000,000","8,334,000,000","7,400,000,000","6,413,000,000","6,109,000,000","8,569,000,000","7,275,000,000","6,996,000,000","5,173,000,000","8,513,000,000","4,482,000,000","3,987,000,000","4,438,000,000","5,939,000,000","5,999,000,000","5,684,000,000","4,409,000,000","6,481,000,000","5,918,000,000","3,989,000,000","6,589,000,000","3,472,000,000","4,474,000,000","3,881,000,000","3,888,000,000","4,657,000,000","4,046,000,000","2,989,000,000","3,329,000,000","4,749,000,000","3,494,000,000","3,133,000,000","1,278,000,000","1,475,000,000","3,148,000,000","2,193,000,000","3,715,000,000","3,259,000,000","4,050,000,000","2,874,000,000","3,298,000,000","2,841,000,000","2,897,000,000","2,751,000,000","2,998,000,000","3,194,000,000","2,777,000,000","2,629,000,000","2,696,000,000","2,912,000,000","2,792,000,000","2,958,000,000","2,230,000,000","2,749,000,000","2,106,000,000","1,923,000,000","1,927,000,000","1,663,000,000","1,427,000,000","1,579,000,000","1,568,000,000","1,081,000,000","902,000,000","810,000,000","774,000,000","786,000,000","708,000,000","532,000,000","549,000,000","520,000,000","437,000,000","488,000,000","480,000,000","415,000,000","343,000,000","373,000,000","338,000,000","326,000,000","289,000,000","296,000,000","251,000,000","246,100,000","202,900,000","194,000,000","173,500,000","159,300,000","123,000,000","110,500,000","106,400,000","107,000,000","69,400,000","-341,100,000","197,000,000","209,800,000","176,400,000","-233,000,000","161,800,000","155,900,000","102,600,000","-119,200,000","98,400,000","81,000,000","66,800,000","-74,700,000","50,500,000","42,600,000","42,600,000"
EBITDA,"94,918,000,000"
ReconciledCostOfRevenue,"57,642,000,000","16,960,000,000","13,646,000,000","13,991,000,000","13,045,000,000","14,194,000,000","11,002,000,000","12,339,000,000","10,975,000,000","12,358,000,000","10,406,000,000","10,412,000,000","10,170,000,000","12,423,000,000","9,905,000,000","9,742,000,000","9,269,000,000","11,064,000,000","8,278,000,000","8,456,000,000","8,060,000,000","9,901,000,000","7,844,000,000","7,979,000,000","7,722,000,000","9,872,000,000","7,207,000,000","7,468,000,000","7,161,000,000","10,136,000,000","8,273,000,000","7,595,000,000","5,941,000,000","8,284,000,000","5,114,000,000","5,602,000,000","4,787,000,000","5,692,000,000","4,168,000,000","4,163,000,000","3,952,000,000","5,638,000,000","3,777,000,000","3,708,000,000","3,897,000,000","4,833,000,000","3,139,000,000","3,170,000,000","2,755,000,000","3,628,000,000","2,842,000,000","2,586,000,000","2,814,000,000","3,907,000,000","2,848,000,000","2,866,000,000","2,514,000,000","3,543,000,000","2,675,000,000","3,237,000,000","2,140,000,000","3,620,000,000","1,696,000,000","2,130,000,000","2,028,000,000","2,239,000,000","1,253,000,000","1,410,000,000","1,399,000,000","1,922,000,000","1,469,000,000","1,481,000,000","1,411,000,000","2,344,000,000","1,480,000,000","1,238,000,000","1,215,000,000","2,034,000,000","1,199,000,000","1,368,000,000","1,395,000,000","1,544,000,000","884,000,000","1,717,000,000","469,000,000","660,000,000","609,000,000","1,074,000,000","477,000,000","431,000,000","272,000,000","1,228,000,000","192,000,000","256,000,000","128,000,000","66,000,000","38,000,000","44,000,000","25,000,000","99,000,000","189,000,000","152,000,000","88,000,000","97,000,000","106,000,000","252,000,000","253,000,000","168,000,000","165,000,000","156,000,000","119,000,000","135,000,000","135,000,000","138,000,000","118,000,000","141,000,000","123,000,000","121,000,000","97,000,000","97,400,000","82,600,000","90,300,000","83,800,000","69,300,000","76,400,000","78,100,000","63,000,000","56,200,000","54,100,000","54,800,000","41,300,000",,,,,,,,,,,,,,,,
ReconciledDepreciation,"12,988,000,000","3,496,000,000","3,212,000,000","3,344,000,000","2,936,000,000","2,761,000,000","2,645,000,000","3,504,000,000","3,118,000,000","3,203,000,000","2,971,000,000","2,924,000,000","2,926,000,000","2,995,000,000","2,837,000,000","2,516,000,000","2,710,000,000","2,536,000,000","2,499,000,000","2,343,000,000","2,453,000,000","2,166,000,000","1,816,000,000","1,910,000,000","1,707,000,000","1,544,000,000","1,461,000,000","1,493,000,000","1,515,000,000","1,521,000,000","1,428,000,000","1,742,000,000","1,255,000,000","1,261,000,000","954,000,000","983,000,000","1,053,000,000","1,009,000,000","710,000,000","797,000,000","766,000,000","678,000,000","726,000,000","689,000,000","720,000,000","663,000,000","694,000,000","718,000,000","694,000,000","615,000,000","646,000,000","681,000,000","664,000,000","632,000,000","585,000,000","608,000,000","532,000,000","481,000,000","435,000,000","381,000,000","445,000,000","365,000,000","249,000,000","261,000,000","177,000,000","231,000,000","234,000,000","282,000,000","282,000,000","108,000,000","183,000,000","309,000,000","249,000,000","300,000,000","328,000,000","472,000,000","375,000,000","295,000,000","297,000,000","359,000,000","148,000,000","295,000,000","282,000,000","564,000,000","483,000,000","239,000,000","250,000,000","-292,000,000","275,000,000","325,000,000","440,000,000","496,000,000","158,000,000","177,000,000","179,000,000","248,000,000","279,000,000","269,000,000","228,000,000","143,000,000","108,000,000","144,000,000","162,000,000","144,000,000","189,000,000","78,000,000","69,000,000","66,000,000","70,000,000","66,000,000","67,000,000","76,000,000","73,000,000","47,000,000","41,000,000","39,000,000","38,000,000","36,000,000","38,000,000","39,300,000","27,500,000","24,800,000","20,700,000","28,200,000","19,100,000","15,500,000","13,000,000","13,800,000","12,000,000","11,000,000","9,500,000",,,,,,,,,,,,,,,,
NetIncomeFromContinuingOperationNetMinorityInterest,"71,185,000,000","18,765,000,000","20,505,000,000","16,458,000,000","15,457,000,000","15,463,000,000","13,893,000,000","11,202,000,000","10,752,000,000","11,649,000,000","10,678,000,000","13,187,000,000","8,809,000,000","8,420,000,000","8,824,000,000","8,873,000,000","7,424,000,000","-6,302,000,000","6,576,000,000","6,513,000,000","4,801,000,000","5,200,000,000","4,690,000,000","3,122,000,000","3,756,000,000","4,998,000,000","4,620,000,000","-3,195,000,000","4,985,000,000","5,863,000,000","4,540,000,000","4,612,000,000","5,660,000,000","6,558,000,000","5,244,000,000","4,965,000,000","6,055,000,000","6,377,000,000","4,466,000,000","-492,000,000","5,108,000,000","6,624,000,000","5,738,000,000","5,874,000,000","5,232,000,000","6,634,000,000","5,410,000,000","4,518,000,000","4,006,000,000","6,662,000,000","3,574,000,000","3,045,000,000","2,977,000,000","4,174,000,000","4,373,000,000","4,297,000,000","4,388,000,000","4,707,000,000","4,289,000,000","3,035,000,000","4,926,000,000","2,626,000,000","3,478,000,000","2,828,000,000","2,977,000,000","3,653,000,000","3,141,000,000","3,700,000,000","2,563,000,000","3,463,000,000","2,528,000,000","2,690,000,000","1,315,000,000","1,549,000,000","2,614,000,000","1,921,000,000","2,794,000,000","2,552,000,000","2,726,000,000","1,525,000,000","2,738,000,000","2,283,000,000","1,283,000,000","65,000,000","2,451,000,000","2,624,000,000","2,581,000,000","2,409,000,000","2,385,000,000","2,436,000,000","2,191,000,000","2,202,000,000","1,917,000,000","1,983,000,000","1,683,000,000","1,357,000,000","1,337,000,000","1,133,000,000","663,000,000","1,057,000,000","1,042,000,000","741,000,000","614,000,000","559,000,000","562,000,000","575,000,000","499,000,000","368,000,000","396,000,000","373,000,000","316,000,000","362,000,000","256,000,000","289,000,000","239,000,000","265,000,000","243,000,000","236,000,000","209,000,000","210,100,000","178,800,000","175,200,000","144,000,000","138,400,000","123,800,000","112,900,000","87,600,000","80,000,000","75,200,000","74,500,000","49,600,000",,,,,,,,,,,,,,,,
TotalUnusualItemsExcludingGoodwill,"1,233,000,000","294,000,000","299,000,000","344,000,000","296,000,000","396,000,000","837,000,000","-1,979,000,000","485,000,000","867,000,000","655,000,000","-1,781,000,000","800,000,000","765,000,000","926,000,000","1,034,000,000","1,033,000,000","1,154,000,000","987,000,000","587,000,000","970,000,000","881,000,000","552,000,000","-459,000,000","142,000,000","152,000,000","62,000,000","-7,898,000,000","-29,000,000","202,000,000","-892,000,000","203,000,000","230,000,000","155,000,000","112,000,000","87,000,000","180,000,000","137,000,000","119,000,000","-5,647,000,000","-11,000,000","158,000,000","-14,000,000","-27,000,000","184,000,000","199,000,000","-51,000,000","662,000,000","2,000,000","211,000,000","118,000,000","-5,000,000","-552,000,000","-476,000,000","-215,000,000","67,000,000","175,000,000","133,000,000","59,000,000","-990,000,000","382,000,000","333,000,000","567,000,000","465,000,000","428,000,000","480,000,000","506,000,000","884,000,000","497,000,000","417,000,000","269,000,000","570,000,000","1,012,000,000","842,000,000","763,000,000","280,000,000","65,000,000","-80,000,000","-385,000,000","-1,080,000,000","306,000,000","136,000,000","-1,429,000,000","-3,072,000,000","210,000,000","293,000,000","644,000,000","1,022,000,000","917,000,000","779,000,000","528,000,000","430,000,000","719,000,000","302,000,000","397,000,000","165,000,000","130,000,000","107,000,000","-225,000,000","47,000,000","35,000,000","59,000,000","43,000,000","50,000,000","90,000,000","99,000,000","62,000,000","15,000,000","43,000,000","37,000,000","34,000,000","52,000,000","-98,000,000","23,000,000","19,000,000","17,000,000","19,000,000","21,000,000","18,000,000","13,000,000","11,900,000","11,600,000","8,800,000","6,600,000","6,000,000","4,200,000","4,000,000","7,100,000","4,200,000","2,500,000","3,500,000",,,,,,,,,,,,,,,,
TotalUnusualItems,"1,233,000,000","294,000,000","299,000,000","344,000,000","296,000,000","396,000,000","837,000,000","-1,979,000,000","485,000,000","867,000,000","655,000,000","-1,781,000,000","800,000,000","765,000,000","926,000,000","1,034,000,000","1,033,000,000","1,154,000,000","987,000,000","587,000,000","970,000,000","881,000,000","552,000,000","-459,000,000","142,000,000","152,000,000","62,000,000","-7,898,000,000","-29,000,000","202,000,000","-892,000,000","203,000,000","230,000,000","155,000,000","112,000,000","87,000,000","180,000,000","137,000,000","119,000,000","-5,647,000,000","-11,000,000","158,000,000","-14,000,000","-27,000,000","184,000,000","199,000,000","-51,000,000","662,000,000","2,000,000","211,000,000","118,000,000","-5,000,000","-552,000,000","-476,000,000","-215,000,000","67,000,000","175,000,000","133,000,000","59,000,000","-990,000,000","382,000,000","333,000,000","567,000,000","465,000,000","428,000,000","480,000,000","506,000,000","884,000,000","497,000,000","417,000,000","269,000,000","570,000,000","1,012,000,000","842,000,000","763,000,000","280,000,000","65,000,000","-80,000,000","-385,000,000","-1,080,000,000","306,000,000","136,000,000","-1,429,000,000","-3,072,000,000","210,000,000","293,000,000","644,000,000","1,022,000,000","917,000,000","779,000,000","528,000,000","430,000,000","719,000,000","302,000,000","397,000,000","165,000,000","130,000,000","107,000,000","-225,000,000","47,000,000","35,000,000","59,000,000","43,000,000","50,000,000","90,000,000","99,000,000","62,000,000","15,000,000","43,000,000","37,000,000","34,000,000","52,000,000","-98,000,000","23,000,000","19,000,000","17,000,000","19,000,000","21,000,000","18,000,000","13,000,000","11,900,000","11,600,000","8,800,000","6,600,000","6,000,000","4,200,000","4,000,000","7,100,000","4,200,000","2,500,000","3,500,000",,,,,,,,,,,,,,,,
NormalizedEBITDA,"93,685,000,000","26,242,000,000","23,976,000,000","22,958,000,000","20,509,000,000","21,273,000,000","18,521,000,000","19,591,000,000","16,090,000,000","17,075,000,000","15,639,000,000","17,970,000,000","13,283,000,000","13,287,000,000","12,806,000,000","12,834,000,000","11,009,000,000","11,249,000,000","10,168,000,000","7,956,000,000","8,008,000,000","8,169,000,000","7,026,000,000","6,061,000,000","6,941,000,000","7,556,000,000","7,161,000,000","7,882,000,000","8,272,000,000","9,331,000,000","8,377,000,000","8,285,000,000","8,157,000,000","9,119,000,000","7,368,000,000","7,161,000,000","8,585,000,000","8,747,000,000","6,220,000,000","7,520,000,000","7,151,000,000","8,854,000,000","8,140,000,000","7,129,000,000","6,645,000,000","9,033,000,000","8,020,000,000","7,052,000,000","5,865,000,000","8,917,000,000","5,010,000,000","4,673,000,000","5,654,000,000","7,047,000,000","6,799,000,000","6,225,000,000","4,766,000,000","6,829,000,000","6,294,000,000","5,360,000,000","6,652,000,000","3,504,000,000","4,156,000,000","3,677,000,000","3,637,000,000","4,408,000,000","3,774,000,000","2,387,000,000","3,114,000,000","4,440,000,000","3,408,000,000","2,872,000,000","515,000,000","933,000,000","2,713,000,000","2,385,000,000","4,025,000,000","3,634,000,000","4,732,000,000","4,313,000,000","3,140,000,000","3,000,000,000","4,608,000,000","6,387,000,000","3,271,000,000","3,140,000,000","2,383,000,000","1,315,000,000","2,054,000,000","2,458,000,000","2,704,000,000","3,024,000,000","1,669,000,000","2,624,000,000","1,888,000,000","2,006,000,000","2,076,000,000","1,825,000,000","1,880,000,000","1,675,000,000","1,641,000,000","1,166,000,000","1,021,000,000","904,000,000","873,000,000","765,000,000","715,000,000","583,000,000","576,000,000","549,000,000","470,000,000","512,000,000","651,000,000","439,000,000","365,000,000","395,000,000","357,000,000","341,000,000","309,000,000","322,300,000","266,600,000","259,300,000","214,800,000","215,600,000","186,600,000","170,600,000","132,000,000","117,200,000","114,200,000","115,500,000","75,400,000","-341,100,000","197,000,000","209,800,000","176,400,000","-233,000,000","161,800,000","155,900,000","102,600,000","-119,200,000","98,400,000","81,000,000","66,800,000","-74,700,000","50,500,000","42,600,000","42,600,000"
TaxRateForCalcs,"0.107","0.17","0","0.152","0.1","0.16","0.14","0.165","0.16","0.17","0.16","0.27","0.16","0.19","0.14","0.169","0.14","0.4","0.18","0.4","0.19","0.18","0.12","0.067","0.25","0.15","0.16","0.4","0.24","0.25","0.23","0.299","0.19","0.17","0.18","0.192","0.2","0.18","0.19","0.35","0.197","0.2","0.215","0.07","0.132","0.219","0.252","0.25","0.25","0.25","0.25","0.265","0.265","0.26","0.27","0.28","0.088","0.31","0.31","0.292","0.293","0.31","0.31","0.336","0.31","0.289","0.31","0.042","0.33","0.33","0.33","0.274","0.4","0.33","0.33","0.33","0.33","0.295","0.33","0.32","0.32","0.32","0.32","0.337","0.33","0.33","0.33","0.34","0.34","0.34","0.34","0.35","0.35","0.35","0.328","0.35","0.35","0.36","0.4","0.35","0.35","0.35","0.35","0.35","0.35","0.35","0.352","0.327","0.331","0.33","0.329","0.33","0.33","0.34","0.34","0.321","0.319","0.32","0.319","0.32","0.32","0.32","0.32","0.31","0.31","0.309","0.31","0.32","0.32","0.32","0.32",,,,,,,,,,,,,,,,
TaxEffectOfUnusualItems,"131,455,007.53","49,980,000","0","52,242,617.882","29,600,000","63,360,000","117,180,000","-327,326,776.933","77,600,000","147,390,000","104,800,000","-480,870,000","128,000,000","145,350,000","129,640,000","174,947,378.277","144,620,000","461,600,000","177,660,000","234,800,000","184,300,000","158,580,000","66,240,000","-30,855,990.439","35,500,000","22,800,000","9,920,000","-3,159,200,000","-6,960,000","50,500,000","-205,160,000","60,649,992.398","43,700,000","26,350,000","20,160,000","16,706,265.256","36,000,000","24,660,000","22,610,000","-1,976,450,000","-2,169,574.1","31,600,000","-3,004,653.709","-1,901,408.451","24,217,759.336","43,631,517.006","-12,838,174.274","165,500,000","499,906.385","52,755,938.309","29,493,809.024","-1,324,239.498","-146,245,925.926","-123,601,277.049","-58,065,431.481","18,759,550.938","15,353,430.353","41,206,598.24","18,290,379.665","-288,634,453.782","112,062,831.731","103,181,865.966","175,802,618.528","156,164,866.134","132,714,716.107","138,664,590.228","156,846,660.808","36,861,952.862","163,977,516.34","137,628,554.846","88,763,583.355","156,042,116.631","404,800,000","277,874,567.474","251,725,455.012","92,389,257.063","21,427,543.186","-23,633,351.739","-127,071,762.104","-345,715,559.519","97,895,678.092","43,510,277.033","-457,401,165.872","-1,034,448,979.592","69,291,962.821","96,719,172.836","212,493,250.26","347,664,749.384","311,673,401.605","264,872,663.235","179,551,807.229","150,525,383.707","251,613,428.281","105,714,847.591","130,059,928.086","57,765,804.598","45,503,159.942","38,507,909.605","-90,000,000","16,447,109.471","12,248,908.297","20,650,000","15,061,375.661","17,500,000","31,458,333.333","34,677,966.102","21,820,779.221","4,908,592.322","14,236,486.486","12,222,621.185","11,188,959.66","17,140,740.741","-32,324,607.33","7,824,200.913","6,455,801.105","5,448,717.949","6,067,226.891","6,717,579.251","5,745,928.339","4,160,841.424","3,806,732.598","3,713,620.489","2,814,170.997","2,046,460.618","1,861,838.44","1,299,816.514","1,240,944.882","2,270,068.027","1,344,303.797","799,086.758","1,118,655.693",,,,,,,,,,,,,,,,