name,ttm,12/31/2021,09/30/2021,06/30/2021,03/31/2021,12/31/2020,09/30/2020,06/30/2020,03/31/2020,12/31/2019,09/30/2019,06/30/2019,03/31/2019,12/31/2018,09/30/2018,06/30/2018,03/31/2018,12/31/2017,09/30/2017,06/30/2017,03/31/2017,12/31/2016,09/30/2016,06/30/2016,03/31/2016,12/31/2015,09/30/2015,06/30/2015,03/31/2015,12/31/2014,09/30/2014,06/30/2014,03/31/2014,12/31/2013,09/30/2013,06/30/2013,03/31/2013,12/31/2012,09/30/2012,06/30/2012,03/31/2012,12/31/2011,09/30/2011,06/30/2011,03/31/2011,12/31/2010,09/30/2010,06/30/2010,03/31/2010,12/31/2009,09/30/2009,06/30/2009,03/31/2009,12/31/2008,09/30/2008,06/30/2008,03/31/2008,12/31/2007,09/30/2007,06/30/2007,03/31/2007,12/31/2006,09/30/2006,06/30/2006,03/31/2006,12/31/2005,09/30/2005,06/30/2005,03/31/2005,12/31/2004,09/30/2004,06/30/2004,03/31/2004,12/31/2003,09/30/2003,06/30/2003,03/31/2003,12/31/2002,09/30/2002,06/30/2002,03/31/2002,12/31/2001,09/30/2001,06/30/2001,03/31/2001,12/31/2000,09/30/2000,06/30/2000,03/31/2000,12/31/1999,09/30/1999,06/30/1999,03/31/1999,12/31/1998,09/30/1998,06/30/1998,03/31/1998,12/31/1997,09/30/1997,06/30/1997,03/31/1997,12/31/1996,09/30/1996,06/30/1996,03/31/1996,12/31/1995,09/30/1995,06/30/1995,03/31/1995,12/31/1994,09/30/1994,06/30/1994,03/31/1994,12/31/1993,09/30/1993,06/30/1993,03/31/1993,12/31/1992,09/30/1992,06/30/1992,03/31/1992,12/31/1991,09/30/1991,06/30/1991,03/31/1991,12/31/1990,09/30/1990,06/30/1990,03/31/1990,12/31/1989,09/30/1989,06/30/1989,03/31/1989,12/31/1988,09/30/1988,06/30/1988,03/31/1988,12/31/1987,09/30/1987,06/30/1987,03/31/1987,12/31/1986,09/30/1986,06/30/1986,03/31/1986,12/31/1985,09/30/1985
TotalRevenue,"8,171,000,000","2,320,000,000","2,107,000,000","1,971,000,000","1,773,000,000","2,273,000,000","1,868,000,000","1,618,000,000","1,655,000,000","2,376,000,000","1,994,000,000","1,860,000,000","1,657,000,000","2,254,000,000","1,862,000,000","1,760,000,000","1,468,000,000","1,957,000,000","1,645,000,000","1,497,000,000","1,281,000,000","1,883,000,000","1,532,000,000","1,430,000,000","1,193,000,000","1,682,000,000","1,422,000,000","1,368,000,000","1,223,000,000","1,823,000,000","1,436,000,000","1,393,000,000","1,801,000,000","2,504,000,000","2,112,000,000","2,107,000,000","1,973,000,000","2,441,000,000","2,153,000,000","2,148,000,000","1,956,000,000","2,234,000,000","2,105,000,000","2,055,000,000","1,884,000,000","5,663,000,000","4,890,000,000","5,414,000,000","5,044,000,000","5,723,000,000","5,453,000,000","5,497,000,000","5,371,000,000","7,136,000,000","7,480,000,000","8,082,000,000","7,448,000,000","9,646,000,000","8,811,000,000","8,732,000,000","9,433,000,000","11,792,000,000","10,603,000,000","10,876,000,000","10,013,000,000","10,433,000,000","9,424,000,000","8,825,000,000","8,161,000,000","5,438,000,000","8,624,000,000","8,700,000,000","8,561,000,000","8,023,000,000","6,829,000,000","6,163,000,000","6,043,000,000","7,546,000,000","6,371,000,000","6,741,000,000","6,021,000,000","7,324,000,000","7,406,000,000","7,522,000,000","7,752,000,000","10,064,000,000","9,493,000,000","9,255,000,000","8,768,000,000","8,498,000,000","7,688,000,000","7,513,000,000","7,232,000,000","8,337,000,000","7,152,000,000","7,023,000,000","6,886,000,000","8,278,000,000","7,353,000,000","7,521,000,000","6,642,000,000","7,685,000,000","6,498,000,000","6,835,000,000","6,955,000,000","7,298,000,000","6,851,000,000","6,877,000,000","6,011,000,000","6,453,000,000","5,660,000,000","5,439,000,000","4,693,000,000","4,993,000,000","4,408,000,000","3,936,000,000","3,626,000,000","3,711,000,000","3,396,000,000","3,141,000,000","3,055,000,000","3,039,000,000","2,745,000,000","2,814,000,000","2,743,000,000","2,934,000,000","2,703,000,000","2,715,000,000","2,533,000,000","2,652,000,000","2,408,000,000","2,385,000,000","2,175,000,000","2,211,000,000","2,000,000,000","2,089,000,000","1,950,000,000","1,850,000,000","1,672,000,000","1,639,000,000","1,547,000,000","1,619,000,000","1,431,000,000","1,499,000,000","1,339,000,000","1,448,000,000","1,301,000,000"
	OperatingRevenue,"8,171,000,000","2,320,000,000","2,107,000,000","1,971,000,000","1,773,000,000","2,273,000,000","1,868,000,000","1,618,000,000","1,655,000,000","2,376,000,000","1,994,000,000","1,860,000,000","1,657,000,000","2,254,000,000","1,862,000,000","1,760,000,000","1,468,000,000","1,957,000,000","1,645,000,000","1,497,000,000","1,281,000,000","1,883,000,000","1,532,000,000","1,430,000,000","1,193,000,000","1,682,000,000","1,422,000,000","1,368,000,000","1,223,000,000","1,823,000,000","1,436,000,000","1,393,000,000","1,801,000,000","2,504,000,000","2,112,000,000","2,107,000,000","1,973,000,000","2,441,000,000","2,153,000,000","2,148,000,000","1,956,000,000","2,234,000,000","2,105,000,000","2,055,000,000","1,884,000,000","5,663,000,000","4,890,000,000","5,414,000,000","5,044,000,000","5,723,000,000","5,453,000,000","5,497,000,000","5,371,000,000","7,136,000,000","7,480,000,000","8,082,000,000","7,448,000,000","9,646,000,000","8,811,000,000","8,732,000,000","9,433,000,000","11,792,000,000","10,603,000,000","10,876,000,000","10,013,000,000","10,433,000,000","9,424,000,000","8,825,000,000","8,161,000,000","5,438,000,000","8,624,000,000","8,700,000,000","8,561,000,000","8,023,000,000","6,829,000,000","6,163,000,000","6,043,000,000","7,546,000,000","6,371,000,000","6,741,000,000","6,021,000,000","7,324,000,000","7,406,000,000","7,522,000,000","7,752,000,000","10,064,000,000","9,493,000,000","9,255,000,000","8,768,000,000","8,498,000,000","7,688,000,000","7,513,000,000","7,232,000,000","8,337,000,000","7,152,000,000","7,023,000,000","6,886,000,000","8,278,000,000","7,353,000,000","7,521,000,000","6,642,000,000","7,685,000,000","6,498,000,000","6,835,000,000","6,955,000,000","7,298,000,000","6,851,000,000","6,877,000,000","6,011,000,000","6,453,000,000","5,660,000,000","5,439,000,000","4,693,000,000","4,993,000,000","4,408,000,000","3,936,000,000","3,626,000,000","3,711,000,000","3,396,000,000","3,141,000,000","3,055,000,000","3,039,000,000","2,745,000,000","2,814,000,000","2,743,000,000","2,934,000,000","2,703,000,000","2,715,000,000","2,533,000,000","2,652,000,000","2,408,000,000","2,385,000,000","2,175,000,000","2,211,000,000","2,000,000,000","2,089,000,000","1,950,000,000","1,850,000,000","1,672,000,000","1,639,000,000","1,547,000,000","1,619,000,000","1,431,000,000","1,499,000,000","1,339,000,000","1,448,000,000","1,301,000,000"
CostOfRevenue,"4,131,000,000","1,137,000,000","1,062,000,000","1,019,000,000","913,000,000","1,127,000,000","959,000,000","852,000,000","868,000,000","1,156,000,000","987,000,000","929,000,000","884,000,000","1,166,000,000","961,000,000","938,000,000","799,000,000","987,000,000","851,000,000","807,000,000","711,000,000","955,000,000","770,000,000","754,000,000","691,000,000","844,000,000","737,000,000","720,000,000","675,000,000","911,000,000","751,000,000","737,000,000","956,000,000","1,291,000,000","1,069,000,000","1,078,000,000","1,018,000,000","1,213,000,000","1,066,000,000","1,088,000,000","983,000,000","1,089,000,000","1,045,000,000","1,016,000,000","942,000,000","3,630,000,000","3,110,000,000","3,412,000,000","3,258,000,000","3,680,000,000","3,645,000,000","3,787,000,000","3,875,000,000","5,014,000,000","5,677,000,000","5,757,000,000","5,303,000,000","7,106,000,000","6,306,000,000","6,279,000,000","6,979,000,000","8,724,000,000","7,229,000,000","7,517,000,000","6,993,000,000","7,231,000,000","6,396,000,000","5,948,000,000","5,491,000,000","4,101,000,000","5,501,000,000","5,531,000,000","5,693,000,000","5,372,000,000","4,507,000,000","4,155,000,000","4,067,000,000","5,046,000,000","4,126,000,000","4,518,000,000","4,248,000,000","5,035,000,000","5,256,000,000","5,434,000,000","5,478,000,000","6,790,000,000","6,130,000,000","5,513,000,000","5,195,000,000","5,603,000,000","4,917,000,000","4,388,000,000","4,250,000,000","5,895,000,000","5,153,000,000","5,015,000,000","4,812,000,000","5,604,000,000","4,986,000,000","5,019,000,000","4,384,000,000","5,190,000,000","4,489,000,000","4,585,000,000","4,718,000,000","4,885,000,000","4,388,000,000","4,394,000,000","3,878,000,000","3,934,000,000","3,539,000,000","3,379,000,000","2,908,000,000","3,024,000,000","2,712,000,000","2,380,000,000","2,235,000,000","2,338,000,000","2,185,000,000","2,009,000,000","1,947,000,000","1,914,000,000","1,798,000,000","1,777,000,000","1,756,000,000","1,839,000,000","1,723,000,000","1,691,000,000","1,629,000,000",,,,,,,,,,,,,,,,,,
GrossProfit,"4,040,000,000","1,183,000,000","1,045,000,000","952,000,000","860,000,000","1,146,000,000","909,000,000","766,000,000","787,000,000","1,220,000,000","1,007,000,000","931,000,000","773,000,000","1,088,000,000","901,000,000","822,000,000","669,000,000","970,000,000","794,000,000","690,000,000","570,000,000","928,000,000","762,000,000","676,000,000","502,000,000","838,000,000","685,000,000","648,000,000","548,000,000","912,000,000","685,000,000","656,000,000","845,000,000","1,213,000,000","1,043,000,000","1,029,000,000","955,000,000","1,228,000,000","1,087,000,000","1,060,000,000","973,000,000","1,145,000,000","1,060,000,000","1,039,000,000","942,000,000","2,033,000,000","1,780,000,000","2,002,000,000","1,786,000,000","2,043,000,000","1,808,000,000","1,710,000,000","1,496,000,000","2,122,000,000","1,803,000,000","2,325,000,000","2,145,000,000","2,540,000,000","2,505,000,000","2,453,000,000","2,454,000,000","3,068,000,000","3,374,000,000","3,359,000,000","3,020,000,000","3,202,000,000","3,028,000,000","2,877,000,000","2,670,000,000","1,337,000,000","3,123,000,000","3,169,000,000","2,868,000,000","2,651,000,000","2,322,000,000","2,008,000,000","1,976,000,000","2,500,000,000","2,245,000,000","2,223,000,000","1,773,000,000","2,289,000,000","2,150,000,000","2,088,000,000","2,274,000,000","3,274,000,000","3,363,000,000","3,742,000,000","3,573,000,000","2,895,000,000","2,771,000,000","3,125,000,000","2,982,000,000","2,442,000,000","1,999,000,000","2,008,000,000","2,074,000,000","2,674,000,000","2,367,000,000","2,502,000,000","2,258,000,000","2,495,000,000","2,009,000,000","2,250,000,000","2,237,000,000","2,413,000,000","2,463,000,000","2,483,000,000","2,133,000,000","2,519,000,000","2,121,000,000","2,060,000,000","1,785,000,000","1,969,000,000","1,696,000,000","1,556,000,000","1,391,000,000","1,373,000,000","1,211,000,000","1,132,000,000","1,108,000,000","1,125,000,000","947,000,000","1,037,000,000","987,000,000","1,095,000,000","980,000,000","1,024,000,000","904,000,000",,,,,,,,,,,,,,,,,,
OperatingExpense,"2,323,000,000","621,000,000","590,000,000","570,000,000","541,000,000","580,000,000","542,000,000","509,000,000","562,000,000","604,000,000","583,000,000","573,000,000","539,000,000","549,000,000","584,000,000","531,000,000","472,000,000","448,000,000","428,000,000","417,000,000","403,000,000","450,000,000","415,000,000","416,000,000","382,000,000","406,000,000","414,000,000","413,000,000","417,000,000","2,354,000,000","465,000,000","485,000,000","675,000,000","748,000,000","699,000,000","744,000,000","728,000,000","828,000,000","747,000,000","765,000,000","726,000,000","747,000,000","747,000,000","763,000,000","772,000,000","1,797,000,000","1,447,000,000","1,639,000,000","1,685,000,000","2,071,000,000","1,680,000,000","1,661,000,000","1,945,000,000","3,613,000,000","2,224,000,000","2,281,000,000","2,340,000,000","2,490,000,000","2,456,000,000","2,535,000,000","2,640,000,000","2,473,000,000","2,314,000,000","1,837,000,000","2,126,000,000","1,385,000,000","1,928,000,000","1,895,000,000","1,805,000,000","610,000,000","2,359,000,000","2,345,000,000","2,066,000,000","2,110,000,000","2,015,000,000","1,879,000,000","1,783,000,000","1,956,000,000","1,893,000,000","2,994,000,000","1,937,000,000","2,501,000,000","2,404,000,000","2,664,000,000","3,051,000,000","3,245,000,000","2,531,000,000","3,268,000,000","2,886,000,000","2,597,000,000","2,604,000,000","2,779,000,000","2,696,000,000","2,152,000,000","1,898,000,000","1,872,000,000","1,779,000,000","2,147,000,000","1,927,000,000","2,053,000,000","1,727,000,000","2,084,000,000","1,650,000,000","1,702,000,000","1,595,000,000","1,726,000,000","1,627,000,000","1,687,000,000","1,521,000,000","1,689,000,000","1,485,000,000","1,436,000,000","1,296,000,000","1,429,000,000","1,272,000,000","1,190,000,000","1,055,000,000","1,075,000,000","994,000,000","898,000,000","900,000,000","919,000,000","802,000,000","840,000,000","793,000,000","935,000,000","803,000,000","768,000,000","698,000,000",,,,,,,,,,,,,,,,,,
	SellingGeneralAndAdministration,"1,353,000,000","368,000,000","351,000,000","331,000,000","303,000,000","342,000,000","313,000,000","297,000,000","341,000,000","368,000,000","359,000,000","351,000,000","327,000,000","336,000,000","323,000,000","316,000,000","279,000,000","254,000,000","248,000,000","242,000,000","232,000,000","278,000,000","247,000,000","240,000,000","234,000,000","252,000,000","259,000,000","254,000,000","256,000,000","282,000,000","287,000,000","308,000,000","427,000,000","469,000,000","438,000,000","470,000,000","460,000,000","509,000,000","485,000,000","496,000,000","472,000,000","487,000,000","475,000,000","492,000,000","468,000,000","944,000,000","810,000,000","896,000,000","876,000,000","847,000,000","843,000,000","822,000,000","869,000,000","988,000,000","1,044,000,000","1,115,000,000","1,183,000,000","1,273,000,000","1,210,000,000","1,296,000,000","1,313,000,000","1,034,000,000","1,174,000,000","1,195,000,000","1,116,000,000","750,000,000","1,071,000,000","1,026,000,000","1,001,000,000","469,000,000","1,275,000,000","1,321,000,000","1,144,000,000","1,161,000,000","1,078,000,000","937,000,000","897,000,000","1,003,000,000","1,017,000,000","2,050,000,000","1,042,000,000","870,000,000","834,000,000","989,000,000","1,252,000,000","1,467,000,000","768,000,000","1,598,000,000","1,308,000,000","1,046,000,000","1,196,000,000","1,403,000,000","1,400,000,000","1,546,000,000","1,359,000,000","1,351,000,000","1,237,000,000","1,540,000,000","1,332,000,000","1,481,000,000","1,162,000,000","1,476,000,000","1,041,000,000","1,126,000,000","1,072,000,000","1,212,000,000","1,131,000,000","1,209,000,000","1,090,000,000","1,215,000,000","1,106,000,000","1,074,000,000","986,000,000","1,100,000,000","974,000,000","905,000,000","797,000,000","777,000,000","730,000,000","651,000,000","680,000,000","641,000,000","576,000,000","625,000,000","626,000,000","694,000,000","605,000,000","579,000,000","536,000,000",,,,,,,,,,,,,,,,,,
		GeneralAndAdministrativeExpense,"1,353,000,000",,,,,"342,000,000","313,000,000","297,000,000","341,000,000","368,000,000","359,000,000","351,000,000","327,000,000","336,000,000","323,000,000","316,000,000","279,000,000","254,000,000","248,000,000","242,000,000","232,000,000","278,000,000","247,000,000","240,000,000","234,000,000","252,000,000","259,000,000","254,000,000","256,000,000","282,000,000","287,000,000","308,000,000","427,000,000","469,000,000","438,000,000","470,000,000","460,000,000","510,000,000",,,,,,,,,,,,,,,,,,,,,,,,,,,,,,,,,,,,,,,,,,,,,,,,,,,,,,,,,,,,,,,,,,,,,,,,,,,,,,,,,,,,,,,,,,,,,,,,,,,,,,,,,,,,,
			SalariesAndWages,,,,,,,,,"20,000,000","28,000,000","17,000,000","17,000,000","16,000,000","17,000,000","18,000,000","20,000,000","20,000,000",,,,,,,,,"0","0",,,"1,906,000,000","11,000,000",,,,,,,,,,,,,,,,,,,,,,,,,,,,,,,,,,,,,,,,,,,,,,,,,,,,,,,,,,,,,,,,,,,,,,,,,,,,,,,,,,,,,,,,,,,,,,,,,,,,,,,,,,,,,,,,,,,,
			OtherGandA,"1,353,000,000",,,,,"342,000,000","313,000,000","297,000,000","341,000,000","368,000,000","359,000,000","351,000,000","327,000,000","336,000,000","323,000,000","316,000,000","279,000,000","254,000,000","248,000,000","242,000,000","232,000,000","278,000,000","247,000,000","240,000,000","234,000,000","252,000,000","259,000,000","254,000,000","256,000,000","282,000,000","287,000,000","308,000,000","427,000,000","469,000,000","438,000,000","470,000,000","460,000,000","510,000,000",,,,,,,,,,,,,,,,,,,,,,,,,,,,,,,,,,,,,,,,,,,,,,,,,,,,,,,,,,,,,,,,,,,,,,,,,,,,,,,,,,,,,,,,,,,,,,,,,,,,,,,,,,,,,
	ResearchAndDevelopment,"734,000,000","189,000,000","183,000,000","181,000,000","180,000,000","181,000,000","175,000,000","161,000,000","168,000,000","182,000,000","172,000,000","170,000,000","162,000,000","165,000,000","158,000,000","162,000,000","152,000,000","155,000,000","141,000,000","138,000,000","135,000,000","142,000,000","137,000,000","138,000,000","135,000,000","152,000,000","153,000,000","156,000,000","159,000,000","165,000,000","166,000,000","176,000,000","243,000,000","273,000,000","253,000,000","268,000,000","262,000,000","290,000,000","262,000,000","269,000,000","254,000,000","260,000,000","272,000,000","271,000,000","249,000,000","641,000,000","637,000,000","762,000,000","757,000,000","793,000,000","768,000,000","775,000,000","847,000,000","1,008,000,000","999,000,000","1,048,000,000","1,054,000,000","1,097,000,000","1,100,000,000","1,115,000,000","1,117,000,000","1,117,000,000","1,027,000,000","1,016,000,000","980,000,000","1,161,000,000","857,000,000","851,000,000","811,000,000","104,000,000","999,000,000","990,000,000","967,000,000","932,000,000","941,000,000","951,000,000","947,000,000","957,000,000","961,000,000","944,000,000","892,000,000","1,023,000,000","1,037,000,000","1,086,000,000","1,172,000,000","1,144,000,000","1,171,000,000","1,107,000,000","1,015,000,000","1,001,000,000","882,000,000","811,000,000","744,000,000",,,,,,,,,,,,,,,,,,,,,,,,,,,,,,,,,,,,,,,,,,,,,,,,,,,,,,
	DepreciationAmortizationDepletionIncomeStatement,"236,000,000","64,000,000","56,000,000","58,000,000","58,000,000","57,000,000","54,000,000","51,000,000","53,000,000","54,000,000","52,000,000","52,000,000","50,000,000","48,000,000","46,000,000","53,000,000","41,000,000","39,000,000","39,000,000","37,000,000","36,000,000","30,000,000","31,000,000","38,000,000","13,000,000","2,000,000","2,000,000","3,000,000","2,000,000","1,000,000","1,000,000","1,000,000","5,000,000","6,000,000","8,000,000","6,000,000","6,000,000","10,000,000",,"6,000,000",,,,,"50,000,000",,"65,000,000","65,000,000","65,000,000","68,000,000","69,000,000","70,000,000","71,000,000","74,000,000","80,000,000","81,000,000","83,000,000","88,000,000","91,000,000","95,000,000","95,000,000",,,,,,,,,,,,,,,,,,,,,"608,000,000","533,000,000","589,000,000","627,000,000","634,000,000","592,000,000","563,000,000","563,000,000","550,000,000","526,000,000","565,000,000","552,000,000","606,000,000","539,000,000","521,000,000","542,000,000","607,000,000","595,000,000","572,000,000","565,000,000","608,000,000","609,000,000","576,000,000","523,000,000","514,000,000","496,000,000","478,000,000","431,000,000","474,000,000","379,000,000","362,000,000","310,000,000","329,000,000","298,000,000","285,000,000","258,000,000","298,000,000","264,000,000","247,000,000","220,000,000","278,000,000","226,000,000","215,000,000","167,000,000","241,000,000","198,000,000","189,000,000","162,000,000",,,,,,,,,,,,,,,,,,
		DepreciationAndAmortizationInIncomeStatement,"236,000,000","64,000,000","56,000,000","58,000,000","58,000,000","57,000,000","54,000,000","51,000,000","53,000,000","54,000,000","52,000,000","52,000,000","50,000,000","48,000,000","46,000,000","53,000,000","41,000,000","39,000,000","39,000,000","37,000,000","36,000,000","30,000,000","31,000,000","38,000,000","13,000,000","2,000,000","2,000,000","3,000,000","2,000,000","1,000,000","1,000,000","1,000,000","5,000,000","6,000,000","8,000,000","6,000,000","6,000,000","10,000,000",,"6,000,000",,,,,"50,000,000",,"65,000,000","65,000,000","65,000,000","68,000,000","69,000,000","70,000,000","71,000,000","74,000,000","80,000,000","81,000,000","83,000,000","88,000,000","91,000,000","95,000,000","95,000,000",,,,,,,,,,,,,,,,,,,,,"608,000,000","533,000,000","589,000,000","627,000,000","634,000,000","592,000,000","563,000,000","563,000,000","550,000,000","526,000,000","565,000,000","552,000,000","606,000,000","539,000,000","521,000,000","542,000,000","607,000,000","595,000,000","572,000,000","565,000,000","608,000,000","609,000,000","576,000,000","523,000,000","514,000,000","496,000,000","478,000,000","431,000,000","474,000,000","379,000,000","362,000,000","310,000,000","329,000,000","298,000,000","285,000,000","258,000,000","298,000,000","264,000,000","247,000,000","220,000,000","278,000,000","226,000,000","215,000,000","167,000,000","241,000,000","198,000,000","189,000,000","162,000,000",,,,,,,,,,,,,,,,,,
			Amortization,"236,000,000","64,000,000","56,000,000","58,000,000","58,000,000","57,000,000","54,000,000","51,000,000","53,000,000","54,000,000","52,000,000","52,000,000","50,000,000","48,000,000","46,000,000","53,000,000","41,000,000","39,000,000","39,000,000","37,000,000","36,000,000","30,000,000","31,000,000","38,000,000","13,000,000","2,000,000","2,000,000","3,000,000","2,000,000","1,000,000","1,000,000","1,000,000","5,000,000","6,000,000","8,000,000","6,000,000","6,000,000","10,000,000",,"6,000,000",,,,,"50,000,000",,"65,000,000","65,000,000","65,000,000","68,000,000","69,000,000","70,000,000","71,000,000","74,000,000","80,000,000","81,000,000","83,000,000","88,000,000","91,000,000","95,000,000","95,000,000",,,,,,,,,,,,,,,,,,,,,,,,,,,,,,,,,,,,,,,,,,,,,,,,,,,,,,,,,,,,,,,,,,,,,,,,,,,,,,,,,,,,,,
				AmortizationOfIntangiblesIncomeStatement,"236,000,000","64,000,000","56,000,000","58,000,000","58,000,000","57,000,000","54,000,000","51,000,000","53,000,000","54,000,000","52,000,000","52,000,000","50,000,000","48,000,000","46,000,000","53,000,000","41,000,000","39,000,000","39,000,000","37,000,000","36,000,000","30,000,000","31,000,000","38,000,000","13,000,000","2,000,000","2,000,000","3,000,000","2,000,000","1,000,000","1,000,000","1,000,000","5,000,000","6,000,000","8,000,000","6,000,000","6,000,000","10,000,000",,"6,000,000",,,,,"50,000,000",,"65,000,000","65,000,000","65,000,000","68,000,000","69,000,000","70,000,000","71,000,000","74,000,000","80,000,000","81,000,000","83,000,000","88,000,000","91,000,000","95,000,000","95,000,000",,,,,,,,,,,,,,,,,,,,,,,,,,,,,,,,,,,,,,,,,,,,,,,,,,,,,,,,,,,,,,,,,,,,,,,,,,,,,,,,,,,,,,
	OtherOperatingExpenses,"50,000,000","13,000,000",,,,"9,000,000",,"39,000,000","-34,000,000",,"11,000,000","9,000,000","5,000,000","0","57,000,000","18,000,000","26,000,000","9,000,000","28,000,000",,"-9,000,000","76,000,000","6,000,000","36,000,000","20,000,000","43,000,000",,,,"1,906,000,000","11,000,000",,,"52,000,000","24,000,000",,,"-4,000,000",,,,,,,"5,000,000",,"-1,000,000","-84,000,000","-13,000,000",,"24,000,000","-6,000,000","158,000,000","1,543,000,000","101,000,000","37,000,000","20,000,000","32,000,000","55,000,000","29,000,000","115,000,000","322,000,000","113,000,000","-374,000,000","30,000,000",,,"18,000,000","-7,000,000","37,000,000","85,000,000","34,000,000","-45,000,000","17,000,000","-4,000,000","-9,000,000","-61,000,000","-4,000,000","-85,000,000",,"3,000,000",,,,,,,,,,,,,,,,,,,,,,,,,,,,,,,,,,,,,,,,,,,,,,,,,,,,,,,,,,,,,,,,,,
OperatingIncome,"1,717,000,000","562,000,000","455,000,000","382,000,000","319,000,000","566,000,000","367,000,000","257,000,000","225,000,000","616,000,000","424,000,000","358,000,000","234,000,000","539,000,000","317,000,000","291,000,000","197,000,000","522,000,000","366,000,000","273,000,000","167,000,000","478,000,000","347,000,000","260,000,000","120,000,000","432,000,000","271,000,000","235,000,000","131,000,000","-1,442,000,000","220,000,000","171,000,000","170,000,000","465,000,000","344,000,000","285,000,000","227,000,000","400,000,000","340,000,000","295,000,000","247,000,000","398,000,000","313,000,000","276,000,000","170,000,000","236,000,000","333,000,000","363,000,000","101,000,000","-28,000,000","128,000,000","49,000,000","-449,000,000","-1,491,000,000","-421,000,000","44,000,000","-195,000,000","50,000,000","49,000,000","-82,000,000","-186,000,000","595,000,000","1,060,000,000","1,522,000,000","894,000,000","1,817,000,000","1,100,000,000","982,000,000","865,000,000","727,000,000","764,000,000","824,000,000","802,000,000","541,000,000","307,000,000","129,000,000","193,000,000","544,000,000","352,000,000","-771,000,000","-164,000,000","-212,000,000","-254,000,000","-576,000,000","-777,000,000","29,000,000","832,000,000","474,000,000","687,000,000","298,000,000","167,000,000","346,000,000","286,000,000","290,000,000","101,000,000","136,000,000","295,000,000","527,000,000","440,000,000","449,000,000","531,000,000","411,000,000","359,000,000","548,000,000","642,000,000","687,000,000","836,000,000","796,000,000","612,000,000","830,000,000","636,000,000","624,000,000","489,000,000","540,000,000","424,000,000","366,000,000","336,000,000","298,000,000","217,000,000","234,000,000","208,000,000","206,000,000","145,000,000","197,000,000","194,000,000","160,000,000","177,000,000","256,000,000","206,000,000","-6,192,000,000","2,408,000,000","2,385,000,000","2,175,000,000","-5,329,000,000","2,000,000,000","2,089,000,000","1,950,000,000","-4,362,000,000","1,672,000,000","1,639,000,000","1,547,000,000","-3,918,000,000","1,431,000,000","1,499,000,000","1,339,000,000","-3,874,000,000","1,301,000,000"
NetNonOperatingInterestIncomeExpense,"-208,000,000","-54,000,000","-56,000,000","-44,000,000","-54,000,000","-53,000,000","-58,000,000","-58,000,000","-52,000,000","-55,000,000","-54,000,000","-56,000,000","-55,000,000","-59,000,000","-59,000,000","-58,000,000","-46,000,000","-47,000,000","-52,000,000","-51,000,000","-51,000,000","-48,000,000","-54,000,000","-54,000,000","-49,000,000","-51,000,000","-43,000,000","-39,000,000","-40,000,000","-41,000,000","-31,000,000","-29,000,000","-25,000,000","-28,000,000","-29,000,000","-32,000,000","-25,000,000","-20,000,000","-16,000,000","-16,000,000","-14,000,000","-15,000,000","-18,000,000","-21,000,000","-20,000,000","-31,000,000","-29,000,000","-38,000,000","-33,000,000","-18,000,000","-49,000,000","-30,000,000","-35,000,000",,,,,,,,,,,,,,,,,,,,,,,,,,,,,,,,,,,,,,,,,,,,,,,,,,,,,,,,,,,,,,,,,,,,,,,,,,,,,,,,,,,,,,,,,,,,,,
	InterestIncomeNonOperating,"7,000,000","1,000,000","2,000,000","2,000,000","2,000,000","5,000,000","2,000,000","2,000,000","3,000,000","4,000,000","6,000,000","3,000,000","5,000,000","3,000,000","3,000,000","5,000,000","8,000,000","4,000,000","3,000,000","4,000,000","3,000,000","8,000,000","4,000,000","5,000,000","4,000,000","3,000,000","4,000,000","3,000,000","3,000,000","4,000,000","7,000,000","5,000,000","5,000,000","4,000,000","4,000,000","6,000,000","5,000,000","9,000,000","13,000,000","9,000,000","11,000,000","12,000,000","13,000,000","19,000,000","14,000,000","22,000,000","19,000,000","21,000,000","28,000,000","21,000,000","14,000,000","19,000,000","27,000,000",,,,,,,,,,,,,,,,,,,,,,,,,,,,,,,,,,,,,,,,,,,,,,,,,,,,,,,,,,,,,,,,,,,,,,,,,,,,,,,,,,,,,,,,,,,,,,
	InterestExpenseNonOperating,"215,000,000","55,000,000","58,000,000","46,000,000","56,000,000","58,000,000","60,000,000","60,000,000","55,000,000","59,000,000","60,000,000","59,000,000","60,000,000","62,000,000","62,000,000","63,000,000","54,000,000","51,000,000","55,000,000","55,000,000","54,000,000","56,000,000","58,000,000","59,000,000","53,000,000","54,000,000","47,000,000","42,000,000","43,000,000","45,000,000","38,000,000","34,000,000","30,000,000","32,000,000","33,000,000","38,000,000","30,000,000","29,000,000","29,000,000","25,000,000","25,000,000","27,000,000","31,000,000","40,000,000","34,000,000","53,000,000","48,000,000","59,000,000","61,000,000","39,000,000","63,000,000","49,000,000","62,000,000",,,,,,,,,,,,,,,,,,,,,,,,,,,,,,,,,,,,,,,,,,,,,,,,,,,,,,,,,,,,,,,,,,,,,,,,,,,,,,,,,,,,,,,,,,,,,,
	TotalOtherFinanceCost,,,,,,,,,,,"54,000,000","56,000,000","55,000,000","59,000,000","59,000,000","58,000,000","46,000,000","47,000,000","52,000,000",,"51,000,000","48,000,000","54,000,000","54,000,000","49,000,000","51,000,000",,,,"41,000,000",,,,"28,000,000","29,000,000",,,"20,000,000",,,,,,,"20,000,000",,,,,,"49,000,000",,,,,,,,,,,,,,,,,,,,,,,,,,,,,,,,,,,,,,,,,,,,,,,,,,,,,,,,,,,,,,,,,,,,,,,,,,,,,,,,,,,,,,,,,,,,,,,,
OtherIncomeExpense,"43,000,000","10,000,000","6,000,000","2,000,000","24,000,000","9,000,000","-58,000,000","-23,000,000","51,000,000","-368,000,000","-22,000,000","-27,000,000","6,000,000","-15,000,000","12,000,000","-6,000,000","-11,000,000","-9,000,000","-28,000,000","-17,000,000","4,000,000","-68,000,000","6,000,000","-39,000,000","-49,000,000","-4,000,000","-31,000,000","19,000,000","37,000,000","-15,000,000","-38,000,000","-44,000,000","6,000,000","-46,000,000","10,000,000","-29,000,000","3,000,000","8,000,000",,"-39,000,000","11,000,000","-115,000,000","-58,000,000","-182,000,000","23,000,000","143,000,000","-99,000,000","20,000,000","-5,000,000","246,000,000","-43,000,000","14,000,000","50,000,000","-1,819,000,000","-298,000,000","-122,000,000","-84,000,000","-60,000,000","-105,000,000","-84,000,000","-297,000,000","-332,000,000","-108,000,000","505,000,000","102,000,000","374,000,000","1,161,000,000","428,000,000","237,000,000","18,000,000","-37,000,000","2,000,000","226,000,000","247,000,000","-41,000,000","51,000,000","218,000,000","-204,000,000","40,000,000","-2,419,000,000","-382,000,000","-1,528,000,000","-1,829,000,000","-170,000,000","272,000,000",,,,,,,,,"0",,"-1,980,000,000",,,,,,,,,,,,,,,,,,,,,,,,,,,,,,,,,,,,,,,,,,,,,,,,,,,
	GainOnSaleOfSecurity,"-12,000,000","-6,000,000","-5,000,000","-7,000,000","6,000,000","-7,000,000","-6,000,000","-9,000,000","2,000,000","-6,000,000","-6,000,000","-7,000,000","-7,000,000","-9,000,000","7,000,000","-9,000,000","-4,000,000","-2,000,000","-3,000,000","-2,000,000","-7,000,000","7,000,000","3,000,000","-3,000,000","-29,000,000","41,000,000","8,000,000","1,000,000","47,000,000","3,000,000","16,000,000","-10,000,000","5,000,000","3,000,000","33,000,000","-8,000,000","11,000,000","37,000,000",,"-21,000,000","10,000,000",,,,,,"1,000,000","53,000,000",,,"21,000,000","30,000,000",,,,,,,,,,,,,,,,,,,,,,,,,,,,,,,,,,,,,,,,,,,,,,,,,,,,,,,,,,,,,,,,,,,,,,,,,,,,,,,,,,,,,,,,,,,,,,,
	EarningsFromEquityInterest,"-3,000,000","-3,000,000","-17,000,000","10,000,000","7,000,000","7,000,000","-3,000,000","4,000,000","2,000,000","0","-16,000,000","16,000,000","0","3,000,000","8,000,000",,"1,000,000",,,,,,,,,,,,,,,,,,,,,,"19,000,000","3,000,000","17,000,000",,"2,000,000","1,000,000","18,000,000",,,"53,000,000",,,,,,,,,,,,,,,,,,,,,,,,,,,,,,,,,,,,,,,,,,,,,,,,,,,,,,,,,,,,,,,,,,,,,,,,,,,,,,,,,,,,,,,,,,,,,,,,,,,
	SpecialIncomeCharges,"-70,000,000","-14,000,000","-4,000,000","-30,000,000","8,000,000","-14,000,000","-71,000,000","-39,000,000","34,000,000","-386,000,000","-19,000,000","-55,000,000","-13,000,000","-28,000,000","-17,000,000","-18,000,000","-26,000,000","-10,000,000","-28,000,000","-16,000,000","9,000,000","-79,000,000","-8,000,000","-36,000,000","-20,000,000","-46,000,000","-40,000,000","16,000,000","-12,000,000","-16,000,000","-50,000,000","-33,000,000","0","-53,000,000","-25,000,000","-23,000,000","-11,000,000","16,000,000","-19,000,000","-21,000,000","-16,000,000","-174,000,000","-60,000,000","-183,000,000","5,000,000","156,000,000","-100,000,000","-33,000,000","-5,000,000","246,000,000","-43,000,000","-16,000,000","50,000,000","-1,819,000,000","-298,000,000","-122,000,000","-84,000,000","-60,000,000","-105,000,000","-84,000,000","-297,000,000","-332,000,000","-108,000,000","505,000,000","102,000,000","374,000,000","1,161,000,000","428,000,000","237,000,000","18,000,000","-37,000,000","2,000,000","226,000,000","247,000,000","-41,000,000","51,000,000","218,000,000","-204,000,000","40,000,000","-2,419,000,000","-382,000,000","-1,528,000,000","-1,829,000,000","-170,000,000","272,000,000",,,,,,,,,"0",,"-1,980,000,000",,,,,,,,,,,,,,,,,,,,,,,,,,,,,,,,,,,,,,,,,,,,,,,,,,,
		RestructuringAndMergernAcquisition,"39,000,000","11,000,000","4,000,000","9,000,000","15,000,000","10,000,000","15,000,000","27,000,000","14,000,000","12,000,000","16,000,000","8,000,000","6,000,000","22,000,000","21,000,000","18,000,000","25,000,000","11,000,000","6,000,000","17,000,000","16,000,000","49,000,000","6,000,000","19,000,000","20,000,000","38,000,000","14,000,000","13,000,000","12,000,000","16,000,000","13,000,000","25,000,000","21,000,000","52,000,000","24,000,000","19,000,000","11,000,000",,,,,,,,,,"44,000,000","105,000,000","25,000,000",,"19,000,000","0",,"183,000,000","31,000,000","39,000,000","74,000,000","69,000,000","58,000,000","78,000,000","85,000,000",,"59,000,000",,,,,,,"-20,000,000","46,000,000","-21,000,000","-20,000,000","21,000,000","44,000,000","-42,000,000","63,000,000","97,000,000","11,000,000","1,468,000,000","198,000,000",,"133,000,000","619,000,000","241,000,000",,,,,,,,,,,,,,,,,,,,,,,,,,,,,,,,,,,,,,,,,,,,,,,,,,,,,,,,,,,,,,
		ImpairmentOfCapitalAssets,"10,000,000","3,000,000","0",,"7,000,000","-5,000,000","0","5,000,000",,,,,,,"0","0","0",,"0","0","8,000,000","0","0","17,000,000",,"5,000,000","26,000,000",,,,,,,,,,,,"6,000,000","0","2,000,000",,,"0",,"-20,000,000","1,000,000","0",,,,"39,000,000",,,,,,,,,,,,,,,,,,,,,,,,,,,,,,,,,,,,,,,,,,,,,,,,,,,,,,,,,,,,,,,,,,,,,,,,,,,,,,,,,,,,,,,,,,,,,,,
		WriteOff,"0",,,,,"9,000,000","0","0","0","2,000,000","5,000,000","3,000,000","8,000,000","6,000,000","0","0","0","8,000,000","1,000,000",,,"2,000,000","2,000,000","0",,"3,000,000","0","3,000,000",,"0","0","0",,"1,000,000","1,000,000","4,000,000","0",,,,,,,,,,,,,,,,,,,,,,,,,,,,,,,,,,,,,,,,,,,,,,,,,,,,,,,,,,,,,,,,,,,,,,,,,,,,,,,,,,,,,,,,,,,,,,,,,,,,,,,,,,,,,,
		OtherSpecialCharges,"21,000,000","0",,"21,000,000","-30,000,000","0","56,000,000","7,000,000","2,000,000","367,000,000","-2,000,000","44,000,000","-1,000,000","0","-4,000,000",,"1,000,000","-1,000,000","21,000,000","-1,000,000","-33,000,000",,,,,"0",,"-32,000,000",,"0","37,000,000","8,000,000",,,,,,"-57,000,000","13,000,000","21,000,000","14,000,000",,,"183,000,000",,"-88,000,000","99,000,000","33,000,000","-12,000,000","-189,000,000","64,000,000","-23,000,000","-70,000,000","1,636,000,000","267,000,000","83,000,000","10,000,000","-9,000,000","47,000,000","6,000,000","212,000,000",,"49,000,000",,,,,,,"2,000,000","-9,000,000","19,000,000","-206,000,000","-268,000,000","-3,000,000","-9,000,000","-281,000,000","107,000,000","-51,000,000","951,000,000","184,000,000",,"1,696,000,000","-449,000,000","-513,000,000",,,,,,,,,,,,,,,,,,,,,,,,,,,,,,,,,,,,,,,,,,,,,,,,,,,,,,,,,,,,,,
		GainOnSaleOfBusiness,,,,,,,,,,,,,,,,,,,,,,,,,,,,,,,,,,,,,,,,,,,,,,,,,"8,000,000","57,000,000","21,000,000","30,000,000","-20,000,000",,,,,,,,,,,,,,,,,,,,,,,,,,,,,,,,,,,,,,,,,,,,,,,,,,,,,,,,,,,,,,,,,,,,,,,,,,,,,,,,,,,,,,,,,,,,,,
		GainOnSaleOfPPE,"0","0","0",,,"0","0","0","50,000,000",,,,,,,,,,,,,,,,,"0","0","0","0","0","0","0","21,000,000",,,,,,,,,,,,,,,,,,,,,,,,,,,,,,,,,,,,,,,,,,,,,,,,,,,,,,,,,,,,,,,,,,,,,,,,,,,,,,,,,,,,,,,,,,,,,,,,,,,,,,,,,,,,,,,,,,
	OtherNonOperatingIncomeExpenses,"128,000,000","33,000,000","32,000,000","29,000,000","3,000,000","23,000,000","22,000,000","21,000,000","13,000,000","24,000,000","19,000,000","19,000,000","26,000,000","19,000,000","21,000,000","21,000,000","18,000,000","2,000,000","3,000,000","1,000,000","2,000,000","4,000,000","5,000,000","-40,000,000","-28,000,000","1,000,000","1,000,000","2,000,000","2,000,000","-2,000,000","-4,000,000","-1,000,000","1,000,000","4,000,000","2,000,000","2,000,000","3,000,000","8,000,000",,,,,,,,,,,,,,,,,,,,,,,,,,,,,,,,,,,,,,,,,,,,,,,,,,,,,,,,,,,,,,,,,,,,,,,,,,,,,,,,,,,,,,,,,,,,,,,,,,,,,,,,,,,,,
PretaxIncome,"1,552,000,000","518,000,000","405,000,000","340,000,000","289,000,000","522,000,000","251,000,000","176,000,000","224,000,000","193,000,000","348,000,000","275,000,000","185,000,000","465,000,000","270,000,000","227,000,000","140,000,000","466,000,000","286,000,000","205,000,000","120,000,000","362,000,000","293,000,000","167,000,000","22,000,000","377,000,000","197,000,000","215,000,000","128,000,000","-1,498,000,000","151,000,000","98,000,000","151,000,000","391,000,000","325,000,000","224,000,000","205,000,000","407,000,000","324,000,000","240,000,000","244,000,000","268,000,000","237,000,000","73,000,000","173,000,000","348,000,000","205,000,000","345,000,000","63,000,000","200,000,000","36,000,000","33,000,000","-434,000,000","-1,725,000,000","-600,000,000","-51,000,000","-261,000,000","33,000,000","8,000,000","-104,000,000","-327,000,000","684,000,000","1,155,000,000","1,723,000,000","1,093,000,000","1,720,000,000","2,281,000,000","1,432,000,000","1,087,000,000","809,000,000","727,000,000","800,000,000","916,000,000","746,000,000","178,000,000","112,000,000","257,000,000","280,000,000","215,000,000","-3,290,000,000","-651,000,000","-1,853,000,000","-2,219,000,000","-848,000,000","-591,000,000","413,000,000","758,000,000","420,000,000","640,000,000","499,000,000","130,000,000","295,000,000","244,000,000","227,000,000","39,000,000","-1,897,000,000","257,000,000","494,000,000","410,000,000","413,000,000","499,000,000","366,000,000","317,000,000","501,000,000","591,000,000","641,000,000","788,000,000","591,000,000","591,000,000","804,000,000","595,000,000","586,000,000","452,000,000","507,000,000","388,000,000","330,000,000","300,000,000","250,000,000","182,000,000","196,000,000","172,000,000","170,000,000","117,000,000","165,000,000","161,000,000","124,000,000","142,000,000","223,000,000","177,000,000",,,,,,,,,,,,,,,,,,
TaxProvision,"302,000,000","116,000,000","97,000,000","46,000,000","44,000,000","109,000,000","45,000,000","40,000,000","26,000,000","-50,000,000","80,000,000","67,000,000","33,000,000","42,000,000","22,000,000","46,000,000","23,000,000","1,039,000,000","73,000,000","73,000,000","42,000,000","118,000,000","100,000,000","59,000,000","5,000,000","99,000,000","71,000,000","64,000,000","40,000,000","-572,000,000","84,000,000","20,000,000","24,000,000","48,000,000","17,000,000","-38,000,000","13,000,000","71,000,000","118,000,000","63,000,000","85,000,000","88,000,000","84,000,000","17,000,000","-186,000,000","128,000,000","196,000,000","179,000,000","-5,000,000","57,000,000","14,000,000","-2,000,000","-146,000,000","1,932,000,000","-203,000,000","-55,000,000","-67,000,000","-78,000,000","-32,000,000","-66,000,000","-109,000,000","155,000,000","428,000,000","374,000,000","407,000,000","510,000,000","531,000,000","485,000,000","395,000,000","-497,000,000","248,000,000","1,003,000,000","307,000,000","257,000,000","62,000,000","-7,000,000","88,000,000","106,000,000","104,000,000","-969,000,000","-202,000,000","-616,000,000","-811,000,000","-89,000,000","-58,000,000","278,000,000","227,000,000","216,000,000","192,000,000","150,000,000","39,000,000","89,000,000","73,000,000","68,000,000","12,000,000","-569,000,000","77,000,000","173,000,000","144,000,000","145,000,000","174,000,000","128,000,000","111,000,000","175,000,000","207,000,000","209,000,000","292,000,000","281,000,000","219,000,000","289,000,000","215,000,000","219,000,000","154,000,000","167,000,000","134,000,000","106,000,000","96,000,000","76,000,000","53,000,000","50,000,000","45,000,000","44,000,000","24,000,000","46,000,000","45,000,000","15,000,000","40,000,000","62,000,000","50,000,000",,,,,,,,,,,,,,,,,,
NetIncomeCommonStockholders,"1,245,000,000","401,000,000","307,000,000","293,000,000","244,000,000","412,000,000","205,000,000","135,000,000","197,000,000","243,000,000","267,000,000","207,000,000","151,000,000","422,000,000","247,000,000","180,000,000","117,000,000","-575,000,000","212,000,000","131,000,000","77,000,000","243,000,000","192,000,000","107,000,000","17,000,000","277,000,000","115,000,000","142,000,000","74,000,000","201,000,000","147,000,000","824,000,000","127,000,000","342,000,000","307,000,000","258,000,000","192,000,000","336,000,000","206,000,000","182,000,000","157,000,000","184,000,000","128,000,000","349,000,000","497,000,000","293,000,000","109,000,000","162,000,000","69,000,000","142,000,000","12,000,000","26,000,000","-231,000,000","-3,657,000,000","-397,000,000","4,000,000","-194,000,000","100,000,000","60,000,000","-28,000,000","-181,000,000","623,000,000","968,000,000","1,384,000,000","686,000,000","1,202,000,000","1,751,000,000","933,000,000","692,000,000","647,000,000","479,000,000","-203,000,000","609,000,000","489,000,000","116,000,000","119,000,000","169,000,000","174,000,000","111,000,000","-2,321,000,000","-449,000,000","-1,237,000,000","-1,408,000,000","-759,000,000","-533,000,000","135,000,000","531,000,000","204,000,000","448,000,000","349,000,000","91,000,000","206,000,000","171,000,000","159,000,000","27,000,000","-1,328,000,000","180,000,000","321,000,000","266,000,000","268,000,000","325,000,000","238,000,000","206,000,000","326,000,000","384,000,000","432,000,000","496,000,000","481,000,000","372,000,000","515,000,000","380,000,000","367,000,000","298,000,000","340,000,000","254,000,000","224,000,000","204,000,000","51,000,000","129,000,000","146,000,000","127,000,000","126,000,000","93,000,000","119,000,000","116,000,000","109,000,000","102,000,000","161,000,000","127,000,000",,,,,,,,,,,,,,,,,,
	NetIncome,"1,245,000,000","401,000,000","307,000,000","293,000,000","244,000,000","412,000,000","205,000,000","135,000,000","197,000,000","243,000,000","267,000,000","207,000,000","151,000,000","422,000,000","247,000,000","180,000,000","117,000,000","-575,000,000","212,000,000","131,000,000","77,000,000","243,000,000","192,000,000","107,000,000","17,000,000","277,000,000","115,000,000","142,000,000","74,000,000","201,000,000","147,000,000","824,000,000","127,000,000","342,000,000","307,000,000","258,000,000","192,000,000","336,000,000","206,000,000","182,000,000","157,000,000","184,000,000","128,000,000","349,000,000","497,000,000","293,000,000","109,000,000","162,000,000","69,000,000","142,000,000","12,000,000","26,000,000","-231,000,000","-3,657,000,000","-397,000,000","4,000,000","-194,000,000","100,000,000","60,000,000","-28,000,000","-181,000,000","623,000,000","968,000,000","1,384,000,000","686,000,000","1,202,000,000","1,751,000,000","933,000,000","692,000,000","647,000,000","479,000,000","-203,000,000","609,000,000","489,000,000","116,000,000","119,000,000","169,000,000","174,000,000","111,000,000","-2,321,000,000","-449,000,000","-1,237,000,000","-1,408,000,000","-759,000,000","-533,000,000","135,000,000","531,000,000","204,000,000","448,000,000","349,000,000","91,000,000","206,000,000","171,000,000","159,000,000","27,000,000","-1,328,000,000","180,000,000","321,000,000","266,000,000","268,000,000","325,000,000","238,000,000","206,000,000","326,000,000","384,000,000","432,000,000","496,000,000","481,000,000","372,000,000","515,000,000","380,000,000","367,000,000","298,000,000","340,000,000","254,000,000","224,000,000","204,000,000","51,000,000","129,000,000","146,000,000","127,000,000","126,000,000","93,000,000","119,000,000","116,000,000","109,000,000","102,000,000","161,000,000","127,000,000",,,,,,,,,,,,,,,,,,
		NetIncomeIncludingNoncontrollingInterests,"1,250,000,000","402,000,000","308,000,000","294,000,000","245,000,000","413,000,000","206,000,000","136,000,000","198,000,000","243,000,000","268,000,000","208,000,000","152,000,000","423,000,000","248,000,000","181,000,000","117,000,000","-573,000,000","213,000,000","132,000,000","78,000,000","244,000,000","193,000,000","108,000,000","17,000,000","280,000,000","115,000,000","143,000,000","75,000,000","201,000,000","148,000,000","824,000,000","127,000,000","343,000,000","308,000,000","262,000,000","192,000,000","336,000,000","206,000,000","182,000,000","157,000,000","184,000,000","129,000,000","347,000,000","491,000,000","306,000,000","111,000,000","166,000,000","68,000,000","143,000,000","22,000,000","35,000,000","-228,000,000","-3,657,000,000","-397,000,000","4,000,000","-194,000,000","100,000,000","60,000,000","-28,000,000","-181,000,000","623,000,000","968,000,000","1,384,000,000","686,000,000","1,202,000,000","1,751,000,000","933,000,000","692,000,000","601,000,000","511,000,000","-203,000,000","609,000,000","489,000,000","116,000,000","119,000,000","169,000,000","174,000,000","111,000,000","-2,321,000,000","-449,000,000","-1,237,000,000","-1,408,000,000","-759,000,000","-533,000,000","135,000,000","531,000,000","204,000,000","448,000,000","349,000,000","91,000,000","206,000,000","171,000,000","159,000,000","27,000,000","-1,328,000,000","180,000,000","321,000,000","266,000,000","268,000,000","325,000,000","238,000,000","206,000,000","326,000,000","384,000,000","432,000,000","496,000,000","481,000,000","372,000,000","515,000,000","380,000,000","367,000,000","298,000,000","340,000,000","254,000,000","224,000,000","204,000,000","51,000,000","129,000,000","146,000,000","127,000,000","126,000,000","93,000,000","119,000,000","116,000,000","109,000,000","102,000,000","161,000,000","127,000,000","132,000,000","89,000,000","154,000,000","123,000,000","124,000,000","87,000,000","120,000,000","114,000,000","102,000,000","70,000,000","80,000,000","56,000,000","63,000,000","31,000,000","55,000,000","45,000,000","44,000,000","-39,000,000"
			NetIncomeContinuousOperations,"1,250,000,000","402,000,000","308,000,000","294,000,000","245,000,000","413,000,000","206,000,000","136,000,000","198,000,000","243,000,000","268,000,000","208,000,000","152,000,000","423,000,000","248,000,000","181,000,000","117,000,000","-573,000,000","213,000,000","132,000,000","78,000,000","244,000,000","193,000,000","108,000,000","17,000,000","278,000,000","126,000,000","151,000,000","88,000,000","-926,000,000","67,000,000","78,000,000","127,000,000","343,000,000","308,000,000","262,000,000","192,000,000","336,000,000","206,000,000","177,000,000","159,000,000","180,000,000","153,000,000","56,000,000","359,000,000","220,000,000","9,000,000","166,000,000","68,000,000","143,000,000","22,000,000","35,000,000","-288,000,000","-3,657,000,000","-397,000,000","4,000,000","-194,000,000","111,000,000","40,000,000","-38,000,000","-218,000,000","529,000,000","727,000,000","1,349,000,000","686,000,000","1,210,000,000","1,750,000,000","947,000,000","692,000,000","1,306,000,000","479,000,000","-203,000,000","609,000,000","489,000,000","116,000,000","119,000,000","169,000,000","174,000,000","111,000,000","-2,321,000,000","-449,000,000","-1,237,000,000","-1,408,000,000","-759,000,000","-533,000,000","135,000,000","531,000,000","204,000,000","448,000,000","349,000,000","91,000,000","206,000,000","171,000,000","159,000,000","27,000,000","-1,328,000,000","180,000,000","321,000,000","266,000,000","268,000,000","325,000,000","238,000,000","206,000,000","326,000,000","384,000,000","432,000,000","496,000,000","481,000,000","372,000,000","515,000,000","380,000,000","367,000,000","298,000,000","340,000,000","254,000,000","224,000,000","204,000,000","174,000,000","129,000,000","146,000,000","127,000,000","126,000,000","93,000,000","119,000,000","116,000,000","109,000,000","102,000,000","161,000,000","127,000,000","132,000,000","89,000,000","154,000,000","123,000,000","124,000,000","87,000,000","120,000,000","114,000,000","102,000,000","70,000,000","80,000,000","56,000,000","63,000,000","31,000,000","55,000,000","45,000,000","44,000,000","-39,000,000"
			NetIncomeDiscontinuousOperations,,,,,,,,,,,,,,,,,,,,,,"0","0","0","0","2,000,000","-11,000,000","-8,000,000","-13,000,000","1,127,000,000","81,000,000","746,000,000",,"0","0","0","0","0","0","5,000,000","-2,000,000","4,000,000","-24,000,000","291,000,000","132,000,000","86,000,000","102,000,000","0","0","0","0","0","60,000,000",,,,,"-11,000,000","20,000,000","10,000,000","37,000,000","94,000,000","241,000,000","35,000,000",,"-8,000,000","1,000,000","-14,000,000",,,,,,,,,,,,,,,,,,,,,,,,,,,,,,,,,,,,,,,,,,,,,,,,,,,,,,,,,,,,,,,,,,,,,,,,,,,,,,,
		MinorityInterests,"-5,000,000","-1,000,000","-1,000,000","-1,000,000","-1,000,000","-1,000,000","-1,000,000","-1,000,000","-1,000,000","0","-1,000,000","-1,000,000","-1,000,000","-1,000,000","-1,000,000","-1,000,000","0","-2,000,000","-1,000,000","-1,000,000","-1,000,000","-1,000,000","-1,000,000","-1,000,000","0","-1,000,000",,"-1,000,000","-1,000,000","0","-1,000,000","0",,"-1,000,000","-1,000,000","-4,000,000",,"0","0","0","0","0","-1,000,000","2,000,000","6,000,000","-13,000,000","-2,000,000","-4,000,000","1,000,000","-1,000,000","-10,000,000","-9,000,000","-3,000,000",,,,,,,,,,,,,,,,,,"-32,000,000",,,,,,,,,,,,,,,,,,,,,,,,,,,,,,,,,,,,,,,,,,,,,,,,,,,,,,,,,,,,,,,,,,,,,,,,,,,,
	OtherunderPreferredStockDividend,,,,,,,,,,,,,,,,,,,,,,,,,,,,,,,,,,,,,,,,,,,,,,,,,,,,"9,000,000",,,,,,,,,,,,,,,,,,,,,,,,,,,,,,,,,,,,,,,,,,,,,,,,,,,,,,,,,,,,,,,,,,,,,,,,,,,,,,,,,,,,,,,,,,,,,,,
DilutedNIAvailtoComStockholders,"1,245,000,000","401,000,000","307,000,000","293,000,000","244,000,000","412,000,000","205,000,000","135,000,000","197,000,000","243,000,000","267,000,000","207,000,000","151,000,000","422,000,000","247,000,000","180,000,000","117,000,000","-575,000,000","212,000,000","131,000,000","77,000,000","243,000,000","192,000,000","107,000,000","17,000,000","277,000,000","115,000,000","142,000,000","74,000,000","201,000,000","147,000,000","824,000,000","127,000,000","342,000,000","307,000,000","258,000,000","192,000,000","336,000,000","206,000,000","182,000,000","157,000,000","184,000,000","128,000,000","349,000,000","497,000,000","293,000,000","109,000,000","162,000,000","69,000,000","142,000,000","12,000,000","26,000,000","-231,000,000","-3,657,000,000","-397,000,000","4,000,000","-194,000,000","100,000,000","60,000,000","-28,000,000","-181,000,000","623,000,000","968,000,000","1,384,000,000","686,000,000","1,202,000,000","1,751,000,000","933,000,000","692,000,000","647,000,000","479,000,000","-203,000,000","609,000,000","489,000,000","116,000,000","119,000,000","169,000,000","174,000,000","111,000,000","-2,321,000,000","-449,000,000","-1,237,000,000","-1,408,000,000","-759,000,000","-533,000,000","135,000,000","531,000,000","204,000,000","448,000,000","349,000,000","91,000,000","206,000,000","171,000,000","159,000,000","27,000,000","-1,328,000,000","180,000,000","321,000,000","266,000,000","268,000,000","325,000,000","238,000,000","206,000,000","326,000,000","384,000,000","432,000,000","496,000,000","481,000,000","372,000,000","515,000,000","380,000,000","367,000,000","298,000,000","340,000,000","254,000,000","224,000,000","204,000,000","51,000,000","129,000,000","146,000,000","127,000,000","126,000,000","93,000,000","119,000,000","116,000,000","109,000,000","102,000,000","161,000,000","127,000,000",,,,,,,,,,,,,,,,,,
BasicEPS,,"2.38","1.81","1.73","1.44","2.43","1.21","0.79","1.15",,"1.6","1.25","0.92","2.58","1.52","1.11","0.73","-3.56","1.3","0.8","0.47","1.47","1.15","0.62","0.1","1.6","0.58","0.68","0.34","0.87","0.6","3.25","0.5","1.33","1.17","0.96","0.7","1.2","0.73","0.63","0.5",,"0.38","1.02","1.47",,"0.35","0.49","0.21",,"0.07","0.07","-0.7",,"-1.26","0","-0.63",,"0.21","-0.07","-0.56",,"2.8","3.92","1.96",,"4.97","2.66","1.96",,"1.4","-0.63","1.82",,"0.35","0.35","0.49",,"0.35","-7.14","-1.4",,"-4.48","-2.45","-1.68",,"1.68","0.63","1.47",,"0.35","0.84","0.63",,"0.14","-5.18","0.63",,"1.05","1.05","1.26",,"0.77","1.26","1.47",,"1.89","1.82","1.4",,"1.54","1.47","1.19",,"1.05","0.98","0.91",,"0.63","0.63","0.56",,"0.42","0.56","0.49",,"0.49","0.77","0.63",,"0.42","0.7","0.56",,"0.42","0.56","0.49",,"0.35","0.35","0.28",,"0.14","0.28","0.21",,"-0.21"
DilutedEPS,,"2.3","1.76","1.69","1.41","2.37","1.18","0.78","1.12",,"1.51","1.18","0.86","2.44","1.43","1.05","0.69","-3.56","1.25","0.78","0.45","1.43","1.13","0.61","0.1","1.57","0.57","0.68","0.34","0.87","0.59","3.22","0.49","1.31","1.16","0.94","0.68","1.18","0.72","0.61","0.49",,"0.38","1","1.44",,"0.35","0.49","0.21",,"0.07","0.07","-0.7",,"-1.26","0","-0.63",,"0.21","-0.07","-0.56",,"2.73","3.85","1.89",,"4.83","2.59","1.96",,"1.4","-0.63","1.75",,"0.35","0.35","0.49",,"0.35","-7.14","-1.4",,"-4.48","-2.45","-1.68",,"1.61","0.63","1.4",,"0.35","0.77","0.63",,"0.07","-5.18","0.63",,"1.05","1.05","1.26",,"0.77","1.26","1.47",,"1.89","1.82","1.4",,"1.54","1.47","1.19",,"1.05","0.98","0.84",,"0.63","0.63","0.56",,"0.42","0.56","0.49",,"0.49","0.77","0.63",,"0.42","0.7","0.56",,"0.42","0.56","0.49",,"0.35","0.35","0.28",,"0.14","0.28","0.21",,"-0.21"
BasicAverageShares,,"168,800,000","169,200,000","169,600,000","169,300,000","169,500,000","169,700,000","170,000,000","170,600,000",,"166,700,000","164,900,000","164,000,000","163,500,000","162,600,000","162,200,000","161,400,000","161,700,000","162,300,000","163,100,000","164,200,000","165,400,000","166,300,000","171,900,000","174,500,000","174,900,000","199,200,000","208,000,000","215,300,000","230,500,000","246,300,000","253,700,000","254,100,000","257,500,000","262,200,000","269,500,000","274,500,000","279,300,000","283,100,000","290,600,000","311,300,000",,"335,400,000","341,200,000","337,400,000",,"334,142,523","332,685,381","330,813,954",,"328,513,957","327,699,672","325,785,388",,"323,699,676","323,228,248","322,428,249",,"327,171,101","328,042,529","338,899,661",,"345,442,511","352,056,790","355,571,073",,"354,371,074","351,456,791","349,585,364",,"337,085,377","335,956,806","333,885,380",,"331,828,239","331,371,097","330,213,955",,"327,971,100","325,313,960","321,928,249",,"316,728,254","314,699,685","313,428,258",,"311,756,831","309,285,405","306,906,835",,"260,917,739","259,373,454","258,300,884",,"256,842,314","256,499,029","256,284,600",,"263,234,451","263,534,736","262,033,166",,"261,303,881","261,518,452","261,089,453",,"262,161,880","261,346,738","261,132,310",,"252,981,318","252,552,318","252,852,604",,"241,904,520","228,571,200","224,175,600",,"204,761,700","231,745,800","226,785,488",,"221,428,350","212,499,788","236,734,457",,"208,163,057","209,090,700","201,587,100",,"222,565,422","222,565,422","222,565,422",,"222,441,870","222,189,618","221,879,021",,"221,161,732","220,653,796","219,991,420",,"219,159,159","219,159,159","216,731,016",,"204,238,524"
DilutedAverageShares,,"174,200,000","174,100,000","173,100,000","173,200,000","173,500,000","173,500,000","173,600,000","175,900,000",,"176,400,000","176,100,000","174,600,000","173,400,000","172,600,000","171,700,000","170,600,000","161,700,000","169,000,000","169,000,000","169,900,000","170,400,000","169,600,000","174,800,000","177,000,000","177,500,000","201,300,000","209,500,000","217,800,000","230,500,000","248,200,000","256,200,000","258,300,000","261,200,000","265,300,000","274,700,000","280,700,000","284,400,000","287,400,000","296,100,000","317,700,000",,"339,500,000","348,500,000","344,200,000",,"339,199,660","337,856,805","334,471,094",,"331,356,811","329,485,384","325,785,388",,"323,699,676","324,213,961","322,428,249",,"331,199,668","328,042,529","338,899,661",,"353,828,217","360,285,354","364,799,635",,"363,856,779","357,713,928","355,299,644",,"352,285,362","335,956,806","355,342,501",,"336,856,806","333,856,809","332,156,810",,"329,742,527","325,313,960","321,928,249",,"316,728,254","314,699,685","313,428,258",,"323,713,962","321,385,392","324,281,390",,"267,867,589","267,009,590","263,792,593",,"256,842,314","256,499,029","262,247,737",,"263,234,451","263,534,736","262,033,166",,"261,303,881","261,518,452","261,089,453",,"262,161,880","261,346,738","261,132,310",,"252,981,318","252,552,318","252,852,604",,"241,904,520","228,571,200","242,856,900",,"204,761,700","231,745,800","226,785,488",,"221,428,350","212,499,788","236,734,457",,"208,163,057","209,090,700","201,587,100",,"222,565,422","222,565,422","222,565,422",,"222,441,870","222,189,618","221,879,021",,"221,161,732","220,653,796","219,991,420",,"219,159,159","219,159,159","216,731,016",,"204,238,524"
TotalOperatingIncomeAsReported,"1,667,000,000","549,000,000","451,000,000","370,000,000","298,000,000","555,000,000","352,000,000","218,000,000","259,000,000","590,000,000","413,000,000","349,000,000","229,000,000","516,000,000","294,000,000","273,000,000","171,000,000","512,000,000","338,000,000","257,000,000","176,000,000","403,000,000","341,000,000","224,000,000","100,000,000","389,000,000","231,000,000","254,000,000","119,000,000","-1,458,000,000","207,000,000","138,000,000","170,000,000","413,000,000","320,000,000","266,000,000","216,000,000","423,000,000","324,000,000","278,000,000","232,000,000","278,000,000","253,000,000","170,000,000","170,000,000","378,000,000","225,000,000","363,000,000","76,000,000","163,000,000","128,000,000","10,000,000","-449,000,000","-1,675,000,000","-452,000,000","5,000,000","-269,000,000","-19,000,000","-10,000,000","-158,000,000","-366,000,000","753,000,000","968,000,000","1,522,000,000","894,000,000","1,749,000,000","1,100,000,000","982,000,000","865,000,000","747,000,000","718,000,000","845,000,000","822,000,000","520,000,000","263,000,000","171,000,000","130,000,000","447,000,000","341,000,000","-2,239,000,000","-362,000,000","741,000,000","-387,000,000","-1,195,000,000","-1,018,000,000","-303,000,000","832,000,000","474,000,000","687,000,000","298,000,000","167,000,000","346,000,000","286,000,000","290,000,000","101,000,000","136,000,000","295,000,000","527,000,000","440,000,000","449,000,000","531,000,000","411,000,000","359,000,000","548,000,000","642,000,000","687,000,000","836,000,000","796,000,000","612,000,000","830,000,000","636,000,000","624,000,000","489,000,000","540,000,000","424,000,000","366,000,000","336,000,000","298,000,000","217,000,000","234,000,000","208,000,000","206,000,000","145,000,000","197,000,000","194,000,000","160,000,000","177,000,000","256,000,000","206,000,000",,,,,,,,,,,,,,,,,,
TotalExpenses,"6,454,000,000","1,758,000,000","1,652,000,000","1,589,000,000","1,454,000,000","1,707,000,000","1,501,000,000","1,361,000,000","1,430,000,000","1,760,000,000","1,570,000,000","1,502,000,000","1,423,000,000","1,715,000,000","1,545,000,000","1,469,000,000","1,271,000,000","1,435,000,000","1,279,000,000","1,224,000,000","1,114,000,000","1,405,000,000","1,185,000,000","1,170,000,000","1,073,000,000","1,250,000,000","1,151,000,000","1,133,000,000","1,092,000,000","3,265,000,000","1,216,000,000","1,222,000,000","1,631,000,000","2,039,000,000","1,768,000,000","1,822,000,000","1,746,000,000","2,041,000,000","1,813,000,000","1,853,000,000","1,709,000,000","1,836,000,000","1,792,000,000","1,779,000,000","1,714,000,000","5,427,000,000","4,557,000,000","5,051,000,000","4,943,000,000","5,751,000,000","5,325,000,000","5,448,000,000","5,820,000,000","8,627,000,000","7,901,000,000","8,038,000,000","7,643,000,000","9,596,000,000","8,762,000,000","8,814,000,000","9,619,000,000","11,197,000,000","9,543,000,000","9,354,000,000","9,119,000,000","8,616,000,000","8,324,000,000","7,843,000,000","7,296,000,000","4,711,000,000","7,860,000,000","7,876,000,000","7,759,000,000","7,482,000,000","6,522,000,000","6,034,000,000","5,850,000,000","7,002,000,000","6,019,000,000","7,512,000,000","6,185,000,000","7,536,000,000","7,660,000,000","8,098,000,000","8,529,000,000","10,035,000,000","8,661,000,000","8,781,000,000","8,081,000,000","8,200,000,000","7,521,000,000","7,167,000,000","6,946,000,000","8,047,000,000","7,051,000,000","6,887,000,000","6,591,000,000","7,751,000,000","6,913,000,000","7,072,000,000","6,111,000,000","7,274,000,000","6,139,000,000","6,287,000,000","6,313,000,000","6,611,000,000","6,015,000,000","6,081,000,000","5,399,000,000","5,623,000,000","5,024,000,000","4,815,000,000","4,204,000,000","4,453,000,000","3,984,000,000","3,570,000,000","3,290,000,000","3,413,000,000","3,179,000,000","2,907,000,000","2,847,000,000","2,833,000,000","2,600,000,000","2,617,000,000","2,549,000,000","2,774,000,000","2,526,000,000","2,459,000,000","2,327,000,000",,,,,,,,,,,,,,,,,,
NetIncomeFromContinuingAndDiscontinuedOperation,"1,245,000,000","401,000,000","307,000,000","293,000,000","244,000,000","412,000,000","205,000,000","135,000,000","197,000,000","243,000,000","267,000,000","207,000,000","151,000,000","422,000,000","247,000,000","180,000,000","117,000,000","-575,000,000","212,000,000","131,000,000","77,000,000","243,000,000","192,000,000","107,000,000","17,000,000","277,000,000","115,000,000","142,000,000","74,000,000","201,000,000","147,000,000","824,000,000","127,000,000","342,000,000","307,000,000","258,000,000","192,000,000","336,000,000","206,000,000","182,000,000","157,000,000","184,000,000","128,000,000","349,000,000","497,000,000","293,000,000","109,000,000","162,000,000","69,000,000","142,000,000","12,000,000","26,000,000","-231,000,000","-3,657,000,000","-397,000,000","4,000,000","-194,000,000","100,000,000","60,000,000","-28,000,000","-181,000,000","623,000,000","968,000,000","1,384,000,000","686,000,000","1,202,000,000","1,751,000,000","933,000,000","692,000,000","647,000,000","479,000,000","-203,000,000","609,000,000","489,000,000","116,000,000","119,000,000","169,000,000","174,000,000","111,000,000","-2,321,000,000","-449,000,000","-1,237,000,000","-1,408,000,000","-759,000,000","-533,000,000","135,000,000","531,000,000","204,000,000","448,000,000","349,000,000","91,000,000","206,000,000","171,000,000","159,000,000","27,000,000","-1,328,000,000","180,000,000","321,000,000","266,000,000","268,000,000","325,000,000","238,000,000","206,000,000","326,000,000","384,000,000","432,000,000","496,000,000","481,000,000","372,000,000","515,000,000","380,000,000","367,000,000","298,000,000","340,000,000","254,000,000","224,000,000","204,000,000","174,000,000","129,000,000","146,000,000","127,000,000","126,000,000","93,000,000","119,000,000","116,000,000","109,000,000","102,000,000","161,000,000","127,000,000",,,,,,,,,,,,,,,,,,
NormalizedIncome,"1,311,010,000","416,521,235.521","313,840,000","324,820,000","232,100,000","428,614,942.529","268,140,000","171,960,000","165,320,000","529,160,000","286,252,873.563","254,120,000","167,400,000","455,658,064.516","262,640,000","201,600,000","142,200,000","-567,800,000","234,940,000","142,520,000","75,700,000","291,530,386.74","195,293,515.358","132,350,000","54,730,000","278,687,002.653","146,480,000","138,100,000","62,850,000","-917,963,951.936","88,100,000","112,400,000","122,800,000","385,861,892.583","299,400,000","278,150,000","192,000,000","292,245,700.246","218,080,246.914","207,975,000","162,909,836.066","291,492,537.313","190,734,177.215","198,383,561.644","361,750,000","116,597,701.149","71,350,000","183,450,000","72,250,000","-33,890,000","38,277,777.778","16,900,000","-324,179,723.502","-2,474,650,000","-199,823,333.333","83,300,000","-131,563,218.391","150,000,000","108,250,000","16,600,000","-20,000,000","785,766,081.871","794,979,220.779","953,616,947.185","621,981,701.738","946,895,348.837","859,272,249.014","663,958,100.559","541,122,355.106","1,295,200,000","503,378,266.85","-204,200,000","458,744,541.485","327,092,493.298","142,719,101.124","88,400,000","25,645,914.397","300,771,428.571","87,000,000","-614,465,349.544","-185,531,490.015","-216,958,985.429","-247,462,821.091","-606,841,981.132","-778,306,260.575","135,000,000","531,000,000","204,000,000","448,000,000","349,000,000","91,000,000","206,000,000","171,000,000","159,000,000","27,000,000","58,104,375.329","180,000,000","321,000,000","266,000,000","268,000,000","325,000,000","238,000,000","206,000,000","326,000,000","384,000,000","432,000,000","496,000,000","481,000,000","372,000,000","515,000,000","380,000,000","367,000,000","298,000,000","340,000,000","254,000,000","224,000,000","204,000,000","174,000,000","129,000,000","146,000,000","127,000,000","126,000,000","93,000,000","119,000,000","116,000,000","109,000,000","102,000,000","161,000,000","127,000,000",,,,,,,,,,,,,,,,,,
InterestIncome,"7,000,000","1,000,000","2,000,000","2,000,000","2,000,000","5,000,000","2,000,000","2,000,000","3,000,000","4,000,000","6,000,000","3,000,000","5,000,000","3,000,000","3,000,000","5,000,000","8,000,000","4,000,000","3,000,000","4,000,000","3,000,000","8,000,000","4,000,000","5,000,000","4,000,000","3,000,000","4,000,000","3,000,000","3,000,000","4,000,000","7,000,000","5,000,000","5,000,000","4,000,000","4,000,000","6,000,000","5,000,000","9,000,000","13,000,000","9,000,000","11,000,000","12,000,000","13,000,000","19,000,000","14,000,000","22,000,000","19,000,000","21,000,000","28,000,000","21,000,000","14,000,000","19,000,000","27,000,000",,,,,,,,,,,,,,,,,,,,,,,,,,,,,,,,,,,,,,,,,,,,,,,,,,,,,,,,,,,,,,,,,,,,,,,,,,,,,,,,,,,,,,,,,,,,,,
InterestExpense,"215,000,000","55,000,000","58,000,000","46,000,000","56,000,000","58,000,000","60,000,000","60,000,000","55,000,000","59,000,000","60,000,000","59,000,000","60,000,000","62,000,000","62,000,000","63,000,000","54,000,000","51,000,000","55,000,000","55,000,000","54,000,000","56,000,000","58,000,000","59,000,000","53,000,000","54,000,000","47,000,000","42,000,000","43,000,000","45,000,000","38,000,000","34,000,000","30,000,000","32,000,000","33,000,000","38,000,000","30,000,000","29,000,000","29,000,000","25,000,000","25,000,000","27,000,000","31,000,000","40,000,000","34,000,000","53,000,000","48,000,000","59,000,000","61,000,000","39,000,000","63,000,000","49,000,000","62,000,000",,,,,,,,,,,,,,,,,,,,,,,,,,,,,,,,,,,,,,,,,,,,,,,,,,,,,,,,,,,,,,,,,,,,,,,,,,,,,,,,,,,,,,,,,,,,,,
NetInterestIncome,"-208,000,000","-54,000,000","-56,000,000","-44,000,000","-54,000,000","-53,000,000","-58,000,000","-58,000,000","-52,000,000","-55,000,000","-54,000,000","-56,000,000","-55,000,000","-59,000,000","-59,000,000","-58,000,000","-46,000,000","-47,000,000","-52,000,000","-51,000,000","-51,000,000","-48,000,000","-54,000,000","-54,000,000","-49,000,000","-51,000,000","-43,000,000","-39,000,000","-40,000,000","-41,000,000","-31,000,000","-29,000,000","-25,000,000","-28,000,000","-29,000,000","-32,000,000","-25,000,000","-20,000,000","-16,000,000","-16,000,000","-14,000,000","-15,000,000","-18,000,000","-21,000,000","-20,000,000","-31,000,000","-29,000,000","-38,000,000","-33,000,000","-18,000,000","-49,000,000","-30,000,000","-35,000,000",,,,,,,,,,,,,,,,,,,,,,,,,,,,,,,,,,,,,,,,,,,,,,,,,,,,,,,,,,,,,,,,,,,,,,,,,,,,,,,,,,,,,,,,,,,,,,
EBIT,"1,767,000,000","573,000,000","463,000,000","386,000,000","345,000,000","580,000,000","311,000,000","236,000,000","279,000,000","252,000,000","408,000,000","334,000,000","245,000,000","527,000,000","332,000,000","290,000,000","194,000,000","517,000,000","341,000,000","260,000,000","174,000,000","418,000,000","351,000,000","226,000,000","75,000,000","431,000,000","244,000,000","257,000,000","171,000,000","-1,453,000,000","189,000,000","132,000,000","181,000,000","423,000,000","358,000,000","262,000,000","235,000,000","436,000,000","353,000,000","265,000,000","269,000,000","295,000,000","268,000,000","113,000,000","207,000,000","401,000,000","253,000,000","404,000,000","124,000,000","239,000,000","99,000,000","82,000,000","-372,000,000","-1,491,000,000","-421,000,000","44,000,000","-195,000,000","50,000,000","49,000,000","-82,000,000","-186,000,000","595,000,000","1,060,000,000","1,522,000,000","894,000,000","1,817,000,000","1,100,000,000","982,000,000","865,000,000","727,000,000","764,000,000","824,000,000","802,000,000","541,000,000","307,000,000","129,000,000","193,000,000","544,000,000","352,000,000","-771,000,000","-164,000,000","-212,000,000","-254,000,000","-576,000,000","-777,000,000","29,000,000","832,000,000","474,000,000","687,000,000","298,000,000","167,000,000","346,000,000","286,000,000","290,000,000","101,000,000","136,000,000","295,000,000","527,000,000","440,000,000","449,000,000","531,000,000","411,000,000","359,000,000","548,000,000","642,000,000","687,000,000","836,000,000","796,000,000","612,000,000","830,000,000","636,000,000","624,000,000","489,000,000","540,000,000","424,000,000","366,000,000","336,000,000","298,000,000","217,000,000","234,000,000","208,000,000","206,000,000","145,000,000","197,000,000","194,000,000","160,000,000","177,000,000","256,000,000","206,000,000","-6,192,000,000","2,408,000,000","2,385,000,000","2,175,000,000","-5,329,000,000","2,000,000,000","2,089,000,000","1,950,000,000","-4,362,000,000","1,672,000,000","1,639,000,000","1,547,000,000","-3,918,000,000","1,431,000,000","1,499,000,000","1,339,000,000","-3,874,000,000","1,301,000,000"
EBITDA,"2,205,000,000"
ReconciledCostOfRevenue,"3,929,000,000","1,088,000,000","1,013,000,000","967,000,000","861,000,000","1,075,000,000","910,000,000","805,000,000","822,000,000","1,106,000,000","940,000,000","885,000,000","839,000,000","1,121,000,000","918,000,000","895,000,000","758,000,000","937,000,000","802,000,000","758,000,000","667,000,000","910,000,000","725,000,000","710,000,000","642,000,000","809,000,000","707,000,000","683,000,000","636,000,000","870,000,000","707,000,000","707,000,000","906,000,000","1,237,000,000","1,018,000,000","1,027,000,000","972,000,000","1,213,000,000","1,066,000,000","1,088,000,000","983,000,000","1,089,000,000","1,045,000,000","1,016,000,000","901,000,000","3,630,000,000","3,110,000,000","3,309,000,000","3,150,000,000","3,568,000,000","3,525,000,000","3,665,000,000","3,756,000,000","4,881,000,000","5,549,000,000","5,626,000,000","5,182,000,000","6,973,000,000","6,161,000,000","6,147,000,000","6,855,000,000","8,724,000,000","7,229,000,000","7,517,000,000","6,993,000,000","7,231,000,000","6,396,000,000","5,948,000,000","5,491,000,000","4,101,000,000","5,501,000,000","5,531,000,000","5,693,000,000","5,372,000,000","4,507,000,000","4,155,000,000","4,067,000,000","5,046,000,000","4,126,000,000","4,518,000,000","4,248,000,000","5,010,000,000","5,199,000,000","5,365,000,000","5,434,000,000","6,620,000,000","6,130,000,000","5,513,000,000","5,195,000,000","5,603,000,000","4,917,000,000","4,388,000,000","4,250,000,000","5,895,000,000","5,153,000,000","5,015,000,000","4,812,000,000","5,604,000,000","4,986,000,000","5,019,000,000","4,384,000,000","5,190,000,000","4,489,000,000","4,585,000,000","4,718,000,000","4,885,000,000","4,388,000,000","4,394,000,000","3,878,000,000","3,934,000,000","3,539,000,000","3,379,000,000","2,908,000,000","2,998,000,000","2,712,000,000","2,380,000,000","2,235,000,000","2,338,000,000","2,185,000,000","2,009,000,000","1,947,000,000","1,914,000,000","1,798,000,000","1,777,000,000","1,756,000,000","1,839,000,000","1,723,000,000","1,691,000,000","1,629,000,000",,,,,,,,,,,,,,,,,,
ReconciledDepreciation,"438,000,000","113,000,000","105,000,000","110,000,000","110,000,000","109,000,000","103,000,000","98,000,000","99,000,000","104,000,000","99,000,000","96,000,000","95,000,000","93,000,000","89,000,000","96,000,000","82,000,000","89,000,000","88,000,000","86,000,000","80,000,000","75,000,000","76,000,000","82,000,000","62,000,000","37,000,000","32,000,000","40,000,000","41,000,000","42,000,000","45,000,000","31,000,000","55,000,000","60,000,000","59,000,000","57,000,000","52,000,000","57,000,000","45,000,000","53,000,000","53,000,000","93,000,000","92,000,000","90,000,000","91,000,000","146,000,000","85,000,000","168,000,000","173,000,000","180,000,000","189,000,000","192,000,000","190,000,000","207,000,000","208,000,000","212,000,000","204,000,000","221,000,000","236,000,000","227,000,000","219,000,000","155,000,000","142,000,000","122,000,000","139,000,000","160,000,000","153,000,000","149,000,000","151,000,000","-386,000,000","352,000,000","345,000,000","348,000,000","430,000,000","400,000,000","404,000,000","433,000,000","506,000,000","502,000,000","543,000,000","557,000,000","633,000,000","590,000,000","658,000,000","671,000,000","804,000,000","592,000,000","563,000,000","563,000,000","550,000,000","526,000,000","565,000,000","552,000,000","606,000,000","539,000,000","521,000,000","542,000,000","607,000,000","595,000,000","572,000,000","565,000,000","608,000,000","609,000,000","576,000,000","523,000,000","514,000,000","496,000,000","478,000,000","431,000,000","474,000,000","379,000,000","362,000,000","310,000,000","355,000,000","298,000,000","285,000,000","258,000,000","298,000,000","264,000,000","247,000,000","220,000,000","278,000,000","226,000,000","215,000,000","167,000,000","241,000,000","198,000,000","189,000,000","162,000,000",,,,,,,,,,,,,,,,,,
NetIncomeFromContinuingOperationNetMinorityInterest,"1,245,000,000","401,000,000","307,000,000","293,000,000","244,000,000","412,000,000","205,000,000","135,000,000","197,000,000","243,000,000","267,000,000","207,000,000","151,000,000","422,000,000","247,000,000","180,000,000","117,000,000","-575,000,000","212,000,000","131,000,000","77,000,000","243,000,000","192,000,000","107,000,000","17,000,000","275,000,000","126,000,000","150,000,000","87,000,000","-926,000,000","66,000,000","78,000,000","127,000,000","342,000,000","307,000,000","258,000,000","192,000,000","336,000,000","206,000,000","177,000,000","159,000,000","180,000,000","152,000,000","58,000,000","365,000,000","207,000,000","7,000,000","162,000,000","69,000,000","142,000,000","12,000,000","26,000,000","-291,000,000","-3,657,000,000","-397,000,000","4,000,000","-194,000,000","111,000,000","40,000,000","-38,000,000","-218,000,000","529,000,000","727,000,000","1,349,000,000","686,000,000","1,210,000,000","1,750,000,000","947,000,000","692,000,000","1,306,000,000","479,000,000","-203,000,000","609,000,000","489,000,000","116,000,000","119,000,000","169,000,000","174,000,000","111,000,000","-2,321,000,000","-449,000,000","-1,237,000,000","-1,408,000,000","-759,000,000","-533,000,000","135,000,000","531,000,000","204,000,000","448,000,000","349,000,000","91,000,000","206,000,000","171,000,000","159,000,000","27,000,000","-1,328,000,000","180,000,000","321,000,000","266,000,000","268,000,000","325,000,000","238,000,000","206,000,000","326,000,000","384,000,000","432,000,000","496,000,000","481,000,000","372,000,000","515,000,000","380,000,000","367,000,000","298,000,000","340,000,000","254,000,000","224,000,000","204,000,000","174,000,000","129,000,000","146,000,000","127,000,000","126,000,000","93,000,000","119,000,000","116,000,000","109,000,000","102,000,000","161,000,000","127,000,000",,,,,,,,,,,,,,,,,,
TotalUnusualItemsExcludingGoodwill,"-82,000,000","-20,000,000","-9,000,000","-37,000,000","14,000,000","-21,000,000","-77,000,000","-48,000,000","36,000,000","-392,000,000","-25,000,000","-62,000,000","-20,000,000","-37,000,000","-17,000,000","-27,000,000","-30,000,000","-12,000,000","-31,000,000","-18,000,000","2,000,000","-72,000,000","-5,000,000","-39,000,000","-49,000,000","-5,000,000","-32,000,000","17,000,000","35,000,000","-13,000,000","-34,000,000","-43,000,000","5,000,000","-50,000,000","8,000,000","-31,000,000","0","53,000,000","-19,000,000","-42,000,000","-6,000,000","-166,000,000","-60,000,000","-183,000,000","5,000,000","143,000,000","-99,000,000","-33,000,000","-5,000,000","246,000,000","-43,000,000","14,000,000","50,000,000","-1,819,000,000","-298,000,000","-122,000,000","-84,000,000","-60,000,000","-105,000,000","-84,000,000","-297,000,000","-332,000,000","-108,000,000","505,000,000","102,000,000","374,000,000","1,161,000,000","428,000,000","237,000,000","18,000,000","-37,000,000","2,000,000","226,000,000","247,000,000","-41,000,000","51,000,000","218,000,000","-204,000,000","40,000,000","-2,419,000,000","-382,000,000","-1,528,000,000","-1,829,000,000","-170,000,000","272,000,000",,,,,,,,,"0",,"-1,980,000,000",,,,,,,,,,,,,,,,,,,,,,,,,,,,,,,,,,,,,,,,,,,,,,,,,,,
TotalUnusualItems,"-82,000,000","-20,000,000","-9,000,000","-37,000,000","14,000,000","-21,000,000","-77,000,000","-48,000,000","36,000,000","-392,000,000","-25,000,000","-62,000,000","-20,000,000","-37,000,000","-17,000,000","-27,000,000","-30,000,000","-12,000,000","-31,000,000","-18,000,000","2,000,000","-72,000,000","-5,000,000","-39,000,000","-49,000,000","-5,000,000","-32,000,000","17,000,000","35,000,000","-13,000,000","-34,000,000","-43,000,000","5,000,000","-50,000,000","8,000,000","-31,000,000","0","53,000,000","-19,000,000","-42,000,000","-6,000,000","-166,000,000","-60,000,000","-183,000,000","5,000,000","143,000,000","-99,000,000","-33,000,000","-5,000,000","246,000,000","-43,000,000","14,000,000","50,000,000","-1,819,000,000","-298,000,000","-122,000,000","-84,000,000","-60,000,000","-105,000,000","-84,000,000","-297,000,000","-332,000,000","-108,000,000","505,000,000","102,000,000","374,000,000","1,161,000,000","428,000,000","237,000,000","18,000,000","-37,000,000","2,000,000","226,000,000","247,000,000","-41,000,000","51,000,000","218,000,000","-204,000,000","40,000,000","-2,419,000,000","-382,000,000","-1,528,000,000","-1,829,000,000","-170,000,000","272,000,000",,,,,,,,,"0",,"-1,980,000,000",,,,,,,,,,,,,,,,,,,,,,,,,,,,,,,,,,,,,,,,,,,,,,,,,,,
NormalizedEBITDA,"2,287,000,000","706,000,000","577,000,000","533,000,000","441,000,000","710,000,000","491,000,000","382,000,000","342,000,000","748,000,000","532,000,000","492,000,000","360,000,000","657,000,000","438,000,000","413,000,000","306,000,000","618,000,000","460,000,000","364,000,000","252,000,000","565,000,000","432,000,000","347,000,000","186,000,000","473,000,000","308,000,000","280,000,000","177,000,000","-1,398,000,000","268,000,000","206,000,000","231,000,000","533,000,000","409,000,000","350,000,000","287,000,000","440,000,000","417,000,000","360,000,000","328,000,000","554,000,000","420,000,000","386,000,000","293,000,000","404,000,000","437,000,000","605,000,000","302,000,000","173,000,000","331,000,000","260,000,000","-232,000,000","535,000,000","85,000,000","378,000,000","93,000,000","331,000,000","390,000,000","229,000,000","330,000,000","1,082,000,000","1,310,000,000","1,139,000,000","931,000,000","1,603,000,000","92,000,000","703,000,000","779,000,000","709,000,000","1,153,000,000","1,167,000,000","924,000,000","724,000,000","748,000,000","482,000,000","408,000,000","1,254,000,000","814,000,000","2,191,000,000","775,000,000","1,949,000,000","2,165,000,000","252,000,000","-378,000,000","833,000,000","1,424,000,000","1,037,000,000","1,250,000,000","848,000,000","693,000,000","911,000,000","838,000,000","896,000,000","640,000,000","2,637,000,000","837,000,000","1,134,000,000","1,035,000,000","1,021,000,000","1,096,000,000","1,019,000,000","968,000,000","1,124,000,000","1,165,000,000","1,201,000,000","1,332,000,000","1,274,000,000","1,043,000,000","1,304,000,000","1,015,000,000","986,000,000","799,000,000","895,000,000","722,000,000","651,000,000","594,000,000","596,000,000","481,000,000","481,000,000","428,000,000","484,000,000","371,000,000","412,000,000","361,000,000","401,000,000","375,000,000","445,000,000","368,000,000","-6,192,000,000","2,408,000,000","2,385,000,000","2,175,000,000","-5,329,000,000","2,000,000,000","2,089,000,000","1,950,000,000","-4,362,000,000","1,672,000,000","1,639,000,000","1,547,000,000","-3,918,000,000","1,431,000,000","1,499,000,000","1,339,000,000","-3,874,000,000","1,301,000,000"
TaxRateForCalcs,"0.195","0.224","0.24","0.14","0.15","0.209","0.18","0.23","0.12","0.27","0.23","0.24","0.18","0.09","0.08","0.2","0.16","0.4","0.26","0.36","0.35","0.326","0.341","0.35","0.23","0.263","0.36","0.3","0.31","0.382","0.35","0.2","0.16","0.123","0.05","0.35","0.06","0.174","0.364","0.263","0.348","0.328","0.354","0.233","0.35","0.368","0.35","0.35","0.35","0.285","0.389","0.35","0.336","0.35","0.338","0.35","0.257","0.35","0.35","0.35","0.333","0.227","0.371","0.217","0.372","0.297","0.233","0.339","0.363","0.4","0.341","0.4","0.335","0.345","0.348","0.4","0.342","0.379","0.4","0.295","0.31","0.332","0.365","0.105","0.098","0.4","0.299","0.4","0.3","0.301","0.3","0.302","0.299","0.3","0.308","0.3","0.3","0.35","0.351","0.351","0.349","0.35","0.35","0.349","0.35","0.326","0.371","0.4","0.371","0.359","0.361","0.374","0.341","0.329","0.345","0.321","0.32","0.304","0.291","0.255","0.262","0.259","0.205","0.279","0.28","0.121","0.282","0.278","0.282",,,,,,,,,,,,,,,,,,
TaxEffectOfUnusualItems,"-15,990,000","-4,478,764.479","-2,160,000","-5,180,000","2,100,000","-4,385,057.471","-13,860,000","-11,040,000","4,320,000","-105,840,000","-5,747,126.437","-14,880,000","-3,600,000","-3,341,935.484","-1,360,000","-5,400,000","-4,800,000","-4,800,000","-8,060,000","-6,480,000","700,000","-23,469,613.26","-1,706,484.642","-13,650,000","-11,270,000","-1,312,997.347","-11,520,000","5,100,000","10,850,000","-4,963,951.936","-11,900,000","-8,600,000","800,000","-6,138,107.417","400,000","-10,850,000","0","9,245,700.246","-6,919,753.086","-11,025,000","-2,090,163.934","-54,507,462.687","-21,265,822.785","-42,616,438.356","1,750,000","52,597,701.149","-34,650,000","-11,550,000","-1,750,000","70,110,000","-16,722,222.222","4,900,000","16,820,276.498","-636,650,000","-100,823,333.333","-42,700,000","-21,563,218.391","-21,000,000","-36,750,000","-29,400,000","-99,000,000","-75,233,918.129","-40,020,779.221","109,616,947.185","37,981,701.738","110,895,348.837","270,272,249.014","144,958,100.559","86,122,355.106","7,200,000","-12,621,733.15","800,000","75,744,541.485","85,092,493.298","-14,280,898.876","20,400,000","74,645,914.397","-77,228,571.429","16,000,000","-712,465,349.544","-118,531,490.015","-507,958,985.429","-668,462,821.091","-17,841,981.132","26,693,739.425","0","0","0","0","0","0","0","0","0","0","-593,895,624.671","0","0","0","0","0","0","0","0","0","0","0","0","0","0","0","0","0","0","0","0","0","0","0","0","0","0","0","0","0","0","0","0","0",,,,,,,,,,,,,,,,,,