name,ttm,12/31/2021,09/30/2021,06/30/2021,03/31/2021,12/31/2020,09/30/2020,06/30/2020,03/31/2020,12/31/2019,09/30/2019,06/30/2019,03/31/2019,12/31/2018,09/30/2018,06/30/2018,03/31/2018,12/31/2017,09/30/2017,06/30/2017,03/31/2017,12/31/2016,09/30/2016,06/30/2016,03/31/2016,12/31/2015,09/30/2015,06/30/2015,03/31/2015,12/31/2014,09/30/2014,06/30/2014,03/31/2014,12/31/2013,09/30/2013,06/30/2013,03/31/2013,12/31/2012,09/30/2012,06/30/2012,03/31/2012,12/31/2011,09/30/2011,06/30/2011,03/31/2011,12/31/2010,09/30/2010,06/30/2010,03/31/2010,12/31/2009,09/30/2009,06/30/2009,03/31/2009,12/31/2008,09/30/2008,06/30/2008,03/31/2008,12/31/2007,09/30/2007,06/30/2007,03/31/2007,12/31/2006,09/30/2006,06/30/2006,03/31/2006,12/31/2005,09/30/2005,06/30/2005,03/31/2005,12/31/2004,09/30/2004,06/30/2004,03/31/2004,12/31/2003,09/30/2003,06/30/2003,03/31/2003,12/31/2002,09/30/2002,06/30/2002,03/31/2002,12/31/2001,09/30/2001,06/30/2001,03/31/2001,12/31/2000,09/30/2000,06/30/2000,03/31/2000,12/31/1999,09/30/1999,06/30/1999,03/31/1999,12/31/1998,09/30/1998,06/30/1998,03/31/1998,12/31/1997,09/30/1997,06/30/1997,03/31/1997,12/31/1996,09/30/1996,06/30/1996,03/31/1996,11/30/1995,08/31/1995,05/31/1995,02/28/1995,11/30/1994,08/31/1994,05/31/1994,02/28/1994,11/30/1993,08/31/1993,05/31/1993,02/28/1993,11/30/1992
TotalRevenue,"2,983,277,000","806,070,000","801,835,000","707,760,000","667,612,000","651,407,000","639,770,000","555,450,000","1,228,765,000","1,217,680,000","1,246,874,000","1,186,658,000","1,105,843,000","1,104,103,000","1,104,592,000","1,059,122,000","995,075,000","950,585,000","828,434,000","767,387,000","760,833,000","811,162,000","764,102,000","745,439,000","819,179,000","848,728,000","838,561,000","771,132,000","772,512,000","830,754,000","782,231,000","756,315,000","740,247,000","724,455,000","756,872,000","799,411,000","742,249,000","765,251,000","714,470,000","680,612,000","640,600,000","596,943,000","516,884,000","485,404,000","460,213,000","426,379,000","421,652,000","402,858,000","385,926,000","367,156,000","336,577,000","340,045,000","332,010,000","350,995,000","369,280,000","1,595,331,000","1,602,349,000","1,852,502,000","1,515,833,000","1,512,394,000","1,594,968,000","1,514,994,000","1,602,971,000","1,612,322,000","1,550,578,000","1,706,842,000","1,483,297,000","1,960,216,000","1,647,097,000","1,715,710,000","1,505,081,000","1,501,152,000","1,470,737,000","1,804,603,000","1,610,270,000","1,526,511,000","1,392,066,000","1,338,988,000","1,192,496,000","1,117,795,000","971,649,000","-474,597,000","1,256,332,000","1,371,448,000","1,315,677,000","1,302,238,000","1,115,020,000","1,098,077,000","1,002,803,000","936,200,000","793,200,000","777,400,000","728,900,000","767,100,000","640,500,000","703,400,000","523,100,000","390,200,000","326,300,000","265,700,000","279,600,000","42,000,000","11,200,000","10,900,000","11,100,000","11,600,000","11,600,000","11,700,000","13,100,000","11,600,000","11,600,000","11,500,000","12,100,000","11,500,000","11,600,000","11,700,000","11,300,000","11,500,000"
	OperatingRevenue,"2,983,277,000","806,070,000","801,835,000","707,760,000","667,612,000","651,407,000","639,770,000","555,450,000","1,228,765,000","1,217,680,000","1,246,874,000","1,186,658,000","1,105,843,000","1,104,103,000","1,104,592,000","1,059,122,000","995,075,000","950,585,000","828,434,000","767,387,000","760,833,000","811,162,000","764,102,000","745,439,000","819,179,000","848,728,000","838,561,000","771,132,000","772,512,000","830,754,000","782,231,000","756,315,000","740,247,000","724,455,000","756,872,000","799,411,000","742,249,000","765,251,000","714,470,000","680,612,000","640,600,000","596,943,000","516,884,000","485,404,000","460,213,000","426,379,000","421,652,000","402,858,000","385,926,000","367,156,000","336,577,000","340,045,000","332,010,000","350,995,000","369,280,000","1,595,331,000","1,602,349,000","1,852,502,000","1,515,833,000","1,512,394,000","1,594,968,000","1,514,994,000","1,602,971,000","1,612,322,000","1,550,578,000","1,706,842,000","1,483,297,000","1,960,216,000","1,647,097,000","1,715,710,000","1,505,081,000","1,501,152,000","1,470,737,000","1,804,603,000","1,610,270,000","1,526,511,000","1,392,066,000","1,338,988,000","1,192,496,000","1,117,795,000","971,649,000","-474,597,000","1,256,332,000","1,371,448,000","1,315,677,000","1,302,238,000","1,115,020,000","1,098,077,000","1,002,803,000","936,200,000","793,200,000","777,400,000","728,900,000","767,100,000","640,500,000","703,400,000","523,100,000","390,200,000","326,300,000","265,700,000","279,600,000","42,000,000","11,200,000","10,900,000","11,100,000","11,600,000","11,600,000","11,700,000","13,100,000","11,600,000","11,600,000","11,500,000","12,100,000","11,500,000","11,600,000","11,700,000","11,300,000","11,500,000"
CostOfRevenue,"839,308,000","234,543,000","232,211,000","193,099,000","179,455,000","173,263,000","169,823,000","148,853,000","323,221,000","294,575,000","296,385,000","276,389,000","260,071,000","253,722,000","237,238,000","218,224,000","201,962,000","199,727,000","166,290,000","139,033,000","145,958,000","212,468,000","179,131,000","170,397,000","193,734,000","198,071,000","205,261,000","183,276,000","191,553,000","236,690,000","226,192,000","211,100,000","209,194,000","222,574,000","248,856,000","272,822,000","255,082,000","270,277,000","261,932,000","236,690,000","223,571,000","218,412,000","188,642,000","181,472,000","172,718,000","171,112,000","148,558,000","144,329,000","136,155,000","122,849,000","107,298,000","106,721,000","123,609,000","120,020,000","134,210,000","869,791,000","862,414,000","1,016,316,000","801,589,000","784,823,000","838,460,000","689,592,000","853,577,000","856,243,000","821,818,000","888,290,000","804,150,000","905,423,000","776,896,000","796,445,000","657,108,000","673,981,000","729,055,000","958,926,000","883,575,000","839,656,000","793,606,000","743,274,000","734,989,000","703,324,000","636,616,000","-135,625,000","777,526,000","861,287,000","828,250,000","650,728,000","548,526,000","496,575,000","432,842,000","179,800,000","407,600,000","267,400,000","202,600,000","457,300,000","214,500,000","196,300,000","176,300,000","180,500,000","155,500,000","148,500,000","158,600,000","16,500,000","100,000","-200,000","-100,000",,"200,000","100,000","100,000","200,000","100,000","200,000","300,000","300,000","300,000","400,000","300,000","300,000"
GrossProfit,"2,143,969,000","571,527,000","569,624,000","514,661,000","488,157,000","478,144,000","469,947,000","406,597,000","905,544,000","923,105,000","950,489,000","910,269,000","845,772,000","850,381,000","867,354,000","840,898,000","793,113,000","750,858,000","662,144,000","628,354,000","614,875,000","598,694,000","584,971,000","575,042,000","625,445,000","650,657,000","633,300,000","587,856,000","580,959,000","594,064,000","556,039,000","545,215,000","531,053,000","501,881,000","508,016,000","526,589,000","487,167,000","494,974,000","452,538,000","443,922,000","417,029,000","378,531,000","328,242,000","303,932,000","287,495,000","255,267,000","273,094,000","258,529,000","249,771,000","244,307,000","229,279,000","233,324,000","208,401,000","230,975,000","235,070,000","725,540,000","739,935,000","836,186,000","714,244,000","727,571,000","756,508,000","825,402,000","749,394,000","756,079,000","728,760,000","818,552,000","679,147,000","1,054,793,000","870,201,000","919,265,000","847,973,000","827,171,000","741,682,000","845,677,000","726,695,000","686,855,000","598,460,000","595,714,000","457,507,000","414,471,000","335,033,000","-338,972,000","478,806,000","510,161,000","487,427,000","651,510,000","566,494,000","601,502,000","569,961,000","756,400,000","385,600,000","510,000,000","526,300,000","309,800,000","426,000,000","507,100,000","346,800,000","209,700,000","170,800,000","117,200,000","121,000,000","25,500,000","11,100,000","11,100,000","11,200,000",,"11,400,000","11,600,000","13,000,000","11,400,000","11,500,000","11,300,000","11,800,000","11,200,000","11,300,000","11,300,000","11,000,000","11,200,000"
OperatingExpense,"1,292,290,000","339,610,000","349,034,000","304,747,000","298,899,000","265,562,000","269,780,000","211,003,000","871,351,000","758,489,000","764,637,000","755,959,000","765,899,000","716,461,000","694,522,000","672,461,000","703,163,000","656,498,000","680,733,000","552,719,000","577,815,000","485,874,000","499,387,000","552,121,000","604,028,000","642,031,000","546,170,000","525,087,000","545,840,000","483,692,000","455,086,000","449,525,000","459,341,000","388,929,000","386,012,000","419,893,000","402,616,000","409,680,000","374,505,000","346,446,000","354,264,000","323,076,000","281,502,000","245,701,000","250,159,000","240,627,000","237,160,000","234,803,000","246,244,000","363,849,000","222,158,000","229,417,000","240,469,000","252,756,000","257,708,000","1,119,532,000","669,923,000","1,241,841,000","610,107,000","673,200,000","663,541,000","836,300,000","639,848,000","674,858,000","655,049,000","618,477,000","657,830,000","882,242,000","770,105,000","954,319,000","730,763,000","717,858,000","699,103,000","667,175,000","714,184,000","566,672,000","504,971,000","534,178,000","420,333,000","379,821,000","307,250,000","72,574,000","441,082,000","425,968,000","414,221,000","693,680,000","561,768,000","563,471,000","502,631,000","694,700,000","347,200,000","458,300,000","465,200,000","252,000,000","376,100,000","431,600,000","312,100,000","182,000,000","148,000,000","96,400,000","97,600,000","26,900,000","9,300,000","9,600,000","9,600,000","10,600,000","11,400,000","9,200,000","9,200,000","9,200,000","9,100,000","9,000,000","9,200,000","9,100,000","9,200,000","9,500,000","10,000,000","10,500,000"
	SellingGeneralAndAdministration,"981,280,000","249,426,000","256,890,000","242,311,000","232,653,000","209,480,000","218,820,000","159,005,000","688,718,000","614,720,000","631,761,000","636,616,000","635,476,000","570,775,000","577,705,000","558,023,000","587,016,000","547,687,000","588,459,000","470,326,000","494,006,000","404,958,000","421,222,000","447,660,000","518,583,000","478,651,000","471,348,000","448,746,000","472,460,000","407,198,000","384,816,000","382,505,000","393,528,000","323,036,000","324,259,000","350,668,000","340,940,000","346,208,000","331,639,000","305,301,000","311,626,000","274,666,000","237,924,000","213,771,000","216,541,000","193,166,000","201,674,000","197,345,000","208,383,000","192,826,000","176,869,000","187,872,000","195,847,000","128,816,000","225,946,000","576,080,000","590,988,000","621,190,000","526,623,000","580,208,000","593,665,000","560,452,000","552,359,000","577,083,000","550,693,000","359,047,000","467,746,000","685,645,000","555,350,000","532,351,000","527,039,000","516,752,000","501,568,000","499,468,000","467,009,000","427,423,000","373,356,000","422,133,000","283,476,000","259,248,000","224,157,000","-37,125,000","281,662,000","260,857,000","257,337,000","210,935,000","254,708,000","250,874,000","220,146,000","2,300,000","256,900,000","266,100,000","227,600,000","7,100,000","185,800,000","225,000,000","186,600,000","151,600,000","121,800,000","74,900,000","76,600,000","17,400,000","6,000,000","5,900,000","5,900,000","6,900,000","7,800,000","5,500,000","5,500,000","5,500,000","5,300,000","5,300,000","5,400,000","5,300,000","5,200,000","5,800,000","5,400,000","5,000,000"
		GeneralAndAdministrativeExpense,"414,821,000","110,261,000","103,502,000","113,393,000","87,665,000","74,723,000","88,961,000","68,204,000","256,021,000","241,940,000","207,880,000","225,514,000","213,616,000","210,629,000","190,903,000","188,363,000","184,184,000","189,860,000","235,580,000","150,222,000","143,595,000","129,954,000","128,829,000","152,135,000","136,242,000","147,364,000","134,122,000","129,349,000","114,794,000","130,882,000","108,193,000","109,719,000","94,816,000","97,254,000","75,977,000","103,515,000","98,026,000","117,118,000","94,876,000","92,231,000","91,788,000","87,256,000","84,628,000","80,553,000","76,291,000","80,113,000","78,327,000","77,336,000","77,231,000","76,724,000","70,134,000","68,970,000","73,634,000",,,,,,,,,,,,,,,,,,,,,,,,,,,,,,,,,,,,,,,,,,,,,,,,,,,,,,,,,,,,,,,,,
			OtherGandA,"414,821,000","110,261,000","103,502,000","113,393,000","87,665,000","74,723,000","88,961,000","68,204,000","256,021,000","241,940,000","207,880,000","225,514,000","213,616,000","210,629,000","190,903,000","188,363,000","184,184,000","189,860,000","235,580,000","150,222,000","143,595,000","129,954,000","128,829,000","152,135,000","136,242,000","147,364,000","134,122,000","129,349,000","114,794,000","130,882,000","108,193,000","109,719,000","94,816,000","97,254,000","75,977,000","103,515,000","98,026,000","117,118,000","94,876,000","92,231,000","91,788,000","87,256,000","84,628,000","80,553,000","76,291,000","80,113,000","78,327,000","77,336,000","77,231,000","76,724,000","70,134,000","68,970,000","73,634,000",,,,,,,,,,,,,,,,,,,,,,,,,,,,,,,,,,,,,,,,,,,,,,,,,,,,,,,,,,,,,,,,,
		SellingAndMarketingExpense,"566,459,000","139,165,000","153,388,000","128,918,000","144,988,000","134,757,000","129,859,000","90,801,000","432,697,000","372,780,000","423,881,000","411,102,000","421,860,000","360,146,000","386,802,000","369,660,000","402,832,000","357,827,000","352,879,000","320,104,000","350,411,000","275,004,000","292,393,000","295,525,000","382,341,000","331,287,000","337,226,000","319,397,000","357,666,000","276,316,000","276,623,000","272,786,000","298,712,000","225,782,000","248,282,000","247,153,000","242,914,000","229,090,000","236,763,000","213,070,000","219,838,000","187,410,000","153,296,000","133,218,000","140,250,000","113,053,000","123,347,000","120,009,000","131,152,000","116,102,000","106,735,000","118,902,000","122,213,000",,,,,,,,,,,,,,,,,,,,,,,,,,,,,,,,,,,,,,,,,,,,,,,,,,,,,,,,,,,,,,,,,
	ResearchAndDevelopment,"241,049,000","66,366,000","66,974,000","52,133,000","55,576,000","44,832,000","39,280,000","41,929,000","105,733,000","91,503,000","86,600,000","78,614,000","88,700,000","79,207,000","77,740,000","75,445,000","76,937,000","70,044,000","70,645,000","55,430,000","54,760,000","46,197,000","45,947,000","49,911,000","55,830,000","47,220,000","46,859,000","46,430,000","45,257,000","43,456,000","39,686,000","38,357,000","39,016,000","36,929,000","35,232,000","34,052,000","33,582,000","30,768,000","24,504,000","23,115,000","23,482,000","22,202,000","21,556,000","17,280,000","17,722,000","17,123,000","17,812,000","15,345,000","16,617,000","15,046,000","14,751,000","16,422,000","18,088,000",,,,,,,,,,,,,,,,,,,,,,,,,,,,,,,,,,,,,,,,,,,,,,,,,,,,,,,,,,,,,,,,,
	DepreciationAmortizationDepletionIncomeStatement,"69,961,000","23,818,000","25,170,000","10,303,000","10,670,000","11,250,000","11,680,000","10,069,000","76,900,000","52,266,000","46,276,000","40,729,000","41,723,000","66,479,000","39,077,000","38,993,000","39,210,000","38,767,000","21,629,000","26,963,000","29,049,000","34,719,000","32,218,000","54,550,000","29,615,000","116,160,000","27,963,000","29,911,000","28,123,000","33,038,000","30,584,000","28,663,000","26,797,000","28,964,000","26,521,000","35,173,000","28,094,000","32,704,000","18,362,000","18,030,000","19,156,000","26,208,000","22,022,000","14,650,000","15,896,000","30,338,000","17,674,000","22,113,000","21,244,000","147,613,000","25,539,000","24,923,000","24,229,000","26,881,000","31,762,000","189,447,000","78,935,000","112,887,000","83,484,000","92,992,000","69,876,000","86,763,000","87,489,000","97,775,000","104,356,000","136,579,000","190,084,000","196,597,000","187,213,000","237,188,000","203,724,000","201,106,000","197,535,000","167,707,000","247,175,000","139,249,000","129,519,000","112,045,000","136,857,000","98,326,000","83,093,000","28,540,000","159,420,000","165,111,000","156,884,000","482,745,000","307,060,000","312,597,000","282,485,000","692,400,000","90,300,000","192,200,000","237,600,000","244,900,000","190,300,000","206,600,000","125,500,000","30,400,000","26,200,000","21,500,000","21,000,000","9,500,000","3,300,000","3,700,000","3,700,000","3,700,000","3,600,000","3,700,000","3,700,000","3,700,000","3,800,000","3,700,000","3,800,000","3,800,000","4,000,000","3,700,000","4,600,000","5,500,000"
		DepreciationAndAmortizationInIncomeStatement,"69,961,000","23,818,000","25,170,000","10,303,000","10,670,000","11,250,000","11,680,000","10,069,000","76,900,000","52,266,000","46,276,000","40,729,000","41,723,000","66,479,000","39,077,000","38,993,000","39,210,000","38,767,000","21,629,000","26,963,000","29,049,000","34,719,000","32,218,000","54,550,000","29,615,000","116,160,000","27,963,000","29,911,000","28,123,000","33,038,000","30,584,000","28,663,000","26,797,000","28,964,000","26,521,000","35,173,000","28,094,000","32,704,000","18,362,000","18,030,000","19,156,000","26,208,000","22,022,000","14,650,000","15,896,000","30,338,000","17,674,000","22,113,000","21,244,000","147,613,000","25,539,000","24,923,000","24,229,000","26,881,000","31,762,000","189,447,000","78,935,000","112,887,000","83,484,000","92,992,000","69,876,000","86,763,000","87,489,000","97,775,000","104,356,000","136,579,000","190,084,000","196,597,000","187,213,000","237,188,000","203,724,000","201,106,000","197,535,000","167,707,000","247,175,000","139,249,000","129,519,000","112,045,000","136,857,000","98,326,000","83,093,000","28,540,000","159,420,000","165,111,000","156,884,000","482,745,000","307,060,000","312,597,000","282,485,000","692,400,000","90,300,000","192,200,000","237,600,000","244,900,000","190,300,000","206,600,000","125,500,000","30,400,000","26,200,000","21,500,000","21,000,000","9,500,000","3,300,000","3,700,000","3,700,000","3,700,000","3,600,000","3,700,000","3,700,000","3,700,000","3,800,000","3,700,000","3,800,000","3,800,000","4,000,000","3,700,000","4,600,000","5,500,000"
			DepreciationIncomeStatement,"41,402,000","10,780,000","10,104,000","10,061,000","10,457,000","10,987,000","11,221,000","9,669,000","24,738,000","25,247,000","23,090,000","21,091,000","18,971,000","18,373,000","18,925,000","18,805,000","19,257,000","18,775,000","17,263,000","18,339,000","19,888,000","20,355,000","17,951,000","17,575,000","15,795,000","15,512,000","15,625,000","15,500,000","15,568,000","16,948,000","14,133,000","15,257,000","14,818,000","14,368,000","13,489,000","17,036,000","14,016,000","14,991,000","13,150,000","12,225,000","12,115,000","13,346,000","17,484,000","12,450,000","13,439,000","13,289,000","15,364,000","17,349,000","17,895,000","16,253,000","15,289,000","16,877,000","16,214,000","18,996,000","17,337,000","42,845,000","42,603,000","40,565,000","39,345,000","38,659,000","39,138,000","26,103,000","43,306,000","42,581,000","43,853,000","41,024,000","37,730,000","43,848,000","45,150,000","49,350,000","44,581,000","43,072,000","42,511,000","38,080,000","50,514,000","41,697,000","42,553,000","49,177,000","47,679,000","71,764,000","59,321,000","5,062,000","142,948,000","146,530,000","137,599,000",,,,,,,,,,,,,,,,,,,,,,,,,,,,,,,,,
			Amortization,"28,559,000","13,038,000","15,066,000","242,000","213,000","263,000","459,000","400,000","52,162,000","27,019,000","23,186,000","19,638,000","22,752,000","48,106,000","20,152,000","20,188,000","19,953,000","19,992,000","4,366,000","8,624,000","9,161,000","14,364,000","14,267,000","36,975,000","13,820,000","100,648,000","12,338,000","14,411,000","12,555,000","16,090,000","16,451,000","13,406,000","11,979,000","14,596,000","13,032,000","18,137,000","14,078,000","17,713,000","5,212,000","5,805,000","7,041,000","12,862,000","4,538,000","2,200,000","2,457,000","17,049,000","2,310,000","4,764,000","3,349,000","131,360,000","10,250,000","8,046,000","8,015,000","7,885,000","14,425,000","146,602,000","36,332,000","72,322,000","44,139,000","54,333,000","30,738,000","60,660,000","44,183,000","55,194,000","60,503,000","95,555,000","152,354,000","152,749,000","142,063,000","187,838,000","159,143,000","158,034,000","155,024,000","129,627,000","196,661,000","97,552,000","86,966,000","62,868,000","89,178,000","26,562,000","23,772,000","23,478,000","16,472,000","18,581,000","19,285,000",,,,,,,,,,,,,,,,,,,,,,,,,,,,,,,,,
				AmortizationOfIntangiblesIncomeStatement,"28,559,000","13,038,000","15,066,000","242,000","213,000","263,000","459,000","400,000","52,162,000","27,019,000","23,186,000","19,638,000","22,752,000","48,106,000","20,152,000","20,188,000","19,953,000","19,992,000","4,366,000","8,624,000","9,161,000","14,364,000","14,267,000","36,975,000","13,820,000","100,648,000","12,338,000","14,411,000","12,555,000","16,090,000","16,451,000","13,406,000","11,979,000","14,596,000","13,032,000","18,137,000","14,078,000","17,713,000","5,212,000","5,805,000","7,041,000","12,862,000","4,538,000","2,200,000","2,457,000","17,049,000","2,310,000","4,764,000","3,349,000","131,360,000","10,250,000","8,046,000","8,015,000","7,885,000","14,425,000","146,602,000","36,332,000","72,322,000","44,139,000","54,333,000","30,738,000","60,660,000","44,183,000","55,194,000","60,503,000","95,555,000","152,354,000","152,749,000","142,063,000","187,838,000","159,143,000","158,034,000","155,024,000","129,627,000","196,661,000","97,552,000","86,966,000","62,868,000","89,178,000","26,562,000","23,772,000","23,478,000","16,472,000","18,581,000","19,285,000",,,,,,,,,,,,,,,,,,,,,,,,,,,,,,,,,
	OtherOperatingExpenses,,,,,,,,,,,,,,,,,,,,,,,,,,,,,,,,,,,,,,,,,,,,,,,,,,"8,364,000","4,999,000","200,000","2,305,000",,,"354,005,000",,,,,,,,,,,,,"27,542,000",,,,,,,,"2,096,000","0",,"22,247,000",,,,,,,,,,,,,,,,,,,,,,,,,,,,,,,,,,,,,,
OperatingIncome,"851,679,000","231,917,000","220,590,000","209,914,000","189,258,000","212,582,000","200,167,000","195,594,000","34,193,000","164,616,000","185,852,000","154,310,000","79,873,000","133,920,000","172,832,000","168,437,000","89,950,000","94,360,000","-18,589,000","75,635,000","37,060,000","112,820,000","85,584,000","22,921,000","21,417,000","8,626,000","87,130,000","62,769,000","35,119,000","110,372,000","100,953,000","95,690,000","71,712,000","112,952,000","122,004,000","106,696,000","84,551,000","85,294,000","78,033,000","97,476,000","62,765,000","55,455,000","46,740,000","58,231,000","37,336,000","14,640,000","35,934,000","23,726,000","3,527,000","-119,542,000","7,121,000","3,907,000","-32,068,000","-21,781,000","-22,638,000","-393,992,000","70,012,000","-405,655,000","104,137,000","54,371,000","92,967,000","-10,898,000","109,546,000","81,221,000","73,711,000","200,075,000","21,317,000","172,551,000","100,096,000","-35,054,000","117,210,000","109,313,000","42,579,000","178,502,000","12,511,000","120,183,000","93,489,000","61,536,000","37,174,000","34,650,000","27,783,000","-411,546,000","37,724,000","84,193,000","73,206,000","-42,170,000","4,726,000","38,031,000","67,330,000","61,700,000","38,400,000","51,700,000","61,100,000","57,800,000","49,900,000","75,500,000","34,700,000","27,700,000","22,800,000","20,800,000","23,400,000","-1,400,000","1,800,000","1,500,000","1,600,000","1,000,000","0","2,400,000","3,800,000","2,200,000","2,400,000","2,300,000","2,600,000","2,100,000","2,100,000","1,800,000","1,000,000","700,000"
NetNonOperatingInterestIncomeExpense,"-130,493,000","-34,586,000","-31,850,000","-32,219,000","-31,838,000","-43,306,000","-43,189,000","-45,647,000","-44,866,000","-43,082,000","-42,132,000","-37,206,000","-31,143,000","-27,856,000","-27,610,000","-27,356,000","-26,505,000","-30,739,000","-25,036,000","-24,728,000","-24,792,000","-26,488,000","-27,118,000","-26,528,000","-26,214,000","-24,017,000","-15,992,000","-15,214,000","-14,064,000","-9,843,000","-14,009,000","-14,046,000","-14,064,000","-8,044,000","-7,623,000","-7,658,000","-7,189,000","-1,434,000","-602,000","-190,000","-461,000","234,000","-201,000","-205,000","-53,000","229,000","229,000","343,000","312,000","-81,000","1,029,000","1,183,000","2,264,000",,,,,,,,,,,,,,,,,,,,,,,,,,,,,,,,,,,,,,,,,,,,,,,,,,,,,,,,,,,,,,,,,
	InterestIncomeNonOperating,,,,,,,,,,,,,,,,,,,,,,,,"1,116,000","1,646,000",,,,,,,,,,,,"474,000","613,000","789,000","1,174,000","886,000","1,529,000","1,224,000","1,150,000","1,302,000","1,666,000","1,550,000","1,666,000","1,635,000","1,672,000","2,374,000","2,444,000","3,728,000",,,,,,,,,,,,,,,,,,,,,,,,,,,,,,,,,,,,,,,,,,,,,,,,,,,,,,,,,,,,,,,,,
	InterestExpenseNonOperating,"130,493,000","34,586,000","31,850,000","32,219,000","31,838,000","43,306,000","43,189,000","45,647,000","44,866,000","43,082,000","42,132,000","37,206,000","31,143,000","27,856,000","27,610,000","27,356,000","26,505,000","30,739,000","25,036,000","24,728,000","24,792,000","26,488,000","27,118,000","27,644,000","27,860,000","28,366,000","15,992,000","15,214,000","14,064,000","14,195,000","14,009,000","14,046,000","14,064,000","10,652,000","7,623,000","7,658,000","7,663,000","2,047,000","1,391,000","1,364,000","1,347,000","1,295,000","1,425,000","1,355,000","1,355,000","1,437,000","1,321,000","1,323,000","1,323,000","1,753,000","1,345,000","1,261,000","1,464,000",,,,,,,,,,,,,,,,,,,,,,,,,,,,,,,,,,,,,,,,,,,,,,,,,,,,,,,,,,,,,,,,,
OtherIncomeExpense,"-465,038,000","-424,152,000","-39,212,000","-355,000","-1,319,000","-3,480,000","-1,923,000","17,410,000","-261,866,000","15,571,000","1,229,000","45,972,000","651,000","131,111,000","8,113,000","171,141,000","-4,619,000","-8,513,000","-10,216,000","10,230,000","-7,714,000","40,056,000","11,700,000","-283,675,000","14,251,000","-21,232,000","34,398,000","-1,638,000","6,988,000","11,371,000","3,501,000","-69,750,000","-1,958,000","7,135,000","13,466,000","-1,082,000","1,093,000","-3,597,000","-3,640,000","-20,551,000","-4,031,000","-11,494,000","-10,569,000","-2,878,000","-1,074,000","-34,351,000","39,000","-4,249,000","-17,693,000","-938,164,000","49,931,000","59,646,000","-2,757,000","273,655,000","-65,511,000","-448,093,000","18,497,000","-464,640,000","15,850,000","13,537,000","8,647,000","-188,450,000","11,863,000","16,304,000","4,904,000","-118,025,000","14,263,000","585,693,000","-16,246,000","-168,208,000","-457,000","17,046,000","7,176,000","13,126,000","5,660,000","-4,342,000","-247,250,000","19,692,000","-49,493,000","-164,226,000","-12,132,000","-99,812,000","-12,943,000","-13,731,000","-6,522,000","-29,578,000","69,907,000","-1,929,000","-616,000","-20,500,000","47,900,000","800,000","67,400,000","110,600,000","9,800,000","-2,900,000","69,300,000","-1,200,000","-1,600,000","-1,800,000","-1,900,000","1,000,000","700,000","800,000","700,000","-1,900,000","700,000","2,600,000","200,000","300,000","2,000,000","800,000","-1,400,000","1,300,000","200,000","100,000","200,000","400,000"
	GainOnSaleOfSecurity,,,,,,,,,,,,,,,,,,,,,,,,"8,644,000","4,495,000","598,000","308,000",,,,,,,,,,"1,364,000","-1,362,000","-309,000","-105,000","1,764,000","-277,000","4,065,000",,"846,000",,,,,,"37,875,000","-12,305,000",,,,,,,,,,,,,,,,,,,,,,,,,,,,,,,,,,,,,,,,,,,,,,,,,,,,,,,,,,,,,,,,,,
	EarningsFromEquityInterest,,,,,,,,,,,,,,,,,,,,,,,,,,"850,000","398,000",,,"-300,000","-612,000","-6,850,000","-1,935,000","-2,193,000","-3,253,000","-1,078,000","-91,000","2,863,000","-3,298,000","-19,009,000","-5,901,000","-10,623,000","-15,078,000","-8,720,000","-1,879,000","1,486,000","-547,000","-4,002,000","-22,613,000","-6,041,000","-3,961,000","-2,165,000","-1,847,000","1,267,000","3,146,000","4,980,000","6,445,000","9,089,000","5,081,000","6,636,000","7,847,000","8,730,000","8,322,000","8,103,000","9,169,000","4,826,000","14,263,000","62,206,000","-16,246,000","13,693,000","4,765,000","16,245,000","7,176,000","13,059,000","7,308,000","4,087,000","-1,878,000",,,,,,,,,,,,,,,,,,,,,,,,,,,,,,,,,,,,,,,,,
	SpecialIncomeCharges,,,,,,,,,"-211,973,000","-3,318,000",,,,,,,,"0","0","0",,"0","0","-290,100,000","12,398,000","-17,681,000","32,782,000",,,,,,,,,,"147,000","-5,033,000","-33,000","-1,437,000","106,000","-594,000","444,000","5,842,000","-41,000","-39,826,000","586,000","-247,000","4,920,000","-932,123,000","53,892,000","61,811,000","-910,000","272,388,000","-68,657,000","-453,073,000","12,052,000","-473,729,000","10,769,000","6,901,000","800,000","-197,180,000","3,541,000","8,201,000","-4,265,000","-122,851,000",,"523,487,000",,"-181,901,000","-5,222,000","801,000",,"67,000","-1,648,000","-8,429,000","-245,372,000","19,692,000","-49,493,000","-164,226,000","-12,132,000","-99,812,000","-12,943,000","-13,731,000","-6,522,000","-29,578,000","69,907,000","-1,929,000","-616,000","-20,500,000","47,900,000","800,000","67,400,000","110,600,000","9,800,000","-2,900,000","69,300,000","-1,200,000","-1,600,000","-1,800,000","-1,900,000","1,000,000","700,000","800,000","700,000","-1,900,000","700,000","2,600,000","200,000","300,000","2,000,000","800,000","-1,400,000","1,300,000","200,000","100,000","200,000","400,000"
		RestructuringAndMergernAcquisition,,,,,,,,,,,,,,,,,,,,,,,,,,,,,,,,,,,,,,,,,,,,,,,,,,,,,,,,,,,,,,,,,,,,,,"-2,879,000","5,222,000","-801,000",,"-67,000","1,648,000","8,429,000",,"2,761,000","31,411,000","40,214,000",,,,,,,,,,,,,,,,,,,,,,,,,,,,,,,,,,,,,,
		ImpairmentOfCapitalAssets,,,,,,,,,"211,973,000","3,318,000",,,,,,,,"0","0","0",,"0","0","275,767,000","2,302,000","19,441,000","804,000",,,,,,,,,,,,,,,"0",,,,"28,032,000","0","0","0","916,868,000","0","0","1,056,000",,,,,,,,,,,,,,,,,,,,,,,,,,,,,,,,,,,,,,,,,,,,,,,,,,,,,,,,,,,,,,,,,
		OtherSpecialCharges,,,,,,,,,,,,,,,,,,,,,,,,"12,770,000",,"-755,000","-33,586,000",,,,,,,,,,,,,,,"637,000",,,,"11,794,000","-586,000","247,000","-4,920,000","15,255,000","-53,892,000","-61,811,000","-146,000",,,,,,,,,,,,,,,,,,,,,,,,,"-22,453,000","18,082,000","124,012,000",,,,,,,,,,,,,,,,,,,,,,,,,,,,,,,,,,,,,,
		GainOnSaleOfBusiness,,,,,,,,,,,,,,,,,,,,,,,,"-1,563,000","14,700,000",,,,,,,,,,,,"147,000",,,,,,,,,,,,,,,,,,,,,,,,,,,,,,,,,,,,,,,,,,,,,,,,,,,,,,,,,,,,,,,,,,,,,,,,,,,,,,,,,
	OtherNonOperatingIncomeExpenses,"-465,038,000","-424,152,000","-39,212,000","-355,000","-1,319,000","-3,480,000","-1,923,000","17,410,000","-49,893,000","18,889,000","1,229,000","45,972,000","651,000","131,111,000","8,113,000","171,141,000","-4,619,000","-8,513,000","-10,216,000","10,230,000","-7,714,000","40,056,000","11,700,000","-2,219,000","-2,642,000","-4,999,000","910,000","-1,638,000","6,988,000","57,884,000","4,113,000","-62,900,000","-23,000","-18,377,000","16,719,000","-4,000","-327,000","-7,894,000",,,,,,,,,,,,,,,,,,,,,,,,,,,,,,,,,,,,,,,,,,,,,,,,,,,,,,,,,,,,,,,,,,,,,,,,,,,,,,,,
PretaxIncome,"256,148,000","-226,821,000","149,528,000","177,340,000","156,101,000","165,796,000","155,055,000","167,357,000","-272,539,000","137,105,000","144,949,000","163,076,000","49,381,000","237,175,000","153,335,000","312,222,000","58,826,000","55,108,000","-53,841,000","61,137,000","4,554,000","126,388,000","70,166,000","-287,282,000","9,454,000","-36,623,000","105,536,000","45,917,000","28,043,000","111,900,000","90,445,000","11,894,000","55,690,000","112,043,000","127,847,000","97,956,000","78,455,000","80,263,000","73,791,000","76,735,000","58,273,000","44,195,000","35,970,000","55,148,000","36,209,000","-19,482,000","36,202,000","19,820,000","-13,854,000","-1,057,787,000","58,081,000","64,736,000","-32,561,000","286,412,000","-86,602,000","-494,542,000","86,149,000","-363,562,000","120,213,000","70,885,000","106,502,000","-7,258,000","123,256,000","101,182,000","82,419,000","202,745,000","44,534,000","785,039,000","143,742,000","-5,841,000","142,418,000","153,961,000","74,409,000","146,222,000","43,705,000","138,027,000","-161,673,000","111,396,000","15,639,000","-90,990,000","10,983,000","-311,814,000","14,650,000","12,550,000","9,079,000","19,166,000","2,074,000","-9,562,000","12,633,000","7,900,000","17,200,000","4,200,000","34,000,000","105,700,000","11,800,000","14,500,000","72,600,000","14,600,000","12,600,000","12,000,000","14,900,000","-5,000,000","300,000","100,000","0","-3,600,000","-2,100,000","2,100,000","1,200,000",,"2,200,000","0","-1,800,000","300,000","-800,000","-1,300,000","-2,100,000",
TaxProvision,"-19,897,000","-58,097,000","18,627,000","37,320,000","-17,747,000","25,617,000","23,568,000","34,436,000","-89,896,000","12,833,000","-14,823,000","16,285,000","-63,604,000","19,698,000","-18,242,000","31,368,000","-29,013,000","31,759,000","-279,480,000","-19,420,000","-23,909,000","12,460,000","17,826,000","-96,740,000","1,520,000","-5,206,000","40,510,000","-11,968,000","6,180,000","43,914,000","-59,816,000","29,889,000","21,385,000","33,214,000","36,126,000","39,416,000","25,746,000","35,855,000","27,606,000","28,634,000","27,120,000","2,397,000","-32,003,000","9,518,000","16,041,000","8,294,000","14,820,000","4,956,000","4,009,000","-52,248,000","34,269,000","22,143,000","-2,679,000","65,876,000","-85,335,000","-49,514,000","36,809,000","27,752,000","48,160,000","23,855,000","40,532,000","-6,219,000","54,180,000","42,888,000","34,376,000","79,417,000","7,635,000","304,327,000","73,967,000","45,988,000","44,449,000","59,526,000","29,223,000","60,066,000","13,116,000","51,683,000","-54,877,000","-52,835,000","31,849,000","10,608,000","15,950,000","-68,741,000","21,901,000","22,828,000","26,462,000","40,056,000","22,313,000","18,993,000","31,505,000","25,600,000","24,900,000","13,900,000","26,500,000","54,800,000","16,600,000","17,500,000","38,700,000","11,300,000","9,100,000","9,500,000","11,100,000","100,000","700,000","600,000","600,000","-300,000","-400,000","800,000","700,000",,"100,000","600,000","600,000","200,000","200,000","300,000","-200,000",
NetIncomeCommonStockholders,"277,723,000","-168,632,000","131,210,000","140,895,000","174,250,000","140,579,000","132,581,000","66,441,000","-211,040,000","100,425,000","128,544,000","113,467,000","88,695,000","191,752,000","145,774,000","218,353,000","71,082,000","32,804,000","179,643,000","66,268,000","26,209,000","102,051,000","43,162,000","-194,775,000","8,282,000","-31,849,000","65,611,000","59,305,000","26,405,000","70,172,000","326,812,000","-17,996,000","35,885,000","76,917,000","96,940,000","58,290,000","53,637,000","40,739,000","40,717,000","43,332,000","34,478,000","48,766,000","64,973,000","42,424,000","18,070,000","86,964,000","17,509,000","13,591,000","-18,705,000","-1,012,931,000","21,682,000","40,813,000","-28,386,000","227,417,000","-14,837,000","-421,597,000","52,816,000","-373,896,000","71,764,000","95,972,000","62,091,000","16,699,000","74,945,000","53,808,000","47,183,000","113,067,000","68,077,000","618,120,000","68,949,000","-45,867,000","89,478,000","69,934,000","38,263,000","152,755,000","18,716,000","92,930,000","-110,060,000","144,853,000","-36,629,000","2,270,576,000","-286,654,000","-47,761,000","427,575,000","39,551,000","-26,570,000","-80,285,000","-20,239,000","-28,555,000","-18,872,000","-17,700,000","-7,700,000","-9,700,000","7,500,000","50,900,000","-4,800,000","-3,000,000","33,900,000","3,300,000","3,500,000","2,500,000","3,800,000","-5,100,000","-400,000","-500,000","-600,000","-3,300,000",,"1,300,000","500,000","-100,000","2,100,000","-600,000","-2,400,000","-2,900,000","-1,000,000","-1,600,000","-1,900,000","-2,000,000"
	NetIncome,"277,723,000","-168,632,000","131,210,000","140,895,000","174,250,000","140,579,000","132,581,000","66,441,000","-211,040,000","100,425,000","128,544,000","113,467,000","88,695,000","191,752,000","145,774,000","218,353,000","71,082,000","32,804,000","179,643,000","66,268,000","26,209,000","102,051,000","43,162,000","-194,775,000","8,282,000","-31,849,000","65,611,000","59,305,000","26,405,000","70,172,000","326,812,000","-17,996,000","35,885,000","76,917,000","96,940,000","58,290,000","53,637,000","40,739,000","40,717,000","43,332,000","34,478,000","48,766,000","64,973,000","42,424,000","18,070,000","86,964,000","17,509,000","13,591,000","-18,705,000","-1,012,931,000","21,682,000","40,813,000","-28,386,000","227,417,000","-14,837,000","-421,597,000","52,816,000","-373,896,000","71,764,000","95,972,000","62,091,000","16,699,000","74,945,000","53,808,000","47,183,000","113,067,000","69,489,000","621,383,000","72,212,000","-42,603,000","92,741,000","73,196,000","41,527,000","156,018,000","21,980,000","96,194,000","-106,796,000","148,117,000","-33,365,000","2,273,840,000","-284,687,000","-47,761,000","427,575,000","39,551,000","-26,570,000","-80,285,000","-20,239,000","-28,555,000","-18,872,000","-17,700,000","-7,700,000","-9,700,000","7,500,000","50,900,000","-4,800,000","-3,000,000","33,900,000","3,300,000","3,500,000","2,500,000","3,800,000","-5,100,000","-400,000","-500,000","-600,000","-3,300,000",,"1,300,000","500,000","-100,000","2,100,000","-600,000","-2,400,000","-2,900,000","-1,000,000","-1,600,000","-1,900,000","-2,000,000"
		NetIncomeIncludingNoncontrollingInterests,"276,554,000","-168,724,000","130,901,000","140,529,000","173,848,000","140,179,000","131,995,000","98,310,000","-182,643,000","124,272,000","159,772,000","146,791,000","112,985,000","217,477,000","171,577,000","280,854,000","87,839,000","23,349,000","225,639,000","80,557,000","28,463,000","114,117,000","52,340,000","-190,542,000","7,934,000","-31,389,000","65,043,000","57,732,000","21,988,000","68,611,000","325,991,000","-18,863,000","33,491,000","78,853,000","95,635,000","57,472,000","51,765,000","41,938,000","40,561,000","43,460,000","34,837,000","46,164,000","64,051,000","43,142,000","18,220,000","83,196,000","17,645,000","12,835,000","-19,324,000","-1,012,963,000","21,298,000","40,397,000","-28,644,000","222,763,000","-15,218,000","-422,964,000","51,921,000","-375,311,000","68,858,000","95,619,000","62,204,000","16,852,000","74,915,000","53,014,000","47,306,000","113,345,000","70,016,000","622,852,000","72,563,000","-39,586,000","99,186,000","76,067,000","42,923,000","158,658,000","30,241,000","124,609,000","-81,412,000","164,231,000","-16,210,000","2,283,586,000","-293,624,000","-275,247,000","460,767,000","84,548,000","19,619,000","-178,460,000","42,765,000","8,348,000","26,569,000","29,000,000","40,100,000","19,000,000","81,600,000","87,200,000","17,400,000","13,400,000","38,200,000","5,800,000","3,400,000","2,900,000","3,400,000","-5,400,000","-400,000","-500,000","-600,000","-3,300,000","-1,700,000","1,300,000","500,000","-100,000","2,100,000","-600,000","-2,400,000","-2,900,000","-1,000,000","-1,600,000","-1,900,000","-2,000,000"
			NetIncomeContinuousOperations,"276,045,000","-168,724,000","130,901,000","140,020,000","173,848,000","140,179,000","131,487,000","132,921,000","-182,643,000","124,272,000","159,772,000","146,791,000","112,985,000","217,477,000","171,577,000","280,854,000","87,839,000","23,349,000","225,639,000","80,557,000","28,463,000","113,928,000","52,340,000","-190,542,000","7,934,000","-31,417,000","65,026,000","57,885,000","21,863,000","67,986,000","150,261,000","-17,995,000","34,305,000","78,829,000","91,721,000","58,540,000","52,709,000","44,408,000","46,185,000","48,101,000","31,153,000","41,798,000","67,973,000","45,630,000","20,168,000","-27,776,000","21,382,000","14,864,000","-17,863,000","-1,005,539,000","23,812,000","42,593,000","-29,882,000","225,190,000","-886,000","-443,661,000","50,235,000","-389,899,000","74,959,000","47,383,000","65,857,000","-1,192,000","69,106,000","59,088,000","47,920,000","125,279,000","36,372,000","479,243,000","69,424,000","-41,117,000","91,524,000","91,564,000","43,790,000","148,559,000","22,328,000","57,929,000","-106,796,000","148,117,000","-33,365,000","-111,344,000","3,970,000","-118,695,000","-40,443,000","-10,278,000","-17,383,000","-20,890,000","-20,239,000","-28,555,000","-18,872,000","-17,700,000","-7,700,000","-9,700,000","7,500,000","50,900,000","-4,800,000","-3,000,000","33,900,000","3,300,000","3,500,000","2,500,000","3,800,000","-5,100,000","-400,000","-500,000","-600,000","-3,300,000","-1,700,000","1,300,000","500,000","0","2,100,000","-600,000","-2,400,000","100,000","-1,000,000","-1,600,000","-1,900,000","-2,000,000"
			NetIncomeDiscontinuousOperations,"509,000","0","0","509,000","0","0","508,000","-34,611,000",,,,,,,,,,,,,,"189,000","0","0","0","28,000","17,000","-153,000","125,000","625,000","175,730,000","-868,000","-814,000","24,000","3,914,000","-1,068,000","-944,000","-2,470,000","-5,624,000","-4,641,000","3,684,000","4,366,000","-3,922,000","-2,488,000","-1,948,000","110,972,000","-3,737,000","-2,029,000","-1,461,000","-7,424,000","-2,514,000","-2,196,000","1,238,000","2,227,000","-13,951,000","22,064,000","2,581,000","16,003,000","-3,195,000","48,589,000","-3,766,000","17,891,000","5,839,000","-5,280,000","-737,000","-82,364,000","33,117,000","142,140,000","2,788,000","-1,486,000","1,217,000","-18,368,000","-2,263,000","7,459,000","-348,000","38,265,000",,"0",,"6,873,000","21,930,000",,,,,,,,,,,,,,,,,,,,,,,,,,,,,,,,,,,,,
			NetIncomeExtraordinary,,,,,,,,,,,,,,,,,,,,,,,,,,,,,,,,,,,,,,,,,,,,,,,,,,,,,,,,,,,,,,,,,,,,,,,,,,,,,,"0",,,"-310,587,000",,,,"-9,187,000",,,,,,,,,,,,,,,,,,,,,,"0",,,"-100,000","0",,,"-3,000,000",,,,
			NetIncomeFromTaxLossCarryforward,,,,,,,,,,,,,,,,,,,,,,,,,,,,,,,,,,,,,,,,,,,,,,,,,,,,,,,,,,,,,,,,,,,,,,,,,,,,,,"0",,"2,378,311,000",,"0","468,018,000","49,829,000",,,,,,,,,,,,,,,,,,,,,,,,,,,,,,,,,,
		MinorityInterests,"1,169,000","92,000","309,000","366,000","402,000","400,000","586,000","-31,869,000","-28,397,000","-23,847,000","-31,228,000","-33,324,000","-24,290,000","-25,725,000","-25,803,000","-62,501,000","-16,757,000","9,455,000","-45,996,000","-14,289,000","-2,254,000","-12,066,000","-9,178,000","-4,233,000","348,000","-460,000","568,000","1,573,000","4,417,000","1,561,000","821,000","867,000","2,394,000","-1,936,000","1,305,000","818,000","1,872,000","-1,199,000","156,000","-128,000","-359,000","2,602,000","922,000","-718,000","-150,000","3,768,000","-136,000","756,000","619,000","32,000","384,000","416,000","258,000","4,654,000","381,000","1,367,000","895,000","1,415,000","2,906,000","353,000","-113,000","-153,000","30,000","794,000","-123,000","-278,000","-527,000","-1,469,000","-351,000","-3,017,000","-6,445,000","-2,871,000","-1,396,000","-2,640,000","-8,261,000","-28,415,000","-25,384,000","-16,114,000","-17,155,000","-9,746,000","8,937,000","227,486,000","-33,192,000","-44,997,000","-46,189,000","98,175,000","-63,004,000","-36,903,000","-45,441,000","-46,700,000","-47,800,000","-28,700,000","-74,100,000","-36,300,000","-22,200,000","-16,400,000","-4,300,000","-2,500,000","100,000","-400,000","400,000",,,,,,,,,,,,,,,,,
	PreferredStockDividends,,,,,,,,,,,,,,,,,,,,,,,,,,,,,,,,,,,,,,,,,,,,,,,,,,,,,,,,,,,,,,,,,,"0","1,412,000","3,263,000","3,263,000","3,264,000","3,263,000","3,262,000","3,264,000","3,263,000","3,264,000","3,264,000","3,264,000","3,264,000","3,264,000","3,264,000","1,967,000",,,,,,,,,,,,,,,,,,,,,,,,,,,,,,,,,,,,,
	OtherunderPreferredStockDividend,,,,,,,,,,,,,,,,,,,,,,,,,,,,,,,,,,,,,,,,,,,,,,,,,,,,"-416,000",,,,,,,,,,,,,,,,,,,,,,,,,,,,,,,,,,,,,,,,,,,,,,,,,,,,,,,,,,,,,,,,,,
AverageDilutionEarnings,"5,623,000","-5,695,000","4,024,000","3,687,000","3,608,000","-176,000","-395,000","-4,330,000",,"-5,889,000","-7,342,000","-6,136,000","-6,696,000","-5,738,000","-8,336,000","-6,994,000","-7,442,000","573,000","-23,749,000","-7,925,000","-2,430,000",,"-3,473,000",,"-514,000",,,,,,,,,,,,,,,,,,,,,,,,,,,,,,,,,,,,,,,,,,,,,,,,,,,,,,,,,,,,,,,,,,,,,,,,,,,,,,,,,,,,,,,,,,,,,
DilutedNIAvailtoComStockholders,"283,346,000","-174,327,000","135,234,000","144,582,000","177,858,000","140,403,000","132,186,000","62,111,000","-211,040,000","94,536,000","121,202,000","107,331,000","81,999,000","186,014,000","137,438,000","211,359,000","63,640,000","33,377,000","155,894,000","58,343,000","23,779,000","102,051,000","39,689,000","-194,775,000","7,768,000","-33,648,000","65,611,000","59,305,000","26,405,000","70,172,000","326,812,000","-17,996,000","35,885,000","76,917,000","96,940,000","58,290,000","53,637,000","40,739,000","40,717,000","43,332,000","34,478,000","48,766,000","64,973,000","42,424,000","18,070,000","86,964,000","17,509,000","13,591,000","-18,705,000","-1,012,931,000","21,682,000","40,813,000","-28,386,000","227,417,000","-14,837,000","-421,597,000","52,816,000","-373,896,000","71,764,000","95,972,000","62,091,000","16,699,000","74,945,000","53,808,000","47,183,000","113,067,000","68,077,000","618,120,000","68,949,000","-45,867,000","89,478,000","69,934,000","38,263,000","152,755,000","18,716,000","92,930,000","-110,060,000","144,853,000","-36,629,000","2,270,576,000","-286,654,000","-47,761,000","427,575,000","39,551,000","-26,570,000","-80,285,000","-20,239,000","-28,555,000","-18,872,000","-17,700,000","-7,700,000","-9,700,000","7,500,000","50,900,000","-4,800,000","-3,000,000","33,900,000","3,300,000","3,500,000","2,500,000","3,800,000","-5,100,000","-400,000","-500,000","-600,000","-3,300,000",,"1,300,000","500,000","-100,000","2,100,000","-600,000","-2,400,000","-2,900,000","-1,000,000","-1,600,000","-1,900,000","-2,000,000"
BasicEPS,,"-0.6","0.47","0.52","0.65","0.53","0.51","0.36","-1.154","0.551","0.704","0.625","0.491","1.061","0.811","1.209","0.398","0.185","1.029","0.389","0.158","0.598","0.25","-1.135","0.046","-0.176","0.366","0.334","0.148","0.389","1.812","-0.102","0.204","0.431","0.542","0.324","0.297","0.213","0.213","0.232","0.195","0.269","0.357","0.218","0.093",,"0.079","0.056","-0.074",,"0.074","0.13","-0.088",,"-0.051","-1.399","0.176",,"0.232","0.306","0.204",,"0.232","0.158","0.139",,"0.195","1.779","0.185",,"0.241","0.185","0.093",,"0.056","0.315","-0.426",,"-0.148","10.211","-1.353",,"2.113","0.204","-0.13",,"-0.111","-0.148","-0.111",,"-0.037","-0.056","0.056",,"-0.037","-0.019","0.259",,"0.019","0.019","0.019",,"-0.009","-0.019","-0.019","-0.083",,"0.037","0.019","-0.005",,"-0.019","-0.065","-0.074",,"-0.046","-0.056","-0.056"
DilutedEPS,,"-0.6","0.43","0.46","0.57","0.48","0.46","0.32","-1.154","0.486","0.625","0.551","0.422","0.945","0.69","1.075","0.329","0.171","0.829","0.324","0.134","0.547","0.227","-1.135","0.042","-0.176","0.343","0.315","0.139","0.361","1.705","-0.102","0.19","0.408","0.524","0.31","0.283","0.199","0.199","0.218","0.176","0.246","0.32","0.204","0.088",,"0.074","0.056","-0.074",,"0.074","0.13","-0.088",,"-0.051","-1.399","0.167",,"0.222","0.297","0.185",,"0.222","0.158","0.13",,"0.176","1.649","0.167",,"0.222","0.167","0.093",,"0.037","0.297","-0.426",,"-0.148","8.914","-1.353",,"1.093","0.167","-0.13",,"-0.111","-0.148","-0.111",,"-0.037","-0.056","0.037",,"-0.037","-0.019","0.167",,"0.019","0.009","0.019",,"-0.009","-0.019","-0.019","-0.083",,"0.037","0.019","-0.005",,"-0.019","-0.065","-0.074",,"-0.046","-0.056","-0.056"
BasicAverageShares,,"282,979,000","276,955,000","271,254,000","268,649,000","266,395,000","260,744,000","183,476,999","182,935,235","182,149,008","182,532,480","181,412,721","180,603,102","180,732,540","179,793,487","180,572,075","178,399,289","177,474,440","174,435,412","170,658,212","168,771,771","170,757,499","171,661,868","171,642,443","177,047,076","179,155,833","178,952,944","177,886,694","180,124,955","181,085,443","180,422,814","179,531,395","178,033,465","179,181,734","179,350,089","180,461,665","181,776,131","189,244,195","190,578,086","185,997,961","178,717,678","179,932,857","189,719,043","194,363,920","192,272,430",,"222,643,276","235,885,060","251,337,046",,"292,490,180","316,188,332","318,959,718",,"301,366,600","301,316,214","299,994,880",,"309,790,835","313,857,522","304,584,578",,"323,522,576","341,585,845","339,465,957",,"349,850,945","347,434,950","372,048,804",,"371,402,529","377,363,864","412,934,296",,"336,638,453","294,970,753","258,210,330",,"247,062,605","222,359,857","211,888,354",,"202,385,500","194,015,633","204,816,743",,"182,016,073","192,603,475","169,722,187",,"181,329,096","316,940,182","358,842,034",,"129,504,000","161,880,000","289,709,772",,"120,600,600","100,309,481","99,974,929",,"20,500,483","20,485,374","20,442,206","20,278,168",,"21,584,000","19,211,918","19,207,601",,"19,201,126","19,181,700","19,121,265",,"19,058,672","19,058,672","19,037,088"
DilutedAverageShares,,"282,979,000","316,951,000","311,087,000","310,585,000","294,975,000","289,950,000","194,988,000","182,935,235","206,435,543","205,518,052","205,804,347","210,372,844","202,881,136","211,166,847","203,143,584","216,089,280","192,211,995","188,203,846","180,826,435","178,076,633","184,228,073","176,166,449","171,642,443","183,086,280","179,155,833","191,881,760","187,975,056","191,575,267","193,094,780","191,644,336","179,531,395","188,221,113","187,718,206","185,777,804","186,837,579","188,600,992","202,827,006","204,378,896","198,443,296","197,964,131","199,982,235","204,810,576","210,016,636","202,190,278",,"222,643,276","235,885,060","251,337,046",,"292,490,180","319,594,288","318,959,718",,"301,366,600","301,316,214","316,661,262",,"322,698,787","323,665,570","335,043,036",,"337,002,683","341,585,845","363,713,526",,"386,677,360","374,761,294","413,387,560",,"402,352,740","419,293,182","412,934,296",,"336,638,453","313,406,425","258,210,330",,"247,062,605","254,719,919","211,888,354",,"233,484,920","237,130,218","204,816,743",,"182,016,073","192,603,475","169,722,187",,"376,207,172","316,940,182","358,842,034",,"129,504,000","161,880,000","289,709,772",,"120,600,600","100,309,481","99,974,929",,"20,500,483","20,485,374","20,442,206","20,278,168",,"21,584,000","19,211,918","19,207,601",,"19,201,126","19,181,700","19,121,265",,"19,058,672","19,058,672","19,037,088"
TotalOperatingIncomeAsReported,"851,679,000","231,917,000","220,590,000","209,914,000","189,258,000","212,582,000","200,167,000","195,594,000","-177,780,000","161,298,000","185,852,000","154,310,000","79,873,000","133,920,000","172,832,000","168,437,000","89,950,000","94,360,000","-18,589,000","75,635,000","37,060,000","112,820,000","85,584,000","-252,446,000","21,417,000","-5,430,000","87,130,000","62,769,000","35,119,000","110,372,000","100,953,000","95,690,000","71,712,000","112,952,000","122,004,000","106,696,000","84,551,000","85,294,000","78,033,000","97,476,000","62,765,000","55,455,000","46,740,000","58,231,000","37,336,000","-13,392,000","35,934,000","23,726,000","3,527,000","-1,036,410,000","7,121,000","3,907,000","-33,124,000","-21,781,000","-22,638,000","-393,992,000","70,012,000","-405,655,000","104,137,000","54,371,000","92,967,000","-10,898,000","109,546,000","81,221,000","73,711,000","200,075,000","21,317,000","172,551,000","127,638,000","-32,175,000","111,988,000","110,114,000","42,579,000","178,569,000","10,863,000","111,754,000","93,489,000","58,775,000","5,763,000","-5,564,000","27,783,000","-411,546,000","37,724,000","84,193,000","73,206,000","-42,170,000","4,726,000","38,031,000","67,330,000","61,700,000","38,400,000","51,700,000","61,100,000","57,800,000","49,900,000","75,500,000","34,700,000","27,700,000","22,800,000","20,800,000","23,400,000","-1,400,000","1,800,000","1,500,000","1,600,000","1,000,000","0","2,400,000","3,800,000","2,200,000","2,400,000","2,300,000","2,600,000","2,100,000","2,100,000","1,800,000","1,000,000","700,000"
TotalExpenses,"2,131,598,000","574,153,000","581,245,000","497,846,000","478,354,000","438,825,000","439,603,000","359,856,000","1,194,572,000","1,053,064,000","1,061,022,000","1,032,348,000","1,025,970,000","970,183,000","931,760,000","890,685,000","905,125,000","856,225,000","847,023,000","691,752,000","723,773,000","698,342,000","678,518,000","722,518,000","797,762,000","840,102,000","751,431,000","708,363,000","737,393,000","720,382,000","681,278,000","660,625,000","668,535,000","611,503,000","634,868,000","692,715,000","657,698,000","679,957,000","636,437,000","583,136,000","577,835,000","541,488,000","470,144,000","427,173,000","422,877,000","411,739,000","385,718,000","379,132,000","382,399,000","486,698,000","329,456,000","336,138,000","364,078,000","372,776,000","391,918,000","1,989,323,000","1,532,337,000","2,258,157,000","1,411,696,000","1,458,023,000","1,502,001,000","1,525,892,000","1,493,425,000","1,531,101,000","1,476,867,000","1,506,767,000","1,461,980,000","1,787,665,000","1,547,001,000","1,750,764,000","1,387,871,000","1,391,839,000","1,428,158,000","1,626,101,000","1,597,759,000","1,406,328,000","1,298,577,000","1,277,452,000","1,155,322,000","1,083,145,000","943,866,000","-63,051,000","1,218,608,000","1,287,255,000","1,242,471,000","1,344,408,000","1,110,294,000","1,060,046,000","935,473,000","874,500,000","754,800,000","725,700,000","667,800,000","709,300,000","590,600,000","627,900,000","488,400,000","362,500,000","303,500,000","244,900,000","256,200,000","43,400,000","9,400,000","9,400,000","9,500,000","10,600,000","11,600,000","9,300,000","9,300,000","9,400,000","9,200,000","9,200,000","9,500,000","9,400,000","9,500,000","9,900,000","10,300,000","10,800,000"
NetIncomeFromContinuingAndDiscontinuedOperation,"277,723,000","-168,632,000","131,210,000","140,895,000","174,250,000","140,579,000","132,581,000","66,441,000","-211,040,000","100,425,000","128,544,000","113,467,000","88,695,000","191,752,000","145,774,000","218,353,000","71,082,000","32,804,000","179,643,000","66,268,000","26,209,000","102,051,000","43,162,000","-194,775,000","8,282,000","-31,849,000","65,611,000","59,305,000","26,405,000","70,172,000","326,812,000","-17,996,000","35,885,000","76,917,000","96,940,000","58,290,000","53,637,000","40,739,000","40,717,000","43,332,000","34,478,000","48,766,000","64,973,000","42,424,000","18,070,000","86,964,000","17,509,000","13,591,000","-18,705,000","-1,012,931,000","21,682,000","40,813,000","-28,386,000","227,417,000","-14,837,000","-421,597,000","52,816,000","-373,896,000","71,764,000","95,972,000","62,091,000","16,699,000","74,945,000","53,808,000","47,183,000","42,915,000","69,489,000","621,383,000","72,212,000","-42,603,000","92,741,000","73,196,000","41,527,000","156,018,000","21,980,000","96,194,000","-106,796,000","148,117,000","-33,365,000","-104,471,000","25,900,000","-56,948,000","-40,443,000","-10,278,000","-17,383,000","-80,285,000","-20,239,000","-28,555,000","-18,872,000","-17,700,000","-7,700,000","-9,700,000","7,500,000","50,900,000","-4,800,000","-3,000,000","33,900,000","3,300,000","3,500,000","2,500,000","3,800,000","-5,100,000","-400,000","-500,000","-600,000","-3,300,000",,"1,300,000","500,000","0","2,100,000","-600,000","-2,400,000","100,000","-1,000,000","-1,600,000","-1,900,000","-2,000,000"
NormalizedIncome,"277,214,000","-168,632,000","131,210,000","140,386,000","174,250,000","140,579,000","132,073,000","101,052,000","-69,018,090","100,425,000","128,544,000","113,467,000","88,695,000","191,752,000","145,774,000","218,353,000","71,082,000","32,804,000","179,643,000","66,268,000","26,209,000","101,862,000","43,162,000","-9,014,040","-5,908,120","-17,222,367.365","45,078,200","59,458,000","26,280,000","69,547,000","151,082,000","-17,128,000","36,699,000","76,893,000","93,026,000","59,358,000","53,568,630","47,365,750","46,555,054.153","48,939,595.973","29,578,500","45,223,759.656","65,964,150","40,078,271.488","19,494,750","-713,950","20,865,100","15,805,237.538","-20,442,000","-119,424,991.716","-10,833,800","2,340,501.437","-28,788,871.472","15,452,419.284","43,741,050","-35,950,085.57","42,401,200","-81,975,150","68,497,600","42,804,400.437","65,361,460.01","117,116,000","66,981,400","54,167,400","50,479,000","200,008,182.609","36,372,000","158,690,157.728","69,424,000","68,023,600","95,116,201.253","91,072,690.935","43,790,000","148,518,800","23,481,430.317","63,201,834.851","55,288,875.718","136,301,800","-3,669,200","-12,808,400","11,249,200","-40,887,068.746","-32,677,200","-2,039,400","-13,469,800","-3,143,200","-62,183,200","-27,397,600","-18,502,400","-5,400,000","-36,440,000","-10,180,000","-32,940,000","-15,460,000","-10,680,000","-1,260,000","-7,680,000","4,020,000","4,460,000","3,580,000","4,940,000","-5,700,000","-820,000","-980,000","-1,300,000","-1,558,333.333",,"-309,523.81","380,000","-180,000","190,909.091","-1,400,000","-1,560,000","-680,000","-1,120,000","-1,660,000","-2,080,952.381","-2,240,000"
InterestIncome,,,,,,,,,,,,,,,,,,,,,,,,"1,116,000","1,646,000",,,,,,,,,,,,"474,000","613,000","789,000","1,174,000","886,000","1,529,000","1,224,000","1,150,000","1,302,000","1,666,000","1,550,000","1,666,000","1,635,000","1,672,000","2,374,000","2,444,000","3,728,000",,,,,,,,,,,,,,,,,,,,,,,,,,,,,,,,,,,,,,,,,,,,,,,,,,,,,,,,,,,,,,,,,
InterestExpense,"130,493,000","34,586,000","31,850,000","32,219,000","31,838,000","43,306,000","43,189,000","45,647,000","44,866,000","43,082,000","42,132,000","37,206,000","31,143,000","27,856,000","27,610,000","27,356,000","26,505,000","30,739,000","25,036,000","24,728,000","24,792,000","26,488,000","27,118,000","27,644,000","27,860,000","28,366,000","15,992,000","15,214,000","14,064,000","14,195,000","14,009,000","14,046,000","14,064,000","10,652,000","7,623,000","7,658,000","7,663,000","2,047,000","1,391,000","1,364,000","1,347,000","1,295,000","1,425,000","1,355,000","1,355,000","1,437,000","1,321,000","1,323,000","1,323,000","1,753,000","1,345,000","1,261,000","1,464,000",,,,,,,,,,,,,,,,,,,,,,,,,,,,,,,,,,,,,,,,,,,,,,,,,,,,,,,,,,,,,,,,,
NetInterestIncome,"-130,493,000","-34,586,000","-31,850,000","-32,219,000","-31,838,000","-43,306,000","-43,189,000","-45,647,000","-44,866,000","-43,082,000","-42,132,000","-37,206,000","-31,143,000","-27,856,000","-27,610,000","-27,356,000","-26,505,000","-30,739,000","-25,036,000","-24,728,000","-24,792,000","-26,488,000","-27,118,000","-26,528,000","-26,214,000","-24,017,000","-15,992,000","-15,214,000","-14,064,000","-9,843,000","-14,009,000","-14,046,000","-14,064,000","-8,044,000","-7,623,000","-7,658,000","-7,189,000","-1,434,000","-602,000","-190,000","-461,000","234,000","-201,000","-205,000","-53,000","229,000","229,000","343,000","312,000","-81,000","1,029,000","1,183,000","2,264,000",,,,,,,,,,,,,,,,,,,,,,,,,,,,,,,,,,,,,,,,,,,,,,,,,,,,,,,,,,,,,,,,,
EBIT,"386,641,000","-192,235,000","181,378,000","209,559,000","187,939,000","209,102,000","198,244,000","213,004,000","-227,673,000","180,187,000","187,081,000","200,282,000","80,524,000","265,031,000","180,945,000","339,578,000","85,331,000","85,847,000","-28,805,000","85,865,000","29,346,000","152,876,000","97,284,000","-259,638,000","37,314,000","-8,257,000","121,528,000","61,131,000","42,107,000","126,095,000","104,454,000","25,940,000","69,754,000","122,695,000","135,470,000","105,614,000","86,118,000","82,310,000","75,182,000","78,099,000","59,620,000","45,490,000","37,395,000","56,503,000","37,564,000","-18,045,000","37,523,000","21,143,000","-12,531,000","-1,056,034,000","59,426,000","65,997,000","-31,097,000","-21,781,000","-22,638,000","-393,992,000","70,012,000","-405,655,000","104,137,000","54,371,000","92,967,000","-10,898,000","109,546,000","81,221,000","73,711,000","200,075,000","21,317,000","172,551,000","100,096,000","-35,054,000","117,210,000","109,313,000","42,579,000","178,502,000","12,511,000","120,183,000","93,489,000","61,536,000","37,174,000","34,650,000","27,783,000","-411,546,000","37,724,000","84,193,000","73,206,000","-42,170,000","4,726,000","38,031,000","67,330,000","61,700,000","38,400,000","51,700,000","61,100,000","57,800,000","49,900,000","75,500,000","34,700,000","27,700,000","22,800,000","20,800,000","23,400,000","-1,400,000","1,800,000","1,500,000","1,600,000","1,000,000","0","2,400,000","3,800,000","2,200,000","2,400,000","2,300,000","2,600,000","2,100,000","2,100,000","1,800,000","1,000,000","700,000"
EBITDA,"456,602,000"
ReconciledCostOfRevenue,"839,308,000","234,543,000","232,211,000","193,099,000","179,455,000","173,263,000","169,823,000","209,956,000","323,221,000","294,575,000","296,385,000","276,389,000","260,071,000","253,722,000","237,238,000","218,224,000","201,962,000","199,727,000","166,290,000","139,033,000","145,958,000","212,468,000","179,131,000","170,397,000","193,734,000","198,071,000","205,261,000","183,276,000","191,553,000","236,690,000","226,192,000","211,100,000","209,194,000","222,574,000","248,856,000","272,822,000","255,082,000","270,277,000","261,932,000","236,690,000","223,571,000","218,412,000","188,642,000","181,472,000","172,718,000","171,112,000","148,558,000","144,329,000","136,155,000","122,849,000","107,298,000","106,721,000","123,609,000","120,020,000","346,579,000","870,598,000","861,294,000","1,015,109,000","800,382,000","784,906,000","837,219,000","683,218,000","871,454,000","834,919,000","802,122,000","888,290,000","970,002,000","906,430,000","776,896,000","796,445,000","657,108,000","673,981,000","711,130,000","958,135,000","882,801,000","839,517,000","793,218,000","795,280,000","733,124,000","703,320,000","636,273,000","428,714,000","644,299,000","655,573,000","635,202,000","650,728,000","548,526,000","496,575,000","432,842,000","179,800,000","678,100,000","267,400,000","202,600,000","457,300,000","214,500,000","196,300,000","176,300,000","180,500,000","155,500,000","148,500,000","158,600,000","16,500,000","600,000","-200,000","-100,000",,"200,000","100,000","100,000","200,000","100,000","200,000","400,000","300,000","300,000","400,000","300,000","300,000"
ReconciledDepreciation,"69,961,000","23,818,000","25,170,000","10,303,000","10,670,000","11,250,000","11,680,000","-51,034,000","76,900,000","52,266,000","46,276,000","40,729,000","41,723,000","66,479,000","39,077,000","38,993,000","39,210,000","38,767,000","21,629,000","26,963,000","29,049,000","34,719,000","32,218,000","54,550,000","29,615,000","116,160,000","27,963,000","29,911,000","28,123,000","33,038,000","30,584,000","28,663,000","26,797,000","28,964,000","26,521,000","35,173,000","28,094,000","32,704,000","18,362,000","18,030,000","19,156,000","26,208,000","22,022,000","14,650,000","15,896,000","30,338,000","17,674,000","22,113,000","21,244,000","147,613,000","25,539,000","24,923,000","24,229,000","26,881,000","-180,607,000","188,640,000","80,055,000","114,094,000","84,691,000","92,909,000","71,117,000","93,137,000","69,612,000","119,099,000","124,052,000","136,579,000","24,232,000","195,590,000","187,213,000","237,188,000","203,724,000","201,106,000","215,460,000","168,498,000","247,949,000","139,388,000","129,907,000","60,039,000","138,722,000","98,330,000","83,436,000","-535,799,000","292,647,000","370,825,000","349,932,000","482,745,000","307,060,000","312,597,000","282,485,000","692,400,000","-180,200,000","192,200,000","237,600,000","244,900,000","190,300,000","206,600,000","125,500,000","30,400,000","26,200,000","21,500,000","21,000,000","9,500,000","2,800,000","3,700,000","3,700,000","3,700,000","3,600,000","3,700,000","3,700,000","3,700,000","3,800,000","3,700,000","3,700,000","3,800,000","4,000,000","3,700,000","4,600,000","5,500,000"
NetIncomeFromContinuingOperationNetMinorityInterest,"277,214,000","-168,632,000","131,210,000","140,386,000","174,250,000","140,579,000","132,073,000","101,052,000","-211,040,000","100,425,000","128,544,000","113,467,000","88,695,000","191,752,000","145,774,000","218,353,000","71,082,000","32,804,000","179,643,000","66,268,000","26,209,000","101,862,000","43,162,000","-194,775,000","8,282,000","-31,877,000","65,594,000","59,458,000","26,280,000","69,547,000","151,082,000","-17,128,000","36,699,000","76,893,000","93,026,000","59,358,000","54,581,000","43,209,000","46,341,000","47,973,000","30,794,000","44,400,000","68,895,000","44,912,000","20,018,000","-24,008,000","21,246,000","15,620,000","-17,244,000","-1,005,507,000","24,196,000","43,009,000","-29,624,000","225,190,000","-886,000","-443,661,000","50,235,000","-389,899,000","74,959,000","47,383,000","65,857,000","-1,192,000","69,106,000","59,088,000","47,920,000","125,279,000","36,372,000","479,243,000","69,424,000","-41,117,000","91,524,000","91,564,000","43,790,000","148,559,000","22,328,000","57,929,000","-106,796,000","148,117,000","-33,365,000","-111,344,000","3,970,000","-118,695,000","-40,443,000","-10,278,000","-17,383,000","-20,890,000","-20,239,000","-28,555,000","-18,872,000","-17,700,000","-7,700,000","-9,700,000","7,500,000","50,900,000","-4,800,000","-3,000,000","33,900,000","3,300,000","3,500,000","2,500,000","3,800,000","-5,100,000","-400,000","-500,000","-600,000","-3,300,000",,"1,300,000","500,000","0","2,100,000","-600,000","-2,400,000","100,000","-1,000,000","-1,600,000","-1,900,000","-2,000,000"
TotalUnusualItemsExcludingGoodwill,,,,,,,,,"-211,973,000","-3,318,000",,,,,,,,"0","0","0",,"0","0","-281,456,000","16,893,000","-17,083,000","33,090,000",,,,,,,,,,"1,511,000","-6,395,000","-342,000","-1,542,000","1,870,000","-871,000","4,509,000","5,842,000","805,000","-35,837,000","586,000","-247,000","4,920,000","-932,123,000","53,892,000","61,811,000","-910,000","272,388,000","-68,657,000","-453,073,000","12,052,000","-473,729,000","10,769,000","6,901,000","800,000","-197,180,000","3,541,000","8,201,000","-4,265,000","-122,851,000",,"523,487,000",,"-181,901,000","-5,222,000","801,000",,"67,000","-1,648,000","-8,429,000","-245,372,000","19,692,000","-49,493,000","-164,226,000","-12,132,000","-99,812,000","-12,943,000","-13,731,000","-6,522,000","-29,578,000","69,907,000","-1,929,000","-616,000","-20,500,000","47,900,000","800,000","67,400,000","110,600,000","9,800,000","-2,900,000","69,300,000","-1,200,000","-1,600,000","-1,800,000","-1,900,000","1,000,000","700,000","800,000","700,000","-1,900,000",,"2,600,000","200,000","300,000","2,000,000","800,000","-1,400,000","1,300,000","200,000","100,000","200,000","400,000"
TotalUnusualItems,,,,,,,,,"-211,973,000","-3,318,000",,,,,,,,"0","0","0",,"0","0","-281,456,000","16,893,000","-17,083,000","33,090,000",,,,,,,,,,"1,511,000","-6,395,000","-342,000","-1,542,000","1,870,000","-871,000","4,509,000","5,842,000","805,000","-35,837,000","586,000","-247,000","4,920,000","-932,123,000","53,892,000","61,811,000","-910,000","272,388,000","-68,657,000","-453,073,000","12,052,000","-473,729,000","10,769,000","6,901,000","800,000","-197,180,000","3,541,000","8,201,000","-4,265,000","-122,851,000",,"523,487,000",,"-181,901,000","-5,222,000","801,000",,"67,000","-1,648,000","-8,429,000","-245,372,000","19,692,000","-49,493,000","-164,226,000","-12,132,000","-99,812,000","-12,943,000","-13,731,000","-6,522,000","-29,578,000","69,907,000","-1,929,000","-616,000","-20,500,000","47,900,000","800,000","67,400,000","110,600,000","9,800,000","-2,900,000","69,300,000","-1,200,000","-1,600,000","-1,800,000","-1,900,000","1,000,000","700,000","800,000","700,000","-1,900,000",,"2,600,000","200,000","300,000","2,000,000","800,000","-1,400,000","1,300,000","200,000","100,000","200,000","400,000"
NormalizedEBITDA,"456,602,000","-168,417,000","206,548,000","219,862,000","198,609,000","220,352,000","209,924,000","223,073,000","61,200,000","232,453,000","233,357,000","241,011,000","122,247,000","331,510,000","220,022,000","378,571,000","124,541,000","124,614,000","-7,176,000","112,828,000","58,395,000","187,595,000","129,502,000","76,368,000","50,036,000","124,986,000","116,401,000","91,042,000","70,230,000","159,133,000","135,038,000","54,603,000","96,551,000","151,659,000","161,991,000","140,787,000","112,701,000","121,409,000","93,886,000","97,671,000","76,906,000","72,569,000","54,908,000","65,311,000","52,655,000","48,130,000","54,611,000","43,503,000","3,793,000","23,702,000","31,073,000","29,109,000","-5,958,000","-267,288,000","77,781,000","248,528,000","138,015,000","182,168,000","178,059,000","140,462,000","163,284,000","279,419,000","193,494,000","192,119,000","202,028,000","459,505,000","211,401,000","-154,339,000","287,309,000","384,035,000","326,156,000","309,618,000","258,039,000","346,933,000","262,108,000","268,000,000","468,768,000","153,889,000","225,389,000","297,206,000","123,351,000","-283,194,000","343,314,000","468,749,000","429,660,000","470,153,000","241,879,000","352,557,000","350,431,000","774,600,000","80,800,000","243,100,000","231,300,000","192,100,000","230,400,000","285,000,000","90,900,000","59,300,000","50,600,000","44,100,000","46,300,000","7,100,000","4,400,000","4,400,000","4,600,000","6,600,000","3,600,000","3,500,000","7,300,000","5,600,000","4,200,000","5,200,000","7,800,000","4,600,000","5,900,000","5,400,000","5,400,000","5,800,000"
TaxRateForCalcs,"0.27","0.256","0.12","0.21","0.27","0.155","0.15","0.21","0.33","0.094","0.27","0.1","0.27","0.083","0.27","0.1","0.27","0.4","0.4","0.4","0.4","0.099","0.25","0.34","0.16","0.142","0.38","0.4","0.22","0.392","0.35","0.35","0.38","0.296","0.28","0.4","0.33","0.35","0.374","0.373","0.35","0.054","0.35","0.173","0.35","0.35","0.35","0.25","0.35","0.049","0.35","0.342","0.082","0.23","0.35","0.1","0.35","0.35","0.4","0.337","0.381","0.4","0.4","0.4","0.4","0.392","0.171","0.388","0.4","0.4","0.312","0.387","0.393","0.4","0.3","0.374","0.339","0.4","0.4","0.4","0.4","0.22","0.4","0.4","0.4","0.4","0.4","0.4","0.4","0.4","0.4","0.4","0.4","0.4","0.4","0.4","0.4","0.4","0.4","0.4","0.4","0.4","0.4","0.4","0","0.083",,"0.381","0.4","0.4","0.045","0","0.4","0.4","0.4","0.4","0.095","0.4"
TaxEffectOfUnusualItems,"0","0","0","0","0","0","0","0","-69,951,090","0","0","0","0","0","0","0","0","0","0","0","0","0","0","-95,695,040","2,702,880","-2,428,367.365","12,574,200","0","0","0","0","0","0","0","0","0","498,630","-2,238,250","-127,945.847","-575,404.027","654,500","-47,240.344","1,578,150","1,008,271.488","281,750","-12,542,950","205,100","-61,762.462","1,722,000","-46,040,991.716","18,862,200","21,142,501.437","-74,871.472","62,650,419.284","-24,029,950","-45,362,085.57","4,218,200","-165,805,150","4,307,600","2,322,400.437","304,460.01","-78,872,000","1,416,400","3,280,400","-1,706,000","-48,121,817.391","0","202,934,157.728","0","-72,760,400","-1,629,798.747","309,690.935","0","26,800","-494,569.683","-3,156,165.149","-83,287,124.282","7,876,800","-19,797,200","-65,690,400","-4,852,800","-22,004,068.746","-5,177,200","-5,492,400","-2,608,800","-11,831,200","27,962,800","-771,600","-246,400","-8,200,000","19,160,000","320,000","26,960,000","44,240,000","3,920,000","-1,160,000","27,720,000","-480,000","-640,000","-720,000","-760,000","400,000","280,000","320,000","0","-158,333.333",,"990,476.19","80,000","120,000","90,909.091","0","-560,000","520,000","80,000","40,000","19,047.619","160,000"