name,ttm,12/31/2021,09/30/2021,06/30/2021,03/31/2021,12/31/2020,09/30/2020,06/30/2020,03/31/2020,12/31/2019,09/30/2019,06/30/2019,03/31/2019,12/31/2018,09/30/2018,06/30/2018,03/31/2018,12/31/2017,09/30/2017,06/30/2017,03/31/2017,12/31/2016,09/30/2016,06/30/2016,03/31/2016,12/31/2015,09/30/2015,06/30/2015,03/31/2015,12/31/2014,09/30/2014,06/30/2014,03/31/2014,12/31/2013,09/30/2013,06/30/2013,03/31/2013,12/31/2012,09/30/2012,06/30/2012,03/31/2012,12/31/2011,09/30/2011,06/30/2011,03/31/2011,12/31/2010,09/30/2010,06/30/2010,03/31/2010,12/31/2009,09/30/2009,06/30/2009,03/31/2009
TotalRevenue,"647,986,000","487,437,000","153,081,000","4,368,000","3,100,000","9,579,000","6,518,000","16,929,000","1,246,882,000","1,480,618,000","1,913,851,000","1,664,277,000","1,403,630,000","1,381,193,000","1,858,356,000","1,522,174,000","1,293,403,000","1,249,553,000","1,651,738,000","1,344,103,000","1,150,781,000","1,125,137,000","1,484,736,000","1,186,835,000","1,077,632,000","1,036,523,000","1,284,910,000","1,085,433,000","938,182,000","788,909,000","907,017,000","765,927,000","664,028,000","600,345,000","797,885,000","644,433,000","527,631,000","503,171,000","674,411,000","583,234,000","515,430,000","488,594,000","666,634,000","568,586,000","495,510,000","483,606,000","634,105,000","477,915,000","416,502,000","401,656,000","550,676,000","478,417,000","424,455,000"
	OperatingRevenue,"647,986,000","487,437,000","153,081,000","4,368,000","3,100,000","9,579,000","6,518,000","16,929,000","1,246,882,000","1,480,618,000","1,913,851,000","1,664,277,000","1,403,630,000","1,381,193,000","1,858,356,000","1,522,174,000","1,293,403,000","1,249,553,000","1,651,738,000","1,344,103,000","1,150,781,000","1,125,137,000","1,484,736,000","1,186,835,000","1,077,632,000","1,036,523,000","1,284,910,000","1,085,433,000","938,182,000","788,909,000","907,017,000","765,927,000","664,028,000","600,345,000","797,885,000","644,433,000","527,631,000","503,171,000","674,411,000","583,234,000","515,430,000","488,594,000","666,634,000","568,586,000","495,510,000","483,606,000","634,105,000","477,915,000","416,502,000","401,656,000","550,676,000","478,417,000","424,455,000"
CostOfRevenue,"1,608,037,000","717,699,000","439,756,000","249,727,000","200,855,000","206,992,000","190,157,000","301,652,000","994,260,000","887,422,000","990,764,000","958,424,000","826,651,000","817,258,000","928,944,000","862,783,000","768,091,000","753,439,000","838,165,000","752,242,000","719,798,000","695,110,000","784,734,000","705,900,000","664,481,000","657,748,000","717,722,000","656,279,000","623,700,000","518,620,000","511,298,000","470,796,000","445,910,000","417,789,000","456,102,000","421,079,000","362,689,000","344,594,000","394,071,000","387,741,000","352,027,000","343,530,000","397,200,000","382,907,000","344,239,000","356,506,000","375,234,000","321,394,000","294,164,000","301,765,000","344,831,000","332,608,000","310,250,000"
GrossProfit,"-960,051,000","-230,262,000","-286,675,000","-245,359,000","-197,755,000","-197,413,000","-183,639,000","-284,723,000","252,622,000","593,196,000","923,087,000","705,853,000","576,979,000","563,935,000","929,412,000","659,391,000","525,312,000","496,114,000","813,573,000","591,861,000","430,983,000","430,027,000","700,002,000","480,935,000","413,151,000","378,775,000","567,188,000","429,154,000","314,482,000","270,289,000","395,719,000","295,131,000","218,118,000","182,556,000","341,783,000","223,354,000","164,942,000","158,577,000","280,340,000","195,493,000","163,403,000","145,064,000","269,434,000","185,679,000","151,271,000","127,100,000","258,871,000","156,521,000","122,338,000","99,891,000","205,845,000","145,809,000","114,205,000"
OperatingExpense,"1,592,297,000","456,610,000","402,431,000","359,745,000","373,511,000","349,467,000","334,144,000","310,688,000","468,886,000","393,820,000","411,363,000","397,172,000","418,683,000","354,355,000","379,136,000","367,239,000","358,259,000","318,920,000","336,753,000","316,790,000","311,249,000","276,477,000","286,388,000","253,917,000","281,869,000","260,853,000","260,356,000","211,771,000","254,133,000","223,847,000","160,897,000","146,543,000","145,029,000","121,126,000","133,703,000","127,965,000","133,954,000","109,072,000","106,202,000","108,487,000","116,959,000","102,675,000","106,725,000","109,477,000","116,459,000","110,555,000","121,296,000","100,682,000","102,056,000","100,886,000","92,414,000","99,789,000","101,287,000"
	SellingGeneralAndAdministration,"891,452,000","273,632,000","229,142,000","185,483,000","203,195,000","186,564,000","156,656,000","131,436,000","270,689,000","229,859,000","255,148,000","240,901,000","248,942,000","208,943,000","235,436,000","226,535,000","227,015,000","185,841,000","202,221,000","193,649,000","192,044,000","161,462,000","174,813,000","149,307,000","180,574,000","143,120,000","150,558,000","107,164,000","154,157,000","139,585,000","97,111,000","83,084,000","83,389,000","64,232,000","77,606,000","74,111,000","85,206,000","60,435,000","57,779,000","61,807,000","71,162,000","57,974,000","60,208,000","62,967,000","70,202,000","63,658,000","74,755,000","61,786,000","64,199,000","62,517,000","54,202,000","61,654,000","63,303,000"
		SellingAndMarketingExpense,,,,,,,,,,"229,859,000","255,148,000","240,901,000","248,942,000","208,943,000","235,436,000","226,535,000","227,015,000","185,841,000","202,221,000","193,649,000","192,044,000","161,462,000","174,813,000","149,307,000","180,574,000","143,120,000","150,558,000","107,164,000","154,157,000","139,585,000","97,111,000","83,084,000","83,389,000","64,232,000","77,606,000","74,111,000","85,206,000","60,435,000","57,779,000",,,,,,,,,,,,,,
	DepreciationAmortizationDepletionIncomeStatement,"700,845,000","182,978,000","173,289,000","174,262,000","170,316,000","162,903,000","177,488,000","179,252,000","198,197,000","163,961,000","156,215,000","156,271,000","169,741,000","145,412,000","143,700,000","140,704,000","131,244,000","133,079,000","134,532,000","123,141,000","119,205,000","115,015,000","111,575,000","104,610,000","101,295,000","117,733,000","109,798,000","104,607,000","99,976,000","84,262,000","63,786,000","63,459,000","61,640,000","56,894,000","56,097,000","53,854,000","48,748,000","48,637,000","48,423,000","46,680,000","45,797,000","44,701,000","46,517,000","46,510,000","46,257,000","46,897,000","46,541,000","38,896,000","37,857,000","38,369,000","38,212,000","38,135,000","37,984,000"
		DepreciationAndAmortizationInIncomeStatement,"700,845,000","182,978,000","173,289,000","174,262,000","170,316,000","162,903,000","177,488,000","179,252,000","198,197,000","163,961,000","156,215,000","156,271,000","169,741,000","145,412,000","143,700,000","140,704,000","131,244,000","133,079,000","134,532,000","123,141,000","119,205,000","115,015,000","111,575,000","104,610,000","101,295,000","117,733,000","109,798,000","104,607,000","99,976,000","84,262,000","63,786,000","63,459,000","61,640,000","56,894,000","56,097,000","53,854,000","48,748,000","48,637,000","48,423,000","46,680,000","45,797,000","44,701,000","46,517,000","46,510,000","46,257,000","46,897,000","46,541,000","38,896,000","37,857,000","38,369,000","38,212,000","38,135,000","37,984,000"
OperatingIncome,"-2,552,348,000","-686,872,000","-689,106,000","-605,104,000","-571,266,000","-546,880,000","-517,783,000","-595,411,000","-216,264,000","199,376,000","511,724,000","308,681,000","158,296,000","209,580,000","550,276,000","292,152,000","167,053,000","177,194,000","476,820,000","275,071,000","119,734,000","153,550,000","413,614,000","227,018,000","131,282,000","117,922,000","306,832,000","217,383,000","60,349,000","46,442,000","234,822,000","148,588,000","73,089,000","61,430,000","208,080,000","95,389,000","30,988,000","49,505,000","174,138,000","87,006,000","46,444,000","42,389,000","162,709,000","76,202,000","34,812,000","16,545,000","137,575,000","55,839,000","20,282,000","-995,000","113,431,000","46,020,000","12,918,000"
NetNonOperatingInterestIncomeExpense,"-2,072,925,000","-950,020,000","-161,205,000","-137,259,000","-824,441,000","-131,405,000","-139,664,000","-114,537,000","-68,907,000","-73,207,000","-60,188,000","-65,969,000","-73,503,000","-68,178,000","-69,540,000","-72,988,000","-59,698,000","-84,309,000","-66,339,000","-64,196,000","-52,960,000","-88,023,000","-60,662,000","-68,420,000","-59,754,000","-68,690,000","-49,784,000","-52,446,000","-50,989,000","-56,438,000","-32,284,000","-31,860,000","-31,172,000","-24,633,000","-26,627,000","-103,686,000","-127,656,000","-47,659,000","-47,196,000","-48,905,000","-46,170,000","-45,748,000","-49,888,000","-46,682,000","-47,869,000","-54,653,000","-46,198,000","-37,010,000","-35,811,000","-37,421,000","-25,681,000","-26,348,000","-25,064,000"
	InterestIncomeNonOperating,,,,,,,,,,,,,,,,,,,,,,,,,,,,,,,,,,,,,,,,,,"5,000","9,000","14,000","10,000","20,000","15,000","37,000","28,000","69,000","132,000","287,000","348,000"
	InterestExpenseNonOperating,"2,072,925,000","950,020,000","161,205,000","137,259,000","824,441,000","89,205,000","139,664,000","114,537,000","68,907,000","73,207,000","60,188,000","65,969,000","73,503,000","68,178,000","69,540,000","72,988,000","59,698,000","84,309,000","66,339,000","64,196,000","52,960,000","88,023,000","60,662,000","68,420,000","59,754,000","68,690,000","49,784,000","52,446,000","50,989,000","56,438,000","32,284,000","31,860,000","31,172,000","24,633,000","26,627,000","103,686,000","127,656,000","47,659,000","47,196,000",,,"45,753,000","49,897,000","46,696,000","47,879,000","54,673,000","46,213,000","37,047,000","35,839,000","37,490,000","25,813,000","26,635,000","25,412,000"
	TotalOtherFinanceCost,,,,,,,,,,"73,207,000","60,188,000","65,969,000","73,503,000","68,178,000","69,540,000","72,988,000","59,698,000","84,309,000","66,339,000","64,196,000","52,960,000","88,023,000","60,662,000","68,420,000","59,754,000","68,690,000","49,784,000","52,446,000","50,989,000","56,438,000","32,284,000","31,860,000","31,172,000","24,633,000","26,627,000","103,686,000","127,656,000","47,659,000","47,196,000","48,905,000","46,170,000",,,,,,,,,,,,
OtherIncomeExpense,"123,953,000","66,489,000","4,720,000","25,501,000","27,243,000","-29,124,000","-23,680,000","-14,418,000","-1,601,974,000","-7,278,000","10,251,000","3,616,000","-434,000","9,299,000","98,000","12,922,000","-1,666,000","1,285,000","-3,262,000","-5,609,000","-2,815,000","4,979,000","-5,333,000","-10,753,000","2,805,000","-11,079,000","-1,733,000","-3,717,000","-30,139,000","-14,158,000","3,242,000","-325,000","388,000","235,000","-626,000","429,000","-832,000","-793,000","1,246,000","-2,070,000","3,010,000","1,469,000","-2,623,000","-344,000","2,432,000","-1,204,000","1,624,000","-33,769,000","-603,000","-584,000","-2,125,000","-4,253,000","17,335,000"
	SpecialIncomeCharges,"0","0","0","0","0","-27,800,000","0","0","-1,607,797,000",,,,,,,,,,,,,,,,,,,,,,,,,,,,,,,"-2,070,000","3,010,000",,"-2,623,000","-344,000","2,432,000","-1,204,000","1,624,000","-33,769,000","-603,000","-584,000","-2,125,000","-4,253,000","17,335,000"
		ImpairmentOfCapitalAssets,"0","0","0","0","0","0","0","0","1,607,797,000",,,,,,,,,,,,,,,,,,,,,,,,,,,,,,,,,,,,,,,,,,,,
	OtherNonOperatingIncomeExpenses,"123,953,000","66,489,000","4,720,000","25,501,000","27,243,000","-1,324,000","-23,680,000","-14,418,000","5,823,000","-7,278,000","10,251,000","3,616,000","-434,000","9,299,000","98,000","12,922,000","-1,666,000","1,285,000","-3,262,000","-5,609,000","-2,815,000","4,979,000","-5,333,000","-10,753,000","2,805,000","-11,079,000","-1,733,000","-3,717,000","-30,139,000","-14,158,000","3,242,000","-325,000","388,000","235,000","-626,000","429,000","-832,000","-793,000","1,246,000",,,,,,,,,,,,,,
PretaxIncome,"-4,501,320,000","-1,570,403,000","-845,591,000","-716,862,000","-1,368,464,000","-707,409,000","-681,127,000","-724,366,000","-1,887,145,000","118,891,000","461,787,000","246,328,000","84,359,000","150,701,000","480,834,000","232,086,000","105,689,000","94,170,000","407,219,000","205,266,000","63,959,000","70,506,000","347,619,000","147,845,000","74,333,000","38,153,000","255,315,000","161,220,000","-20,779,000","-24,154,000","205,780,000","116,403,000","42,305,000","37,032,000","180,827,000","-7,868,000","-97,500,000","1,053,000","128,188,000",,,,,,,,,,,,,,
TaxProvision,"5,267,000","2,318,000","294,000","927,000","1,728,000","31,524,000","-3,761,000","-9,123,000","-6,173,000","-2,406,000","11,203,000","6,138,000","-33,798,000","-3,933,000","10,456,000","5,410,000","2,534,000","-4,627,000","6,527,000","6,793,000","2,049,000","-1,726,000","5,241,000","2,599,000","1,104,000","-159,000","3,528,000","2,726,000","677,000","1,494,000","2,502,000","3,124,000","-9,387,000","625,000","7,933,000","1,047,000",,,,,,,,,,,,,,,,,
NetIncomeCommonStockholders,"-4,506,587,000","-1,572,721,000","-845,885,000","-717,789,000","-1,370,192,000","-738,933,000","-677,366,000","-715,243,000","-1,880,972,000","121,297,000","450,584,000","240,190,000","118,157,000","154,634,000","470,378,000","226,676,000","103,155,000","98,797,000","400,692,000","198,473,000","61,910,000","72,232,000","342,378,000","145,246,000","73,229,000","38,312,000","251,787,000","158,494,000","-21,456,000","-25,609,000","201,078,000","111,616,000","51,267,000","36,092,000","170,858,000","-8,841,000","-96,395,000","3,048,000","128,188,000","36,031,000","3,284,000","-3,172,000","110,198,000","29,176,000","-10,625,000","-39,312,000","93,001,000","-14,940,000","-16,132,000","-39,000,000","85,625,000","15,419,000","5,189,000"
	NetIncome,"-4,506,587,000","-1,572,721,000","-845,885,000","-717,789,000","-1,370,192,000","-738,933,000","-677,366,000","-715,243,000","-1,880,972,000","121,297,000","450,584,000","240,190,000","118,157,000","154,634,000","470,378,000","226,676,000","103,155,000","98,797,000","400,692,000","198,473,000","61,910,000","72,232,000","342,378,000","145,246,000","73,229,000","38,312,000","251,787,000","158,494,000","-21,456,000","-25,609,000","201,078,000","111,616,000","51,267,000","36,092,000","170,858,000","-8,841,000","-96,395,000","3,048,000","128,188,000","36,031,000","3,284,000","-3,172,000","110,198,000","29,176,000","-10,625,000","-39,312,000","93,001,000","-14,940,000","-16,132,000","-39,000,000","85,625,000","15,419,000","5,189,000"
		NetIncomeIncludingNoncontrollingInterests,"-4,506,587,000","-1,572,721,000","-845,885,000","-717,789,000","-1,370,192,000","-738,933,000","-677,366,000","-715,243,000","-1,880,972,000","121,297,000","450,584,000","240,190,000","118,157,000","154,634,000","470,378,000","226,676,000","103,155,000","98,797,000","400,692,000","198,473,000","61,910,000","72,232,000","342,378,000","145,246,000","73,229,000","38,312,000","251,787,000","158,494,000","-21,456,000","-25,648,000","203,278,000","113,279,000","51,692,000","36,407,000","172,894,000","-8,915,000","-97,500,000","1,053,000","128,188,000","36,031,000","3,284,000","-1,890,000","110,198,000","29,176,000","-10,625,000","-39,312,000","93,001,000","-14,940,000","-16,132,000","-39,000,000","85,625,000","15,419,000","5,189,000"
			NetIncomeContinuousOperations,"-4,506,587,000","-1,572,721,000","-845,885,000","-717,789,000","-1,370,192,000","-738,933,000","-677,366,000","-715,243,000","-1,880,972,000","121,297,000","450,584,000","240,190,000","118,157,000","154,634,000","470,378,000","226,676,000","103,155,000","98,797,000","400,692,000","198,473,000","61,910,000","72,232,000","342,378,000","145,246,000","73,229,000","38,312,000","251,787,000","158,494,000","-21,456,000","-25,648,000","203,278,000","113,279,000","51,692,000","36,407,000","172,894,000","-8,915,000","-97,500,000","1,053,000","128,188,000","36,031,000","3,284,000","-1,890,000","110,198,000","29,176,000","-10,625,000","-39,312,000","93,001,000","-14,940,000","-16,132,000","-39,000,000","85,625,000","15,419,000","5,189,000"
		MinorityInterests,,,,,,,,,,,,,,,,,,,,,,,,,,"0","0","0","0","39,000","-2,200,000","-1,663,000","-425,000","-315,000","-2,036,000","74,000","1,105,000",,,,,,,,,,,,,,,,
DilutedNIAvailtoComStockholders,"-4,506,587,000","-1,572,721,000","-845,885,000","-717,789,000","-1,370,192,000","-738,933,000","-677,366,000","-715,243,000","-1,880,972,000","121,297,000","450,584,000","240,190,000","118,157,000","154,634,000","470,378,000","226,676,000","103,155,000","98,797,000","400,692,000","198,473,000","61,910,000","72,232,000","342,378,000","145,246,000","73,229,000","38,312,000","251,787,000","158,494,000","-21,456,000","-25,609,000","201,078,000","111,616,000","51,267,000","36,092,000","170,858,000","-8,841,000","-96,395,000","1,053,000","128,188,000","36,031,000","3,284,000","-1,890,000","110,198,000","29,176,000","-10,625,000","-39,312,000","93,001,000","-14,940,000","-16,132,000","-39,000,000","85,625,000","15,419,000","5,189,000"
BasicEPS,,"-4.01","-2.29","-1.94","-4.16","-2.51","-2.5","-2.99","-8.8","0.57","2.1","1.11","0.54","0.7","2.12","1.02","0.45","0.43","1.76","0.87","0.27","0.32","1.51","0.64","0.32","0.17","1.11","0.7","-0.1","-0.12","0.99","0.54","0.25","0.18","0.84","-0.04","-0.49","0.005","0.639","0.18","0.016",,"0.55","0.146","-0.053",,"0.464","-0.075","-0.08",,"0.427","0.077","0.026"
DilutedEPS,,"-4.01","-2.29","-1.94","-4.16","-2.51","-2.5","-2.99","-8.8","0.56","2.09","1.11","0.54","0.7","2.11","1.01","0.45","0.43","1.74","0.87","0.27","0.32","1.5","0.64","0.32","0.17","1.09","0.69","-0.1","-0.12","0.97","0.54","0.24","0.17","0.82","-0.04","-0.49","0.005","0.63","0.177","0.016",,"0.542","0.143","-0.053",,"0.457","-0.075","-0.08",,"0.421","0.076","0.026"
BasicAverageShares,,"391,737,562","370,016,479","369,933,159","329,377,207","293,892,873","271,435,350","239,342,745","213,630,798","212,899,925","214,207,716","215,426,441","217,241,473","219,941,120","221,511,630","223,308,350","227,343,577","228,482,697","228,267,307","227,931,135","227,468,526","227,179,400","227,096,142","226,972,076","227,239,533","228,922,432","227,384,616","225,698,078","224,301,117","212,698,622","203,220,218","204,965,718","205,163,256","205,112,064","204,425,308","203,997,492","198,350,433","200,468,080","200,468,080","200,468,080","200,468,080",,"200,468,080","200,468,080","200,468,080",,"200,468,080","200,468,080","200,468,080",,"200,468,080","200,468,080","200,468,080"
DilutedAverageShares,,"391,737,562","370,016,479","369,933,159","329,377,207","293,892,873","271,435,350","239,342,745","213,630,798","214,772,450","215,499,462","216,810,766","218,873,272","221,443,295","222,752,738","224,390,879","229,187,628","230,196,680","229,816,956","229,090,085","228,555,952","227,821,878","227,598,607","227,884,704","228,112,035","230,153,510","230,274,756","230,228,144","224,301,117","212,698,622","208,507,181","210,472,991","211,013,814","210,914,163","210,703,244","203,997,492","198,350,433","200,468,080","203,325,892","203,325,892","203,325,892",,"203,325,892","203,325,892","203,325,892",,"203,325,892","203,325,892","203,325,892",,"203,325,892","203,325,892","203,325,892"
TotalOperatingIncomeAsReported,"-2,552,348,000","-686,872,000","-689,106,000","-605,104,000","-571,266,000","-546,880,000","-517,783,000","-595,411,000","-1,824,061,000","199,376,000","511,724,000","308,681,000","158,296,000","209,580,000","550,276,000","292,152,000","167,053,000","177,194,000","476,820,000","275,071,000","119,734,000","153,550,000","413,614,000","227,018,000","131,282,000","117,922,000","306,832,000","217,383,000","60,349,000","46,442,000","234,822,000","148,588,000","73,089,000","61,430,000","208,080,000","95,389,000","30,988,000","49,505,000","174,138,000","87,006,000","46,444,000","42,389,000","162,709,000","76,202,000","34,812,000","16,545,000","137,575,000","55,839,000","20,282,000","-995,000","113,431,000","46,020,000","12,918,000"
TotalExpenses,"3,200,334,000","1,174,309,000","842,187,000","609,472,000","574,366,000","556,459,000","524,301,000","612,340,000","1,463,146,000","1,281,242,000","1,402,127,000","1,355,596,000","1,245,334,000","1,171,613,000","1,308,080,000","1,230,022,000","1,126,350,000","1,072,359,000","1,174,918,000","1,069,032,000","1,031,047,000","971,587,000","1,071,122,000","959,817,000","946,350,000","918,601,000","978,078,000","868,050,000","877,833,000","742,467,000","672,195,000","617,339,000","590,939,000","538,915,000","589,805,000","549,044,000","496,643,000","453,666,000","500,273,000","496,228,000","468,986,000","446,205,000","503,925,000","492,384,000","460,698,000","467,061,000","496,530,000","422,076,000","396,220,000","402,651,000","437,245,000","432,397,000","411,537,000"
NetIncomeFromContinuingAndDiscontinuedOperation,"-4,506,587,000","-1,572,721,000","-845,885,000","-717,789,000","-1,370,192,000","-738,933,000","-677,366,000","-715,243,000","-1,880,972,000","121,297,000","450,584,000","240,190,000","118,157,000","154,634,000","470,378,000","226,676,000","103,155,000","98,797,000","400,692,000","198,473,000","61,910,000","72,232,000","342,378,000","145,246,000","73,229,000","38,312,000","251,787,000","158,494,000","-21,456,000","-25,609,000","201,078,000","111,616,000","51,267,000","36,092,000","170,858,000","-8,841,000","-96,395,000","3,048,000","128,188,000","36,031,000","3,284,000","-3,172,000","110,198,000","29,176,000","-10,625,000","-39,312,000","93,001,000","-14,940,000","-16,132,000","-39,000,000","85,625,000","15,419,000","5,189,000"
NormalizedIncome,"-4,506,587,000","-1,572,721,000","-845,885,000","-717,789,000","-1,370,192,000","-718,639,000","-677,366,000","-715,243,000","-278,434,230.68","121,297,000","450,584,000","240,190,000","118,157,000","154,634,000","470,378,000","226,676,000","103,155,000","98,797,000","400,692,000","198,473,000","61,910,000","72,232,000","342,378,000","145,246,000","73,229,000","38,312,000","251,787,000","158,494,000","-21,456,000","-25,609,000","201,078,000","111,616,000","51,267,000","36,092,000","170,858,000","-8,841,000","-96,395,000","3,048,000","128,188,000","37,376,500","1,327,500","-3,172,000","111,902,950","29,399,600","-12,205,800","-38,529,400","91,945,400","7,009,850","-15,740,050","-38,620,400","87,006,250","18,183,450","-6,078,750"
InterestIncome,,,,,,,,,,,,,,,,,,,,,,,,,,,,,,,,,,,,,,,,,,"5,000","9,000","14,000","10,000","20,000","15,000","37,000","28,000","69,000","132,000","287,000","348,000"
InterestExpense,"2,072,925,000","950,020,000","161,205,000","137,259,000","824,441,000","89,205,000","139,664,000","114,537,000","68,907,000","73,207,000","60,188,000","65,969,000","73,503,000","68,178,000","69,540,000","72,988,000","59,698,000","84,309,000","66,339,000","64,196,000","52,960,000","88,023,000","60,662,000","68,420,000","59,754,000","68,690,000","49,784,000","52,446,000","50,989,000","56,438,000","32,284,000","31,860,000","31,172,000","24,633,000","26,627,000","103,686,000","127,656,000","47,659,000","47,196,000",,,"45,753,000","49,897,000","46,696,000","47,879,000","54,673,000","46,213,000","37,047,000","35,839,000","37,490,000","25,813,000","26,635,000","25,412,000"
NetInterestIncome,"-2,072,925,000","-950,020,000","-161,205,000","-137,259,000","-824,441,000","-131,405,000","-139,664,000","-114,537,000","-68,907,000","-73,207,000","-60,188,000","-65,969,000","-73,503,000","-68,178,000","-69,540,000","-72,988,000","-59,698,000","-84,309,000","-66,339,000","-64,196,000","-52,960,000","-88,023,000","-60,662,000","-68,420,000","-59,754,000","-68,690,000","-49,784,000","-52,446,000","-50,989,000","-56,438,000","-32,284,000","-31,860,000","-31,172,000","-24,633,000","-26,627,000","-103,686,000","-127,656,000","-47,659,000","-47,196,000","-48,905,000","-46,170,000","-45,748,000","-49,888,000","-46,682,000","-47,869,000","-54,653,000","-46,198,000","-37,010,000","-35,811,000","-37,421,000","-25,681,000","-26,348,000","-25,064,000"
EBIT,"-2,428,395,000","-620,383,000","-684,386,000","-579,603,000","-544,023,000","-618,204,000","-541,463,000","-609,829,000","-1,818,238,000","192,098,000","521,975,000","312,297,000","157,862,000","218,879,000","550,374,000","305,074,000","165,387,000","178,479,000","473,558,000","269,462,000","116,919,000","158,529,000","408,281,000","216,265,000","134,087,000","106,843,000","305,099,000","213,666,000","30,210,000","32,284,000","238,064,000","148,263,000","73,477,000","61,665,000","207,454,000","95,818,000","30,156,000","48,712,000","175,384,000","87,006,000","46,444,000","43,361,000","162,709,000","76,202,000","34,812,000","16,545,000","137,575,000","55,839,000","20,282,000","-995,000","113,431,000","46,020,000","12,918,000"
EBITDA,"-1,669,791,000"
ReconciledCostOfRevenue,"1,550,278,000","703,045,000","424,518,000","235,352,000","187,363,000","195,484,000","181,812,000","296,724,000","997,262,000","886,778,000","990,953,000","957,938,000","826,678,000","815,852,000","927,332,000","863,191,000","764,789,000","750,991,000","835,358,000","748,358,000","717,410,000","691,856,000","781,211,000","702,928,000","661,090,000","653,007,000","714,376,000","650,702,000","619,143,000","511,311,000","503,006,000","462,735,000","437,842,000","409,715,000","448,002,000","414,467,000","355,957,000","337,875,000","387,455,000","381,149,000","345,354,000","336,709,000","387,998,000","377,362,000","338,743,000","350,404,000","369,099,000","316,634,000","289,439,000","296,691,000","339,901,000","325,611,000","310,250,000"
ReconciledDepreciation,"758,604,000","197,632,000","188,527,000","188,637,000","183,808,000","174,411,000","185,833,000","184,180,000","195,195,000","164,605,000","156,026,000","156,757,000","169,714,000","146,818,000","145,312,000","140,296,000","134,546,000","135,527,000","137,339,000","127,025,000","121,593,000","118,269,000","115,098,000","107,582,000","104,686,000","122,474,000","113,144,000","110,184,000","104,533,000","91,571,000","72,078,000","71,520,000","69,708,000","64,968,000","64,197,000","60,466,000","55,480,000","55,356,000","55,039,000","53,272,000","52,470,000","51,522,000","55,719,000","52,055,000","51,753,000","52,999,000","52,676,000","43,656,000","42,582,000","43,443,000","43,142,000","45,132,000","37,984,000"
NetIncomeFromContinuingOperationNetMinorityInterest,"-4,506,587,000","-1,572,721,000","-845,885,000","-717,789,000","-1,370,192,000","-738,933,000","-677,366,000","-715,243,000","-1,880,972,000","121,297,000","450,584,000","240,190,000","118,157,000","154,634,000","470,378,000","226,676,000","103,155,000","98,797,000","400,692,000","198,473,000","61,910,000","72,232,000","342,378,000","145,246,000","73,229,000","38,312,000","251,787,000","158,494,000","-21,456,000","-25,609,000","201,078,000","111,616,000","51,267,000","36,092,000","170,858,000","-8,841,000","-96,395,000","3,048,000","128,188,000","36,031,000","3,284,000","-3,172,000","110,198,000","29,176,000","-10,625,000","-39,312,000","93,001,000","-14,940,000","-16,132,000","-39,000,000","85,625,000","15,419,000","5,189,000"
TotalUnusualItemsExcludingGoodwill,"0","0","0","0","0","-27,800,000","0","0","-1,607,797,000",,,,,,,,,,,,,,,,,,,,,,,,,,,,,,,"-2,070,000","3,010,000",,"-2,623,000","-344,000","2,432,000","-1,204,000","1,624,000","-33,769,000","-603,000","-584,000","-2,125,000","-4,253,000","17,335,000"
TotalUnusualItems,"0","0","0","0","0","-27,800,000","0","0","-1,607,797,000",,,,,,,,,,,,,,,,,,,,,,,,,,,,,,,"-2,070,000","3,010,000",,"-2,623,000","-344,000","2,432,000","-1,204,000","1,624,000","-33,769,000","-603,000","-584,000","-2,125,000","-4,253,000","17,335,000"
NormalizedEBITDA,"-1,669,791,000","-422,751,000","-495,859,000","-390,966,000","-360,215,000","-415,993,000","-355,630,000","-425,649,000","-12,244,000","356,703,000","678,190,000","469,054,000","327,603,000","365,697,000","695,686,000","445,778,000","299,933,000","314,006,000","610,897,000","396,487,000","238,512,000","276,798,000","523,379,000","323,847,000","238,773,000","229,317,000","418,243,000","323,850,000","134,743,000","123,855,000","310,142,000","219,783,000","143,185,000","126,633,000","271,651,000","156,284,000","85,636,000","104,068,000","230,423,000","142,348,000","95,904,000","94,883,000","221,051,000","128,601,000","84,133,000","70,748,000","188,627,000","133,264,000","63,467,000","43,032,000","158,698,000","95,405,000","33,567,000"
TaxRateForCalcs,"0.27","0.27","0.27","0.27","0.27","0.27","0.006","0.013","0.003","0.27","0.024","0.025","0.27","0.27","0.022","0.023","0.024","0.4","0.016","0.033","0.032","0.4","0.015","0.018","0.015","0.4","0.014","0.017","0.4","0.35","0.012","0.027","0.35","0.017","0.044","0.35","0","0.35","0.35","0.35","0.35","0.35","0.35","0.35","0.35","0.35","0.35","0.35","0.35","0.35","0.35","0.35","0.35"
TaxEffectOfUnusualItems,"0","0","0","0","0","-7,506,000","0","0","-5,259,230.68","0","0","0","0","0","0","0","0","0","0","0","0","0","0","0","0","0","0","0","0","0","0","0","0","0","0","0","0","0","0","-724,500","1,053,500","0","-918,050","-120,400","851,200","-421,400","568,400","-11,819,150","-211,050","-204,400","-743,750","-1,488,550","6,067,250"