name,ttm,01/31/2022,10/31/2021,07/31/2021,04/30/2021,01/31/2021,10/31/2020,07/31/2020,04/30/2020,01/31/2020,10/31/2019,07/31/2019,04/30/2019,01/31/2019,10/31/2018,07/31/2018,04/30/2018,01/31/2018,10/31/2017,07/31/2017,04/30/2017,01/31/2017,10/31/2016,07/31/2016,04/30/2016,01/31/2016,10/31/2015,07/31/2015,04/30/2015,01/31/2015,10/31/2014,07/31/2014,04/30/2014,01/31/2014,10/31/2013,07/31/2013,04/30/2013,01/31/2013,10/31/2012,07/31/2012,04/30/2012,01/31/2012,10/31/2011,07/31/2011,04/30/2011,01/31/2011,10/31/2010,07/31/2010,04/30/2010,01/31/2010,10/31/2009,07/31/2009,04/30/2009,01/31/2009,10/31/2008,07/31/2008,04/30/2008,01/31/2008,10/31/2007,07/31/2007,04/30/2007,01/31/2007,10/31/2006,07/31/2006,04/30/2006,01/31/2006,10/31/2005,07/31/2005,04/30/2005,01/31/2005,10/31/2004,07/31/2004,04/30/2004,01/31/2004,10/31/2003,07/31/2003,04/30/2003,01/31/2003,10/31/2002,07/31/2002,04/30/2002,01/31/2002,10/31/2001,07/31/2001,04/30/2001,01/31/2001,10/31/2000,07/31/2000,04/30/2000,01/31/2000,10/31/1999,07/31/1999,04/30/1999,01/31/1999,10/31/1998,07/31/1998,04/30/1998,01/31/1998,10/31/1997,07/31/1997,04/30/1997,01/31/1997,10/31/1996,07/31/1996,04/30/1996,01/31/1996,10/31/1995,07/31/1995,04/30/1995,01/31/1995,10/31/1994,07/31/1994,04/30/1994,01/31/1994,10/31/1993,07/31/1993,04/30/1993,01/31/1993,10/31/1992,07/31/1992,04/30/1992,01/31/1992,10/31/1991,07/31/1991,04/30/1991,01/31/1991,10/31/1990,07/31/1990,04/30/1990,01/31/1990,10/31/1989,07/31/1989,04/30/1989,01/31/1989,10/31/1988,07/31/1988,04/30/1988,01/31/1988,10/31/1987,07/31/1987,04/30/1987,01/31/1987,10/31/1986,07/31/1986,04/30/1986,01/31/1986,10/31/1985
TotalRevenue,"2,444,809,000","609,166,000","599,247,000","646,858,000","589,538,000","526,566,000","558,525,000","538,181,000","529,478,000","494,916,000","585,451,000","559,746,000","551,119,000","497,910,000","569,295,000","581,243,000","553,706,000","550,424,000","573,938,000","589,438,000","496,137,000","407,470,000","509,283,000","489,899,000","437,592,000","372,220,000","446,200,000","462,731,000","400,727,000","379,008,000","468,590,000","458,550,000","417,461,000","359,420,000","410,818,000","402,960,000","382,100,000","347,043,000","438,677,000","379,872,000","315,193,000","275,836,000","331,018,000","312,255,000","318,924,000","270,962,000","290,182,000","279,121,000","251,659,000","220,589,000","237,444,000","206,273,000","188,840,000","186,608,000","297,662,000","288,362,000","294,116,000","244,689,000","290,768,000","257,713,000","241,293,000","203,875,000","236,974,000","225,965,000","231,830,000","197,452,000","239,803,000","201,570,000","207,623,000","190,166,000","228,353,000","197,949,000","196,602,000","170,640,000","189,073,000","166,272,000","166,679,000","145,323,000","179,036,000","160,237,000","163,526,000","144,957,000","187,925,000","175,333,000","192,825,000","175,333,000","216,929,000","184,104,000","186,647,000","152,900,000","194,300,000","174,400,000","174,800,000","157,100,000","186,700,000","167,200,000","167,800,000","139,200,000","184,400,000","158,900,000","156,100,000","137,300,000","179,500,000","146,700,000","151,300,000","131,900,000","159,700,000","155,200,000","143,100,000","123,500,000","147,100,000","133,400,000","121,500,000","104,700,000","128,700,000","123,300,000","109,300,000","100,300,000","120,500,000","105,600,000","106,200,000","93,400,000","106,100,000","99,200,000","93,700,000","89,000,000","96,100,000","82,700,000","88,600,000","77,500,000","72,900,000","70,800,000","73,500,000","65,000,000","63,800,000","64,400,000","62,900,000","53,900,000","53,800,000","51,500,000","55,000,000","44,900,000","48,700,000","42,000,000","41,800,000","36,300,000","37,300,000"
	OperatingRevenue,"2,444,809,000","609,166,000","599,247,000","646,858,000","589,538,000","526,566,000","558,525,000","538,181,000","529,478,000","494,916,000","585,451,000","559,746,000","551,119,000","497,910,000","569,295,000","581,243,000","553,706,000","550,424,000","573,938,000","589,438,000","496,137,000","407,470,000","509,283,000","489,899,000","437,592,000","372,220,000","446,200,000","462,731,000","400,727,000","379,008,000","468,590,000","458,550,000","417,461,000","359,420,000","410,818,000","402,960,000","382,100,000","347,043,000","438,677,000","379,872,000","315,193,000","275,836,000","331,018,000","312,255,000","318,924,000","270,962,000","290,182,000","279,121,000","251,659,000","220,589,000","237,444,000","206,273,000","188,840,000","186,608,000","297,662,000","288,362,000","294,116,000","244,689,000","290,768,000","257,713,000","241,293,000","203,875,000","236,974,000","225,965,000","231,830,000","197,452,000","239,803,000","201,570,000","207,623,000","190,166,000","228,353,000","197,949,000","196,602,000","170,640,000","189,073,000","166,272,000","166,679,000","145,323,000","179,036,000","160,237,000","163,526,000","144,957,000","187,925,000","175,333,000","192,825,000","175,333,000","216,929,000","184,104,000","186,647,000","152,900,000","194,300,000","174,400,000","174,800,000","157,100,000","186,700,000","167,200,000","167,800,000","139,200,000","184,400,000","158,900,000","156,100,000","137,300,000","179,500,000","146,700,000","151,300,000","131,900,000","159,700,000","155,200,000","143,100,000","123,500,000","147,100,000","133,400,000","121,500,000","104,700,000","128,700,000","123,300,000","109,300,000","100,300,000","120,500,000","105,600,000","106,200,000","93,400,000","106,100,000","99,200,000","93,700,000","89,000,000","96,100,000","82,700,000","88,600,000","77,500,000","72,900,000","70,800,000","73,500,000","65,000,000","63,800,000","64,400,000","62,900,000","53,900,000","53,800,000","51,500,000","55,000,000","44,900,000","48,700,000","42,000,000","41,800,000","36,300,000","37,300,000"
CostOfRevenue,"1,070,555,000","269,032,000","268,097,000","281,587,000","251,839,000","236,606,000","261,657,000","257,373,000","239,880,000","231,722,000","266,476,000","257,123,000","249,590,000","228,934,000","261,557,000","260,847,000","246,878,000","249,421,000","261,851,000","263,173,000","220,625,000","182,332,000","234,316,000","216,679,000","189,187,000","175,313,000","211,339,000","214,239,000","178,837,000","170,287,000","211,337,000","201,039,000","181,909,000","164,638,000","183,924,000","177,877,000","165,162,000","149,814,000","197,604,000","156,658,000","125,537,000","106,490,000","134,559,000","124,205,000","121,172,000","104,791,000","119,911,000","113,320,000","97,792,000","88,914,000","100,375,000","84,536,000","85,957,000","79,371,000","135,398,000","125,923,000","128,243,000","104,830,000","131,166,000","113,005,000","109,419,000","86,214,000","95,603,000","98,338,000","102,205,000","83,654,000","107,857,000","87,748,000","92,068,000","83,625,000","106,735,000","85,835,000","83,976,000","77,767,000","87,169,000","74,749,000","73,582,000","66,066,000","95,232,000","74,463,000","75,644,000","65,203,000","90,449,000","83,661,000","85,706,000","77,313,000","91,724,000","74,068,000","77,284,000","59,200,000","59,600,000","78,700,000","77,900,000","72,600,000","62,900,000","73,200,000","81,900,000","60,600,000","57,200,000","70,100,000","68,300,000","55,500,000","54,900,000","61,300,000","61,200,000","54,200,000","47,200,000","66,300,000","59,400,000","52,100,000","45,600,000","56,700,000","50,800,000","41,400,000","36,900,000","52,700,000","44,600,000","40,300,000","32,700,000","41,500,000","41,100,000","36,500,000","27,200,000","40,100,000","39,600,000","37,200,000","31,000,000","37,200,000","40,800,000","33,500,000","22,900,000","30,400,000",,,,,,,,,,,,,,,
GrossProfit,"1,374,254,000","340,134,000","331,150,000","365,271,000","337,699,000","289,960,000","296,868,000","280,808,000","289,598,000","263,194,000","318,975,000","302,623,000","301,529,000","268,976,000","307,738,000","320,396,000","306,828,000","301,003,000","312,087,000","326,265,000","275,512,000","225,138,000","274,967,000","273,220,000","248,405,000","196,907,000","234,861,000","248,492,000","221,890,000","208,721,000","257,253,000","257,511,000","235,552,000","194,782,000","226,894,000","225,083,000","216,938,000","197,229,000","241,073,000","223,214,000","189,656,000","169,346,000","196,459,000","188,050,000","197,752,000","166,171,000","170,271,000","165,801,000","153,867,000","131,675,000","137,069,000","121,737,000","102,883,000","107,237,000","162,264,000","162,439,000","165,873,000","139,859,000","159,602,000","144,708,000","131,874,000","117,661,000","141,371,000","127,627,000","129,625,000","113,798,000","131,946,000","113,822,000","115,555,000","106,541,000","121,618,000","112,114,000","112,626,000","92,873,000","101,904,000","91,523,000","93,097,000","79,257,000","83,804,000","85,774,000","87,882,000","79,754,000","97,476,000","91,672,000","107,119,000","98,020,000","125,205,000","110,036,000","109,363,000","93,700,000","134,700,000","95,700,000","96,900,000","84,500,000","123,800,000","94,000,000","85,900,000","78,600,000","127,200,000","88,800,000","87,800,000","81,800,000","124,600,000","85,400,000","90,100,000","77,700,000","112,500,000","88,900,000","83,700,000","71,400,000","101,500,000","76,700,000","70,700,000","63,300,000","91,800,000","70,600,000","64,700,000","60,000,000","87,800,000","64,100,000","65,100,000","56,900,000","78,900,000","59,100,000","54,100,000","51,800,000","65,100,000","45,500,000","47,800,000","44,000,000","50,000,000","40,400,000",,,,,,,,,,,,,,,
OperatingExpense,"712,292,000","184,274,000","179,715,000","176,995,000","171,308,000","180,935,000","172,129,000","168,753,000","164,569,000","188,101,000","179,315,000","172,347,000","172,633,000","184,695,000","193,185,000","184,820,000","180,123,000","183,280,000","184,861,000","172,799,000","171,981,000","149,220,000","153,329,000","149,534,000","146,501,000","144,929,000","147,802,000","145,642,000","145,476,000","145,903,000","151,296,000","143,056,000","142,718,000","140,923,000","139,928,000","131,544,000","134,618,000","135,079,000","137,619,000","124,555,000","111,063,000","112,048,000","114,124,000","109,394,000","105,324,000","100,647,000","96,413,000","97,759,000","95,706,000","94,874,000","88,364,000","83,582,000","79,250,000","94,162,000","108,524,000","110,902,000","111,682,000","103,368,000","110,941,000","103,516,000","97,442,000","89,395,000","89,385,000","93,609,000","92,642,000","85,601,000","90,235,000","85,794,000","87,377,000","82,791,000","86,140,000","83,261,000","84,499,000","74,733,000","77,258,000","73,727,000","76,053,000","68,141,000","76,101,000","69,051,000","70,180,000","66,364,000","76,077,000","81,036,000","84,750,000","79,658,000","88,085,000","83,846,000","83,859,000","82,100,000","109,100,000","74,500,000","76,000,000","72,200,000","96,100,000","71,400,000","73,900,000","69,700,000","101,700,000","70,200,000","73,400,000","66,200,000","95,500,000","66,700,000","68,500,000","62,900,000","86,900,000","65,400,000","62,800,000","57,400,000","78,100,000","55,400,000","53,300,000","51,000,000","70,200,000","51,400,000","49,800,000","48,300,000","68,200,000","46,700,000","47,400,000","44,300,000","60,300,000","43,600,000","41,000,000","40,700,000","50,500,000","34,200,000","35,000,000","33,100,000","38,400,000","27,400,000",,,,,,,,,,,,,,,
	SellingGeneralAndAdministration,"712,292,000","184,274,000","179,715,000","176,995,000","171,308,000","180,935,000","172,129,000","168,753,000","164,569,000","188,101,000","179,315,000","172,347,000","172,633,000","184,695,000","193,185,000","184,820,000","180,123,000","183,280,000","184,861,000","172,799,000","171,981,000","149,220,000","153,329,000","149,534,000","146,501,000","144,929,000","147,802,000","145,642,000","145,476,000","145,903,000","151,296,000","143,056,000","142,718,000","140,923,000","139,928,000","131,544,000","134,618,000","135,079,000","137,619,000","124,555,000","111,063,000","112,048,000","114,124,000","109,394,000","105,324,000","100,647,000","96,413,000","97,759,000","95,706,000","94,874,000","88,364,000","83,582,000","79,250,000","86,098,000","108,524,000","110,902,000","111,682,000","103,368,000","110,941,000","103,516,000","97,442,000","89,395,000","92,116,000","93,053,000","92,642,000","85,601,000","89,360,000","85,794,000","87,377,000","82,791,000","86,140,000","83,261,000","84,499,000","74,733,000","77,258,000","73,727,000","76,053,000","68,141,000","76,101,000","69,051,000","70,180,000","66,364,000","72,065,000","77,022,000","80,724,000","75,532,000","80,885,000","75,615,000","76,490,000","74,600,000","79,700,000","74,500,000","76,000,000","72,200,000","71,100,000","71,400,000","73,900,000","69,700,000","76,400,000","70,200,000","73,400,000","66,200,000","72,000,000","66,700,000","68,500,000","62,900,000","66,300,000","65,400,000","62,800,000","57,400,000","59,700,000","55,400,000","53,300,000","51,000,000","53,100,000","51,400,000","49,800,000","48,300,000","51,500,000","46,700,000","47,400,000","44,300,000","45,600,000","43,600,000","41,000,000","40,700,000","38,200,000","34,200,000","35,000,000","33,100,000","30,000,000","27,400,000",,,,,,,,,,,,,,,
	DepreciationAmortizationDepletionIncomeStatement,,,,,,,,,,,,,,,,,,,,,,,,,,,,,,,,,,,,,,,,,,,,,,,,,,,,,,,,,,,,,,,,,,,,,,,,,,,,,,,,,,,"4,012,000","4,014,000","4,026,000","4,000,000","7,200,000","8,231,000","7,369,000","7,500,000",,,,,,,,,,,,,,,,,,,,,,,,,,,,,,,,,,,,,,,,,,,,,,,,,,,,,,,,,
		DepreciationAndAmortizationInIncomeStatement,,,,,,,,,,,,,,,,,,,,,,,,,,,,,,,,,,,,,,,,,,,,,,,,,,,,,,,,,,,,,,,,,,,,,,,,,,,,,,,,,,,"4,012,000","4,014,000","4,026,000","4,000,000","7,200,000","8,231,000","7,369,000","7,500,000",,,,,,,,,,,,,,,,,,,,,,,,,,,,,,,,,,,,,,,,,,,,,,,,,,,,,,,,,
			Amortization,,,,,,,,,,,,,,,,,,,,,,,,,,,,,,,,,,,,,,,,,,,,,,,,,,,,,,,,,,,,,,,,,,,,,,,,,,,,,,,,,,,"4,012,000","4,014,000","4,026,000","4,000,000",,,,,,,,,,,,,,,,,,,,,,,,,,,,,,,,,,,,,,,,,,,,,,,,,,,,,,,,,,,,,
				AmortizationOfIntangiblesIncomeStatement,,,,,,,,,,,,,,,,,,,,,,,,,,,,,,,,,,,,,,,,,,,,,,,,,,,,,,,,,,,,,,,,,,,,,,,,,,,,,,,,,,,"4,012,000","4,014,000","4,026,000","4,000,000",,,,,,,,,,,,,,,,,,,,,,,,,,,,,,,,,,,,,,,,,,,,,,,,,,,,,,,,,,,,,
	OtherOperatingExpenses,,,,,,,,,,,,,,,,,,,,,,,,,,,,,,,,,,,,,,,,,,,,,,,,,,,,,,"8,064,000",,,,,,,,,,"556,000",,,,,,,,,,,,,,,,,,,,,,"126,000",,,,,,,,,,,,,,,,,,,,,,,,,,,,,,,,,,,,,,,,,,,,,,,,,,,,,,,,,,,,,
OperatingIncome,"661,962,000","155,860,000","151,435,000","188,276,000","166,391,000","109,025,000","124,739,000","112,055,000","125,029,000","75,093,000","139,660,000","130,276,000","128,896,000","84,281,000","114,553,000","135,576,000","126,705,000","117,723,000","127,226,000","153,466,000","103,531,000","75,918,000","121,638,000","123,686,000","101,904,000","51,978,000","87,059,000","102,850,000","76,414,000","62,818,000","105,957,000","114,455,000","92,834,000","53,859,000","86,966,000","93,539,000","82,320,000","62,150,000","103,454,000","98,659,000","78,593,000","57,298,000","82,335,000","78,656,000","92,428,000","65,524,000","73,858,000","68,042,000","58,161,000","36,801,000","48,705,000","38,155,000","23,633,000","13,075,000","53,740,000","51,537,000","54,191,000","36,491,000","48,661,000","41,192,000","34,432,000","28,266,000","51,986,000","34,018,000","36,983,000","28,197,000","41,711,000","28,028,000","28,178,000","23,750,000","35,478,000","28,853,000","28,127,000","18,140,000","24,646,000","17,796,000","17,044,000","11,116,000","7,703,000","16,723,000","17,702,000","13,390,000","21,399,000","10,636,000","22,369,000","18,362,000","37,120,000","26,190,000","25,504,000","11,600,000","25,600,000","21,200,000","20,900,000","12,300,000","27,700,000","22,600,000","12,000,000","8,900,000","25,500,000","18,600,000","14,400,000","15,600,000","29,100,000","18,700,000","21,600,000","14,800,000","25,600,000","23,500,000","20,900,000","14,000,000","23,400,000","21,300,000","17,400,000","12,300,000","21,600,000","19,200,000","14,900,000","11,700,000","19,600,000","17,400,000","17,700,000","12,600,000","18,600,000","15,500,000","13,100,000","11,100,000","14,600,000","11,300,000","12,800,000","10,900,000","11,600,000","13,000,000","73,500,000","65,000,000","-131,900,000","64,400,000","62,900,000","53,900,000","-111,900,000","51,500,000","55,000,000","44,900,000","-97,500,000","42,000,000","41,800,000","36,300,000","-87,100,000"
NetNonOperatingInterestIncomeExpense,"-21,974,000","-5,185,000","-4,452,000","-5,647,000","-6,690,000","-6,552,000","-6,432,000","-6,880,000","-8,015,000","-9,152,000","-10,216,000","-10,989,000","-12,047,000","-12,049,000","-11,847,000","-13,409,000","-11,908,000","-11,028,000","-11,436,000","-11,038,000","-7,635,000","-5,368,000","-5,605,000","-4,471,000","-4,812,000","-5,706,000","-4,988,000","-4,393,000","-4,162,000","-4,003,000","-4,003,000","-3,673,000","-3,315,000","-3,463,000","-3,679,000","-3,241,000","-3,518,000","-3,982,000","-4,140,000","-2,687,000","-2,014,000","-1,849,000","-1,370,000","-637,000","-1,223,000","-1,270,000","-1,432,000","-1,410,000","-1,421,000","-1,181,000","-1,470,000","-1,639,000","-1,579,000","-2,591,000",,,,,,,,,,,,,,,,,,,,,,,,,,,,,,,,,,,,,,,,,,,,,,,,,,,,,,,,,,,,,,,,,,,,,,,,,,,,,,,,,,,,,,,,,,,,,
	InterestIncomeNonOperating,"2,235,000","465,000","829,000","492,000","449,000","380,000","380,000","434,000","278,000","588,000","691,000","511,000","325,000","316,000","519,000","356,000","219,000","289,000","311,000","268,000","272,000","273,000","227,000","176,000","188,000","138,000","209,000","111,000","151,000","86,000","115,000","137,000","217,000","112,000","117,000","112,000","94,000","98,000","88,000","109,000","147,000","119,000","139,000","190,000","115,000","125,000","170,000","170,000","204,000","275,000","125,000","93,000","112,000","162,000",,,,,,,,,,,,,,,,,,,,,,,,,,,,,,,,,,,,,,,,,,,,,,,,,,,,,,,,,,,,,,,,,,,,,,,,,,,,,,,,,,,,,,,,,,,,,
	InterestExpenseNonOperating,"24,209,000","5,650,000","5,281,000","6,139,000","7,139,000","6,932,000","6,812,000","7,314,000","8,293,000","9,740,000","10,907,000","11,500,000","12,372,000","12,365,000","12,366,000","13,765,000","12,127,000","11,317,000","11,747,000","11,306,000","7,907,000","5,641,000","5,832,000","4,647,000","5,000,000","5,844,000","5,197,000","4,504,000","4,313,000","4,089,000","4,118,000","3,810,000","3,532,000","3,575,000","3,796,000","3,353,000","3,612,000","4,080,000","4,228,000","2,796,000","2,161,000","1,968,000","1,509,000","827,000","1,338,000","1,395,000","1,602,000","1,580,000","1,625,000","1,456,000","1,595,000","1,732,000","1,691,000","2,753,000",,,,,,,,,,,,,,,,,,,,,,,,,,,,,,,,,,,,,,,,,,,,,,,,,,,,,,,,,,,,,,,,,,,,,,,,,,,,,,,,,,,,,,,,,,,,,
	TotalOtherFinanceCost,,,,,,,,,,"9,152,000",,,,,,,,,,,,,,,,,,,,,,,,,,,,,,,,,,,,,,,,"1,181,000",,,,,,,,,,,,,,,,,,,,,,,,,,,,,,,,,,,,,,,,,,,,,,,,,,,,,,,,,,,,,,,,,,,,,,,,,,,,,,,,,,,,,,,,,,,,,,,,,
OtherIncomeExpense,"-11,657,000","1,292,000","-6,874,000","-2,232,000","-3,843,000","-4,661,000","-92,005,000","-9,668,000","-429,000","-2,846,000","-2,162,000","210,000","-568,000","-4,189,000","1,481,000","528,000","3,322,000","-3,177,000","-2,920,000","27,000","-1,323,000","-157,000","-10,669,000","-1,978,000","1,727,000","802,000","-9,946,000","2,000","-687,000","-102,000","713,000","-236,000","-406,000","-209,000","661,000","2,376,000","-683,000","-1,786,000","1,194,000","-837,000","-1,599,000","181,000","-2,778,000","169,000","1,791,000","936,000","650,000","-170,000","-367,000","-212,000","-244,726,000","-900,000","-4,533,000","6,679,000","-5,245,000","2,377,000","1,040,000","1,121,000","1,235,000","318,000","2,724,000","-1,069,000","-515,000","-276,000","-927,000","-707,000","-405,000","-130,000","747,000","483,000","-3,316,000","363,000","166,000","99,000","-640,000","-422,000","-619,000","730,000","-456,000","-868,000","-888,000","427,000","-11,791,000","4,828,000","-1,054,000","916,000","350,000","-529,000","-3,254,000","-1,900,000","-1,400,000","1,100,000","1,400,000","700,000","-15,400,000","800,000","-8,900,000","1,000,000","2,300,000","1,400,000","1,100,000","500,000","600,000","600,000","1,000,000","700,000","400,000","400,000","-100,000","500,000","-100,000","-300,000","400,000","800,000","-100,000","800,000","400,000","100,000",,"100,000","-400,000","400,000","300,000","-100,000","400,000","500,000","0","800,000","200,000","1,000,000","600,000","700,000",,,,,,,,,,,,,,,
	SpecialIncomeCharges,,,"0",,,,"-87,371,000",,,,,,,,,,,,,,,,,,,,,,,,,,,"0","-99,000","-323,000","-118,000","-586,000","-269,000","-837,000","-1,599,000","181,000","-2,778,000","169,000","1,791,000","936,000","650,000","-170,000","-367,000","-212,000","-244,726,000","-900,000","-4,533,000","6,679,000","-5,245,000","2,377,000","1,040,000","1,121,000","1,235,000","318,000","2,724,000","-1,069,000","-515,000","-276,000","-927,000","-707,000","-405,000","-130,000","747,000","483,000","-3,316,000","363,000","166,000","99,000","-640,000","-422,000","-619,000","730,000","-456,000","-868,000","-888,000","427,000","-11,791,000","4,828,000","-1,054,000","916,000","350,000","-529,000","-3,254,000","-1,900,000","-1,400,000","1,100,000","1,400,000","700,000","-15,400,000","800,000","-8,900,000","1,000,000","2,300,000","1,400,000","1,100,000","500,000","600,000","600,000","1,000,000","700,000","400,000","400,000","-100,000","500,000","-100,000","-300,000","400,000","800,000","-100,000","800,000","400,000","100,000",,"100,000","-400,000","400,000","300,000","-100,000","400,000","500,000","0","800,000","200,000","1,000,000","600,000","700,000",,,,,,,,,,,,,,,
		RestructuringAndMergernAcquisition,,,,,,,,,,,,,,,,,,,,,,,,,,,,,,,,,,"0","99,000","323,000","118,000","586,000","-144,000","121,000","1,736,000","811,000",,,,"0","580,000","347,000","571,000","531,000","2,301,000","977,000","5,054,000",,"5,321,000","240,000","-32,000","92,000","141,000","213,000","55,000",,,,"942,000",,,,,,,,,,"403,000","157,000","1,446,000",,"949,000","736,000","814,000",,"11,141,000","765,000","1,323,000",,,,,,,,,,,,,,,,,,,,,,,,,,,,,,,,,,,,,,,,,,,,,,,,,,,,,,,,,,,,,,
		ImpairmentOfCapitalAssets,,,,,,,"87,371,000",,,,,,,,,,,,,,,,,,,,,,,,,,,,,,,,,,,,,,,,,,,,,,,,,,,,,,,,,,,,,,,,,,,,,,,,,,,,,,,,,,,,,,,,,,,,,,,,,,,,,,,,,,,,,,,,,,,,,,,,,,,,,,,,,,,,,,,,,,,,
		WriteOff,,,"0",,,,"87,371,000",,,,,,,,,,,,,,,,,,,,,,,,,,,,,,,,,,,,,,,,,,,,,,,,,,,,,,,,,,,,,,,,,,,,,,,,,,,,,,,,,,,,,,,,,,,,,,,,,,,,,,,,,,,,,,,,,,,,,,,,,,,,,,,,,,,,,,,,,,,,
		OtherSpecialCharges,,,,,,,,,,,,,,,,,,,,,,,,,,,,,,,,,,,,,,,,"716,000","-137,000","-992,000",,,,"-936,000","-1,230,000","-177,000","-204,000","-319,000","-618,000","-77,000","-521,000",,"-76,000","-2,617,000","-1,008,000","-1,213,000","-1,376,000","-531,000","-2,779,000",,,,"-15,000",,,,,,,,,,"237,000","265,000","-827,000",,"-493,000","132,000","74,000",,"650,000","-5,593,000","-269,000",,,,,,,,,,,,,,,,,,,,,,,,,,,,,,,,,,,,,,,,,,,,,,,,,,,,,,,,,,,,,,
	OtherNonOperatingIncomeExpenses,"-11,657,000","1,292,000","-6,874,000","-2,232,000","-3,843,000","-4,661,000","-4,634,000","-9,668,000","-429,000","-2,846,000","-2,162,000","210,000","-568,000","-4,189,000","1,481,000","528,000","3,322,000","-3,177,000","-482,000","27,000","-1,323,000","-157,000","106,000","-1,978,000","1,727,000","802,000","1,465,000","2,000","-687,000","-102,000","713,000","-236,000","-406,000","-209,000","760,000","2,699,000","-565,000","-1,200,000","1,050,000",,,,,,,,,,,,,,,,,,,,,,,,,,,,,,,,,,,,,,,,,,,,,,,,,,,,,,,,,,,,,,,,,,,,,,,,,,,,,,,,,,,,,,,,,,,,,,,,,,,,,,,,,,,,
PretaxIncome,"628,331,000","151,967,000","140,109,000","180,397,000","155,858,000","97,812,000","26,302,000","95,507,000","116,585,000","63,095,000","127,282,000","119,497,000","116,281,000","68,043,000","104,187,000","122,695,000","118,119,000","103,518,000","112,870,000","142,455,000","94,573,000","70,393,000","105,364,000","117,237,000","98,819,000","47,074,000","72,125,000","98,459,000","71,565,000","58,713,000","102,667,000","110,546,000","89,113,000","50,187,000","83,948,000","92,674,000","78,119,000","56,382,000","100,508,000","95,135,000","74,980,000","55,630,000","78,187,000","78,188,000","92,996,000","65,190,000","73,076,000","66,462,000","56,373,000","35,408,000","-197,491,000","35,616,000","17,521,000","17,163,000","45,399,000","50,689,000","51,218,000","32,482,000","44,255,000","35,931,000","32,153,000","23,383,000","46,638,000","32,535,000","33,050,000","24,211,000","38,989,000","25,111,000","25,893,000","21,283,000","28,737,000","25,782,000","24,885,000","14,424,000","19,904,000","13,053,000","12,073,000","7,447,000","2,099,000","10,745,000","11,612,000","8,488,000","3,754,000","8,624,000","13,579,000","11,759,000","33,588,000","22,850,000","19,691,000","7,300,000","21,200,000","19,900,000","19,700,000","10,600,000","9,600,000","20,900,000","800,000","7,600,000","26,000,000","18,100,000","13,600,000","14,100,000","27,700,000","18,000,000","21,100,000","14,300,000","24,800,000","22,600,000","19,500,000","13,700,000","22,200,000","19,900,000","16,700,000","12,100,000","20,400,000","18,500,000","13,400,000","10,100,000","17,900,000","15,800,000","15,700,000","11,300,000","17,100,000","13,400,000","11,700,000","10,000,000","13,000,000","10,300,000","11,200,000","10,300,000","11,500,000","12,800,000",,,,,,,,,,,,,,,
TaxProvision,"131,136,000","31,558,000","29,649,000","38,215,000","31,714,000","20,230,000","7,827,000","8,526,000","24,506,000","11,091,000","24,609,000","25,569,000","24,358,000","19,476,000","17,486,000","27,811,000","26,884,000","-1,037,000","33,035,000","40,999,000","30,050,000","20,405,000","29,497,000","33,023,000","28,218,000","5,913,000","22,501,000","29,071,000","22,351,000","15,828,000","30,587,000","32,667,000","27,179,000","15,307,000","24,171,000","27,250,000","23,514,000","14,371,000","32,822,000","28,441,000","22,869,000","17,292,000","23,512,000","21,638,000","27,754,000","19,293,000","19,520,000","11,133,000","23,942,000","8,676,000","11,542,000","11,637,000","3,678,000","6,007,000","14,653,000","18,319,000","18,169,000","11,143,000","14,621,000","11,410,000","11,173,000","7,826,000","11,783,000","7,721,000","11,119,000","8,144,000","11,086,000","6,520,000","8,415,000","6,917,000","9,014,000","8,508,000","8,212,000","4,760,000","6,568,000","4,308,000","3,983,000","2,458,000","693,000","3,546,000","3,832,000","2,801,000","1,304,000","2,997,000","4,572,000","4,233,000","11,588,000","7,883,000","6,794,000","2,500,000","7,100,000","6,500,000","6,700,000","3,600,000","8,100,000","7,100,000","300,000","2,600,000","6,300,000","5,900,000","4,700,000","4,900,000","9,500,000","6,100,000","7,400,000","5,000,000","8,600,000","7,800,000","6,800,000","4,800,000","7,200,000","6,800,000","5,900,000","4,300,000","7,100,000","6,400,000","4,600,000","3,400,000","6,300,000","5,500,000","5,500,000","3,900,000","6,000,000","4,700,000","4,100,000","3,500,000","4,400,000","3,600,000","3,900,000","3,600,000","3,700,000","4,200,000",,,,,,,,,,,,,,,
NetIncomeCommonStockholders,"497,195,000","120,409,000","110,460,000","142,182,000","124,144,000","77,582,000","18,475,000","86,981,000","92,079,000","52,004,000","102,673,000","93,928,000","91,923,000","48,567,000","86,701,000","94,884,000","91,235,000","104,555,000","79,835,000","101,456,000","64,523,000","49,988,000","75,867,000","84,214,000","70,601,000","41,161,000","49,624,000","69,388,000","49,214,000","42,885,000","72,080,000","77,879,000","61,934,000","34,880,000","59,777,000","65,424,000","54,605,000","42,011,000","67,686,000","66,694,000","52,111,000","38,338,000","54,675,000","56,550,000","65,242,000","45,897,000","53,556,000","55,329,000","32,431,000","26,732,000","-209,033,000","23,979,000","13,843,000","11,156,000","30,746,000","32,370,000","33,049,000","21,339,000","29,634,000","24,521,000","20,980,000","15,557,000","27,786,000","24,814,000","21,931,000","16,067,000","27,903,000","18,591,000","17,478,000","14,366,000","19,723,000","17,274,000","16,673,000","9,664,000","13,336,000","8,745,000","8,090,000","4,989,000","1,406,000","7,199,000","7,780,000","5,687,000","2,450,000","5,627,000","9,007,000","7,526,000","22,000,000","14,967,000","12,897,000","4,800,000","14,100,000","13,400,000","13,000,000","7,000,000","1,500,000","13,800,000","500,000","5,000,000","19,700,000","12,200,000","8,900,000","9,200,000","18,200,000","11,900,000","13,700,000","9,300,000","16,200,000","14,800,000","12,700,000","8,900,000","15,000,000","13,100,000","10,800,000","7,800,000","8,500,000","12,100,000","8,800,000","6,700,000","11,600,000","10,300,000","10,200,000","7,400,000","11,100,000","8,700,000","7,600,000","6,500,000","8,600,000","6,700,000","7,300,000","6,700,000","7,800,000","8,600,000",,,,,,,,,,,,,,,
	NetIncome,"497,195,000","120,409,000","110,460,000","142,182,000","124,144,000","77,582,000","18,475,000","86,981,000","92,079,000","52,004,000","102,673,000","93,928,000","91,923,000","48,567,000","86,701,000","94,884,000","91,235,000","104,555,000","79,835,000","101,456,000","64,523,000","49,988,000","75,867,000","84,214,000","70,601,000","41,161,000","49,624,000","69,388,000","49,214,000","42,885,000","72,080,000","77,879,000","61,934,000","34,880,000","59,777,000","65,424,000","54,605,000","42,011,000","67,686,000","66,694,000","52,111,000","38,338,000","54,675,000","56,550,000","65,242,000","45,897,000","53,556,000","55,329,000","32,431,000","26,732,000","-209,033,000","23,979,000","13,843,000","11,156,000","30,746,000","32,370,000","33,049,000","21,339,000","29,634,000","24,521,000","20,980,000","15,557,000","27,786,000","24,814,000","21,931,000","16,067,000","27,903,000","18,591,000","17,478,000","14,366,000","19,723,000","17,274,000","16,673,000","9,664,000","13,336,000","8,745,000","8,090,000","4,989,000","1,406,000","7,199,000","7,780,000","5,687,000","2,450,000","5,627,000","9,007,000","7,526,000","22,000,000","14,967,000","12,897,000","4,800,000","14,100,000","13,400,000","13,000,000","7,000,000","1,500,000","13,800,000","500,000","5,000,000","19,700,000","12,200,000","8,900,000","9,200,000","18,200,000","11,900,000","13,700,000","9,300,000","16,200,000","14,800,000","12,700,000","8,900,000","15,000,000","13,100,000","10,800,000","7,800,000","8,500,000","12,100,000","8,800,000","6,700,000","11,600,000","10,300,000","10,200,000","7,400,000","11,100,000","8,700,000","7,600,000","6,500,000","8,600,000","6,700,000","7,300,000","6,700,000","7,800,000","8,600,000",,,,,,,,,,,,,,,
		NetIncomeIncludingNoncontrollingInterests,"497,195,000","120,409,000","110,460,000","142,182,000","124,144,000","77,582,000","18,475,000","86,981,000","92,079,000","52,004,000","102,673,000","93,928,000","91,923,000","48,567,000","86,701,000","94,884,000","91,235,000","104,555,000","79,835,000","101,456,000","64,523,000","49,988,000","75,867,000","84,214,000","70,601,000","41,161,000","49,624,000","69,388,000","49,214,000","42,885,000","72,080,000","77,879,000","61,934,000","34,880,000","59,777,000","65,424,000","54,605,000","42,011,000","67,686,000","66,694,000","52,111,000","38,338,000","54,675,000","56,550,000","65,242,000","45,897,000","53,556,000","55,329,000","32,431,000","26,732,000","-209,033,000","23,979,000","13,843,000","11,156,000","30,746,000","32,370,000","33,049,000","21,339,000","29,634,000","24,521,000","20,980,000","15,557,000","27,786,000","24,814,000","21,931,000","16,067,000","27,903,000","18,591,000","17,478,000","14,366,000","19,723,000","17,274,000","16,673,000","9,664,000","13,336,000","8,745,000","8,090,000","4,989,000","1,406,000","7,199,000","7,780,000","5,687,000","2,450,000","5,627,000","9,007,000","7,526,000","22,000,000","14,967,000","12,897,000","4,800,000","14,100,000","13,400,000","13,000,000","7,000,000","1,500,000","13,800,000","500,000","5,000,000","19,700,000","12,200,000","8,900,000","9,200,000","18,200,000","11,900,000","13,700,000","9,300,000","16,200,000","14,800,000","12,700,000","8,900,000","15,000,000","13,100,000","10,800,000","7,800,000","8,500,000","12,100,000","8,800,000","6,700,000","11,600,000","10,300,000","10,200,000","7,400,000","11,100,000","8,700,000","7,600,000","6,500,000","8,600,000","6,700,000","7,300,000","6,700,000","7,800,000","8,600,000","9,700,000","8,100,000","7,800,000","8,600,000","8,600,000","6,600,000","6,500,000","6,100,000","7,200,000","4,900,000","4,200,000","3,800,000","3,800,000","2,000,000","2,500,000"
			NetIncomeContinuousOperations,"497,195,000","120,409,000","110,460,000","142,182,000","124,144,000","77,582,000","18,475,000","86,981,000","92,079,000","52,004,000","102,673,000","93,928,000","91,923,000","48,567,000","86,701,000","94,884,000","91,235,000","104,555,000","79,835,000","101,456,000","64,523,000","49,988,000","75,867,000","84,214,000","70,601,000","41,161,000","49,624,000","69,388,000","49,214,000","42,885,000","72,080,000","77,879,000","61,934,000","34,880,000","59,777,000","65,424,000","54,605,000","42,011,000","67,686,000","66,694,000","52,111,000","38,338,000","54,675,000","56,550,000","65,242,000","45,897,000","53,556,000","55,329,000","32,431,000","26,732,000","-209,033,000","23,979,000","13,843,000","11,156,000","30,746,000","32,370,000","33,049,000","21,339,000","29,634,000","24,521,000","20,980,000","15,557,000","34,855,000","24,814,000","21,931,000","16,067,000","27,903,000","18,591,000","17,478,000","14,366,000","19,723,000","17,274,000","16,673,000","9,664,000","13,336,000","8,745,000","8,090,000","4,989,000","1,406,000","7,199,000","7,780,000","5,687,000","2,450,000","5,627,000","9,007,000","7,526,000","22,000,000","14,967,000","12,897,000","4,800,000","14,100,000","13,400,000","13,000,000","7,000,000","1,500,000","13,800,000","500,000","5,000,000","19,700,000","12,200,000","8,900,000","9,200,000","18,200,000","11,900,000","13,700,000","9,300,000","16,200,000","14,800,000","12,700,000","8,900,000","15,000,000","13,100,000","10,800,000","7,800,000","13,300,000","12,100,000","8,800,000","6,700,000","11,600,000","10,300,000","10,200,000","7,400,000","11,100,000","8,700,000","7,600,000","6,500,000","8,600,000","6,700,000","7,300,000","6,700,000","7,800,000","8,600,000","9,700,000","8,100,000","7,800,000","8,600,000","8,600,000","6,600,000","6,500,000","6,100,000","7,200,000","4,900,000","4,200,000","3,800,000","3,800,000","2,000,000","2,500,000"
DilutedNIAvailtoComStockholders,"497,195,000","120,409,000","110,460,000","142,182,000","124,144,000","77,582,000","18,475,000","86,981,000","92,079,000","52,004,000","102,673,000","93,928,000","91,923,000","48,567,000","86,701,000","94,884,000","91,235,000","104,555,000","79,835,000","101,456,000","64,523,000","49,988,000","75,867,000","84,214,000","70,601,000","41,161,000","49,624,000","69,388,000","49,214,000","42,885,000","72,080,000","77,879,000","61,934,000","34,880,000","59,777,000","65,424,000","54,605,000","42,011,000","67,686,000","66,694,000","52,111,000","38,338,000","54,675,000","56,550,000","65,242,000","45,897,000","53,556,000","55,329,000","32,431,000","26,732,000","-209,033,000","23,979,000","13,843,000","11,156,000","30,746,000","32,370,000","33,049,000","21,339,000","29,634,000","24,521,000","20,980,000","15,557,000","27,786,000","24,814,000","21,931,000","16,067,000","27,903,000","18,591,000","17,478,000","14,366,000","19,723,000","17,274,000","16,673,000","9,664,000","13,336,000","8,745,000","8,090,000","4,989,000","1,406,000","7,199,000","7,780,000","5,687,000","2,450,000","5,627,000","9,007,000","7,526,000","22,000,000","14,967,000","12,897,000","4,800,000","14,100,000","13,400,000","13,000,000","7,000,000","1,500,000","13,800,000","500,000","5,000,000","19,700,000","12,200,000","8,900,000","9,200,000","18,200,000","11,900,000","13,700,000","9,300,000","16,200,000","14,800,000","12,700,000","8,900,000","15,000,000","13,100,000","10,800,000","7,800,000","8,500,000","12,100,000","8,800,000","6,700,000","11,600,000","10,300,000","10,200,000","7,400,000","11,100,000","8,700,000","7,600,000","6,500,000","8,600,000","6,700,000","7,300,000","6,700,000","7,800,000","8,600,000",,,,,,,,,,,,,,,
BasicEPS,,"2.07","1.9","2.45","2.14","1.34","0.32","1.51","1.6","0.9","1.79","1.64","1.6","0.84","1.49","1.63","1.57","1.81","1.38","1.76","1.12","0.87","1.33","1.48","1.24","0.72","0.84","1.15","0.81","0.69","1.14","1.23","0.97","0.54","0.93","1.02","0.85","0.65","1.06","1.04","0.81","0.59","0.82","0.83","0.96","0.675",,"0.815","0.48","0.395",,"0.355","0.205","0.165",,"0.475","0.495","0.315",,"0.365","0.31","0.235",,"0.37","0.33","0.245",,"0.255","0.24","0.2",,"0.24","0.235","0.14",,"0.13","0.12","0.075",,"0.105","0.115","0.085",,"0.085","0.14","0.115",,"0.233","0.2","0.075",,"0.205","0.2","0.105",,"0.21","0.01","0.075",,"0.18","0.13","0.135",,"0.165","0.19","0.13",,"0.2","0.17","0.12",,"0.175","0.14","0.105",,"0.16","0.115","0.09",,"0.135","0.13","0.095",,"0.115","0.1","0.085",,"0.09","0.095","0.09",,"0.115","0.125","0.105",,"0.11","0.105","0.08",,"0.075","0.085","0.06",,"0.045","0.05","0.025",
DilutedEPS,,"2.05","1.88","2.42","2.12","1.32","0.31","1.49","1.58","0.89","1.76","1.62","1.58","0.83","1.47","1.61","1.55","1.78","1.37","1.74","1.11","0.86","1.31","1.46","1.23","0.72","0.84","1.14","0.8","0.69","1.13","1.21","0.96","0.54","0.92","1.01","0.84","0.65","1.04","1.03","0.8","0.58","0.81","0.82","0.95","0.665",,"0.805","0.47","0.39",,"0.355","0.205","0.165",,"0.465","0.485","0.31",,"0.36","0.305","0.23",,"0.36","0.32","0.235",,"0.25","0.235","0.195",,"0.235","0.23","0.135",,"0.13","0.12","0.075",,"0.105","0.115","0.085",,"0.085","0.135","0.115",,"0.23","0.198","0.075",,"0.2","0.195","0.105",,"0.21","0.01","0.075",,"0.175","0.125","0.13",,"0.165","0.19","0.13",,"0.2","0.17","0.12",,"0.175","0.14","0.105",,"0.16","0.115","0.09",,"0.135","0.13","0.095",,"0.115","0.1","0.085",,"0.09","0.095","0.09",,"0.115","0.125","0.105",,"0.11","0.105","0.08",,"0.075","0.085","0.06",,"0.045","0.05","0.025",
BasicAverageShares,,"58,152,000","58,123,000","58,112,000","58,068,000","58,059,000","57,988,000","57,693,000","57,677,000","57,668,000","57,456,000","57,395,000","57,288,000","57,702,000","58,085,000","58,053,000","57,989,000","57,755,000","57,643,000","57,594,000","57,545,000","57,349,000","57,206,000","57,085,000","56,952,000","56,997,000","58,907,000","60,578,000","61,116,000","62,008,000","62,954,000","63,482,000","63,964,000","64,221,000","64,135,000","64,137,000","64,320,000","64,273,000","64,114,000","64,029,000","64,426,000","65,065,000","67,616,000","67,945,000","68,110,000","68,014,000",,"68,094,000","67,910,000","67,330,000",,"67,124,000","67,110,000","67,052,000",,"67,794,000","67,050,000","67,234,000",,"67,222,000","67,144,000","66,766,000",,"67,194,000","66,874,000","66,004,000",,"72,416,000","72,640,000","72,452,000",,"71,722,000","70,744,000","69,136,000",,"67,404,000","67,294,000","67,324,000",,"67,016,000","66,602,000","66,304,000",,"65,562,000","65,236,000","64,906,000",,"64,476,000","64,884,000","64,000,000",,"65,365,854","65,000,000","66,666,667",,"65,714,286","50,000,000","66,666,667",,"67,777,778","68,461,538","68,148,148",,"72,121,212","72,105,263","71,538,462",,"74,000,000","74,705,882","74,166,667",,"74,857,143","77,142,857","74,285,714",,"75,625,000","76,521,739","74,444,444",,"76,296,296","78,461,538","77,894,737",,"75,652,174","76,000,000","76,470,588",,"74,444,444","76,842,105","74,444,444",,"74,782,609","75,984,000","76,512,000",,"75,872,000","82,752,000","82,360,000",,"82,360,000","82,496,000","82,496,000",,"82,160,000","82,160,000","80,176,000",
DilutedAverageShares,,"58,819,000","58,792,000","58,735,000","58,652,000","58,755,000","58,679,000","58,427,000","58,260,000","58,524,000","58,255,000","58,117,000","58,056,000","58,372,000","58,994,000","58,912,000","58,945,000","58,874,000","58,301,000","58,259,000","58,232,000","58,023,000","57,864,000","57,616,000","57,334,000","57,305,000","59,330,000","61,099,000","61,638,000","62,536,000","63,561,000","64,141,000","64,557,000","64,860,000","64,866,000","64,854,000","64,970,000","64,949,000","64,886,000","64,725,000","65,179,000","65,627,000","68,425,000","68,781,000","69,002,000","68,878,000",,"68,768,000","68,836,000","68,248,000",,"67,220,000","67,142,000","67,092,000",,"69,274,000","68,222,000","68,378,000",,"68,430,000","68,292,000","68,234,000",,"68,920,000","68,716,000","67,694,000",,"73,686,000","74,292,000","74,400,000",,"74,098,000","72,950,000","71,264,000",,"67,734,000","67,596,000","67,640,000",,"67,686,000","67,692,000","66,792,000",,"66,166,000","65,922,000","65,856,000",,"65,088,000","65,028,000","64,000,000",,"67,000,000","66,666,667","66,666,667",,"65,714,286","50,000,000","66,666,667",,"69,714,286","71,200,000","70,769,231",,"72,121,212","72,105,263","71,538,462",,"74,000,000","74,705,882","74,166,667",,"74,857,143","77,142,857","74,285,714",,"75,625,000","76,521,739","74,444,444",,"76,296,296","78,461,538","77,894,737",,"75,652,174","76,000,000","76,470,588",,"74,444,444","76,842,105","74,444,444",,"74,782,609","75,984,000","76,512,000",,"75,872,000","82,752,000","82,360,000",,"82,360,000","82,496,000","82,496,000",,"82,160,000","82,160,000","80,176,000",
TotalOperatingIncomeAsReported,"661,962,000","155,860,000","151,435,000","188,276,000","166,391,000","109,025,000","37,368,000","112,055,000","125,029,000","75,093,000","139,660,000","130,276,000","128,896,000","84,281,000","114,553,000","135,576,000","126,705,000","117,723,000","124,788,000","153,466,000","103,531,000","75,918,000","110,863,000","123,686,000","101,904,000","51,978,000","75,648,000","102,850,000","76,414,000","62,818,000","105,957,000","114,455,000","92,834,000","53,859,000","86,867,000","93,216,000","82,202,000","61,564,000","103,598,000","98,538,000","76,857,000","56,487,000","78,935,000","78,656,000","92,428,000","65,524,000","73,278,000","67,695,000","57,590,000","36,270,000","-196,639,000","37,178,000","18,579,000","13,075,000","48,419,000","51,297,000","54,223,000","36,399,000","48,520,000","40,979,000","34,377,000","28,266,000","49,359,000","34,018,000","36,041,000","28,197,000","41,711,000","28,028,000","28,178,000","23,750,000","35,478,000","28,853,000","28,127,000","18,140,000","24,243,000","17,639,000","15,598,000","11,116,000","6,754,000","15,987,000","16,888,000","13,390,000","10,258,000","9,871,000","21,046,000","18,362,000","37,120,000","26,190,000","25,504,000","11,600,000","25,600,000","21,200,000","20,900,000","12,300,000","27,700,000","22,600,000","12,000,000","8,900,000","25,500,000","18,600,000","14,400,000","15,600,000","29,100,000","18,700,000","21,600,000","14,800,000","25,600,000","23,500,000","20,900,000","14,000,000","23,400,000","21,300,000","17,400,000","12,300,000","21,600,000","19,200,000","14,900,000","11,700,000","19,600,000","17,400,000","17,700,000","12,600,000","18,600,000","15,500,000","13,100,000","11,100,000","14,600,000","11,300,000","12,800,000","10,900,000","11,600,000","13,000,000",,,,,,,,,,,,,,,
TotalExpenses,"1,782,847,000","453,306,000","447,812,000","458,582,000","423,147,000","417,541,000","433,786,000","426,126,000","404,449,000","419,823,000","445,791,000","429,470,000","422,223,000","413,629,000","454,742,000","445,667,000","427,001,000","432,701,000","446,712,000","435,972,000","392,606,000","331,552,000","387,645,000","366,213,000","335,688,000","320,242,000","359,141,000","359,881,000","324,313,000","316,190,000","362,633,000","344,095,000","324,627,000","305,561,000","323,852,000","309,421,000","299,780,000","284,893,000","335,223,000","281,213,000","236,600,000","218,538,000","248,683,000","233,599,000","226,496,000","205,438,000","216,324,000","211,079,000","193,498,000","183,788,000","188,739,000","168,118,000","165,207,000","173,533,000","243,922,000","236,825,000","239,925,000","208,198,000","242,107,000","216,521,000","206,861,000","175,609,000","184,988,000","191,947,000","194,847,000","169,255,000","198,092,000","173,542,000","179,445,000","166,416,000","192,875,000","169,096,000","168,475,000","152,500,000","164,427,000","148,476,000","149,635,000","134,207,000","171,333,000","143,514,000","145,824,000","131,567,000","166,526,000","164,697,000","170,456,000","156,971,000","179,809,000","157,914,000","161,143,000","141,300,000","168,700,000","153,200,000","153,900,000","144,800,000","159,000,000","144,600,000","155,800,000","130,300,000","158,900,000","140,300,000","141,700,000","121,700,000","150,400,000","128,000,000","129,700,000","117,100,000","134,100,000","131,700,000","122,200,000","109,500,000","123,700,000","112,100,000","104,100,000","92,400,000","107,100,000","104,100,000","94,400,000","88,600,000","100,900,000","88,200,000","88,500,000","80,800,000","87,500,000","83,700,000","80,600,000","77,900,000","81,500,000","71,400,000","75,800,000","66,600,000","61,300,000","57,800,000",,,,,,,,,,,,,,,
NetIncomeFromContinuingAndDiscontinuedOperation,"497,195,000","120,409,000","110,460,000","142,182,000","124,144,000","77,582,000","18,475,000","86,981,000","92,079,000","52,004,000","102,673,000","93,928,000","91,923,000","48,567,000","86,701,000","94,884,000","91,235,000","104,555,000","79,835,000","101,456,000","64,523,000","49,988,000","75,867,000","84,214,000","70,601,000","41,161,000","49,624,000","69,388,000","49,214,000","42,885,000","72,080,000","77,879,000","61,934,000","34,880,000","59,777,000","65,424,000","54,605,000","42,011,000","67,686,000","66,694,000","52,111,000","38,338,000","54,675,000","56,550,000","65,242,000","45,897,000","53,556,000","55,329,000","32,431,000","26,732,000","-209,033,000","23,979,000","13,843,000","11,156,000","30,746,000","32,370,000","33,049,000","21,339,000","29,634,000","24,521,000","20,980,000","15,557,000","27,786,000","24,814,000","21,931,000","16,067,000","27,903,000","18,591,000","17,478,000","14,366,000","19,723,000","17,274,000","16,673,000","9,664,000","13,336,000","8,745,000","8,090,000","4,989,000","1,406,000","7,199,000","7,780,000","5,687,000","2,450,000","5,627,000","9,007,000","7,526,000","22,000,000","14,967,000","12,897,000","4,800,000","14,100,000","13,400,000","13,000,000","7,000,000","1,500,000","13,800,000","500,000","5,000,000","19,700,000","12,200,000","8,900,000","9,200,000","18,200,000","11,900,000","13,700,000","9,300,000","16,200,000","14,800,000","12,700,000","8,900,000","15,000,000","13,100,000","10,800,000","7,800,000","13,300,000","12,100,000","8,800,000","6,700,000","11,600,000","10,300,000","10,200,000","7,400,000","11,100,000","8,700,000","7,600,000","6,500,000","8,600,000","6,700,000","7,300,000","6,700,000","7,800,000","8,600,000",,,,,,,,,,,,,,,
NormalizedIncome,"497,195,000","120,409,000","110,460,000","142,182,000","124,144,000","77,582,000","18,475,000","86,981,000","92,079,000","52,004,000","102,673,000","93,928,000","91,923,000","48,567,000","86,701,000","94,884,000","91,235,000","104,555,000","79,835,000","101,456,000","64,523,000","49,988,000","75,867,000","84,214,000","70,601,000","41,161,000","49,624,000","69,388,000","49,214,000","42,885,000","72,080,000","77,879,000","61,934,000","34,880,000","59,847,495.104","65,652,038","54,687,482","42,447,570","67,867,155.072","67,280,775.403","53,222,302.867","38,213,261.945","56,617,613.862","56,427,769.607","63,985,511.312","45,238,009.48","53,079,627.456","55,470,523.427","32,669,550","26,892,053.773","-49,961,100","24,584,938.342","17,424,434.793","6,814,630.542","34,298,121.633","30,852,047.584","32,377,928.111","20,602,560.772","28,807,020.224","24,303,981.882","19,202,575.809","16,268,218.962","35,239,886.252","25,024,501.429","22,546,129.713","16,536,182.149","28,192,843.674","18,687,245.868","16,973,768.509","14,039,975.567","21,998,862.755","17,030,789.155","16,561,779.666","9,597,670.549","13,764,810.289","9,027,723.512","8,504,785.886","4,499,948.033","1,711,448.309","7,780,547.883","8,374,956.941","5,400,907.988","10,145,245.072","2,476,819.573","9,706,122.027","6,939,741.305","21,770,751.459","15,313,500.788","15,028,270.022","6,049,315.068","15,031,132.075","12,659,296.482","12,076,142.132","6,537,735.849","10,740,000","13,271,770.335","6,062,500","4,342,105.263","17,957,307.692","11,256,353.591","8,180,147.059","8,873,758.865","17,805,776.173","11,503,333.333","13,050,710.9","8,844,755.245","15,938,709.677","14,538,053.097","12,765,128.205","8,575,182.482","15,067,567.568","13,297,487.437","10,541,317.365","7,284,297.521","13,365,196.078","11,576,756.757","8,537,313.433","6,633,663.366","11,600,000","10,234,810.127","10,459,872.611","7,138,053.097","10,905,263.158","8,764,925.373","7,340,170.94","6,175,000","8,600,000","6,179,611.65","7,169,642.857","6,049,514.563","7,393,043.478","8,129,687.5",,,,,,,,,,,,,,,
InterestIncome,"2,235,000","465,000","829,000","492,000","449,000","380,000","380,000","434,000","278,000","588,000","691,000","511,000","325,000","316,000","519,000","356,000","219,000","289,000","311,000","268,000","272,000","273,000","227,000","176,000","188,000","138,000","209,000","111,000","151,000","86,000","115,000","137,000","217,000","112,000","117,000","112,000","94,000","98,000","88,000","109,000","147,000","119,000","139,000","190,000","115,000","125,000","170,000","170,000","204,000","275,000","125,000","93,000","112,000","162,000",,,,,,,,,,,,,,,,,,,,,,,,,,,,,,,,,,,,,,,,,,,,,,,,,,,,,,,,,,,,,,,,,,,,,,,,,,,,,,,,,,,,,,,,,,,,,
InterestExpense,"24,209,000","5,650,000","5,281,000","6,139,000","7,139,000","6,932,000","6,812,000","7,314,000","8,293,000","9,740,000","10,907,000","11,500,000","12,372,000","12,365,000","12,366,000","13,765,000","12,127,000","11,317,000","11,747,000","11,306,000","7,907,000","5,641,000","5,832,000","4,647,000","5,000,000","5,844,000","5,197,000","4,504,000","4,313,000","4,089,000","4,118,000","3,810,000","3,532,000","3,575,000","3,796,000","3,353,000","3,612,000","4,080,000","4,228,000","2,796,000","2,161,000","1,968,000","1,509,000","827,000","1,338,000","1,395,000","1,602,000","1,580,000","1,625,000","1,456,000","1,595,000","1,732,000","1,691,000","2,753,000",,,,,,,,,,,,,,,,,,,,,,,,,,,,,,,,,,,,,,,,,,,,,,,,,,,,,,,,,,,,,,,,,,,,,,,,,,,,,,,,,,,,,,,,,,,,,
NetInterestIncome,"-21,974,000","-5,185,000","-4,452,000","-5,647,000","-6,690,000","-6,552,000","-6,432,000","-6,880,000","-8,015,000","-9,152,000","-10,216,000","-10,989,000","-12,047,000","-12,049,000","-11,847,000","-13,409,000","-11,908,000","-11,028,000","-11,436,000","-11,038,000","-7,635,000","-5,368,000","-5,605,000","-4,471,000","-4,812,000","-5,706,000","-4,988,000","-4,393,000","-4,162,000","-4,003,000","-4,003,000","-3,673,000","-3,315,000","-3,463,000","-3,679,000","-3,241,000","-3,518,000","-3,982,000","-4,140,000","-2,687,000","-2,014,000","-1,849,000","-1,370,000","-637,000","-1,223,000","-1,270,000","-1,432,000","-1,410,000","-1,421,000","-1,181,000","-1,470,000","-1,639,000","-1,579,000","-2,591,000",,,,,,,,,,,,,,,,,,,,,,,,,,,,,,,,,,,,,,,,,,,,,,,,,,,,,,,,,,,,,,,,,,,,,,,,,,,,,,,,,,,,,,,,,,,,,
EBIT,"652,540,000","157,617,000","145,390,000","186,536,000","162,997,000","104,744,000","33,114,000","102,821,000","124,878,000","72,835,000","138,189,000","130,997,000","128,653,000","80,408,000","116,553,000","136,460,000","130,246,000","114,835,000","124,617,000","153,761,000","102,480,000","76,034,000","111,196,000","121,884,000","103,819,000","52,918,000","77,322,000","102,963,000","75,878,000","62,802,000","106,785,000","114,356,000","92,645,000","53,762,000","87,744,000","96,027,000","81,731,000","60,462,000","104,736,000","97,931,000","77,141,000","57,598,000","79,696,000","79,015,000","94,334,000","66,585,000","74,678,000","68,042,000","57,998,000","36,864,000","-195,896,000","37,348,000","19,212,000","19,916,000","53,740,000","51,537,000","54,191,000","36,491,000","48,661,000","41,192,000","34,432,000","28,266,000","51,986,000","34,018,000","36,983,000","28,197,000","41,711,000","28,028,000","28,178,000","23,750,000","35,478,000","28,853,000","28,127,000","18,140,000","24,646,000","17,796,000","17,044,000","11,116,000","7,703,000","16,723,000","17,702,000","13,390,000","21,399,000","10,636,000","22,369,000","18,362,000","37,120,000","26,190,000","25,504,000","11,600,000","25,600,000","21,200,000","20,900,000","12,300,000","27,700,000","22,600,000","12,000,000","8,900,000","25,500,000","18,600,000","14,400,000","15,600,000","29,100,000","18,700,000","21,600,000","14,800,000","25,600,000","23,500,000","20,900,000","14,000,000","23,400,000","21,300,000","17,400,000","12,300,000","21,600,000","19,200,000","14,900,000","11,700,000","19,600,000","17,400,000","17,700,000","12,600,000","18,600,000","15,500,000","13,100,000","11,100,000","14,600,000","11,300,000","12,800,000","10,900,000","11,600,000","13,000,000","73,500,000","65,000,000","-131,900,000","64,400,000","62,900,000","53,900,000","-111,900,000","51,500,000","55,000,000","44,900,000","-97,500,000","42,000,000","41,800,000","36,300,000","-87,100,000"
EBITDA,"755,793,000"
ReconciledCostOfRevenue,"1,070,555,000","269,032,000","268,097,000","281,587,000","251,839,000","236,606,000","261,657,000","257,373,000","239,880,000","231,722,000","266,476,000","257,123,000","249,590,000","228,934,000","261,557,000","260,847,000","246,878,000","249,421,000","261,851,000","263,173,000","220,625,000","182,332,000","234,316,000","216,679,000","189,187,000","175,313,000","211,339,000","214,239,000","178,837,000","170,287,000","211,337,000","201,039,000","181,909,000","164,638,000","183,924,000","177,877,000","165,162,000","149,814,000","197,604,000","156,658,000","125,537,000","106,490,000","134,559,000","124,205,000","121,172,000","104,791,000","119,911,000","113,320,000","97,792,000","88,914,000","100,375,000","84,536,000","85,957,000","79,371,000","135,398,000","125,923,000","128,243,000","104,830,000","131,166,000","113,005,000","109,419,000","86,214,000","95,603,000","98,338,000","102,205,000","83,654,000","107,857,000","87,748,000","92,068,000","83,625,000","106,735,000","85,835,000","83,976,000","77,767,000","87,169,000","74,749,000","73,582,000","66,066,000","95,232,000","74,463,000","75,644,000","65,203,000","83,884,000","76,731,000","79,783,000","70,928,000","91,724,000","74,068,000","77,259,000","59,200,000","59,600,000","78,700,000","77,900,000","72,600,000","62,900,000","73,200,000","81,900,000","60,600,000","57,200,000","70,100,000","68,300,000","55,500,000","54,900,000","61,300,000","61,200,000","54,200,000","47,200,000","66,300,000","59,400,000","52,100,000","45,600,000","56,700,000","50,800,000","41,400,000","36,900,000","52,700,000","44,600,000","40,300,000","32,700,000","41,500,000","41,100,000","36,500,000","27,200,000","40,100,000","39,600,000","37,200,000","31,000,000","37,200,000","40,800,000","33,500,000","22,900,000","30,400,000",,,,,,,,,,,,,,,
ReconciledDepreciation,"103,253,000","25,390,000","25,650,000","26,897,000","25,316,000","26,020,000","29,138,000","28,500,000","27,046,000","28,618,000","26,913,000","27,843,000","27,740,000","27,748,000","27,370,000","27,321,000","27,431,000","26,285,000","25,488,000","25,954,000","20,915,000","18,497,000","17,480,000","17,662,000","17,952,000","17,210,000","16,123,000","16,849,000","16,238,000","15,984,000","15,915,000","14,608,000","14,743,000","14,488,000","14,883,000","13,366,000","13,140,000","13,049,000","13,471,000","9,560,000","7,990,000","7,969,000","7,971,000","6,559,000","6,931,000","7,315,000","6,543,000","7,248,000","7,392,000","7,705,000","7,209,000","7,837,000","8,458,000","7,906,000","8,592,000","8,098,000","7,814,000","7,733,000","7,607,000","7,597,000","6,636,000","6,093,000","4,804,000","6,212,000","6,232,000","6,062,000","6,566,000","6,335,000","6,395,000","6,387,000","6,724,000","6,358,000","6,734,000","7,060,000","7,605,000","7,432,000","7,155,000","7,048,000","8,627,000","7,275,000","6,875,000","6,710,000","10,577,000","10,944,000","9,949,000","10,385,000","7,200,000","8,231,000","7,394,000","7,500,000",,,,,,,,,,,,,,,,,,,,,,,,,,,,,,,,,,,,,,,,,,,,,,,,,,,,,,,,,
NetIncomeFromContinuingOperationNetMinorityInterest,"497,195,000","120,409,000","110,460,000","142,182,000","124,144,000","77,582,000","18,475,000","86,981,000","92,079,000","52,004,000","102,673,000","93,928,000","91,923,000","48,567,000","86,701,000","94,884,000","91,235,000","104,555,000","79,835,000","101,456,000","64,523,000","49,988,000","75,867,000","84,214,000","70,601,000","41,161,000","49,624,000","69,388,000","49,214,000","42,885,000","72,080,000","77,879,000","61,934,000","34,880,000","59,777,000","65,424,000","54,605,000","42,011,000","67,686,000","66,694,000","52,111,000","38,338,000","54,675,000","56,550,000","65,242,000","45,897,000","53,556,000","55,329,000","32,431,000","26,732,000","-209,033,000","23,979,000","13,843,000","11,156,000","30,746,000","32,370,000","33,049,000","21,339,000","29,634,000","24,521,000","20,980,000","15,557,000","34,855,000","24,814,000","21,931,000","16,067,000","27,903,000","18,591,000","17,478,000","14,366,000","19,723,000","17,274,000","16,673,000","9,664,000","13,336,000","8,745,000","8,090,000","4,989,000","1,406,000","7,199,000","7,780,000","5,687,000","2,450,000","5,627,000","9,007,000","7,526,000","22,000,000","14,967,000","12,897,000","4,800,000","14,100,000","13,400,000","13,000,000","7,000,000","1,500,000","13,800,000","500,000","5,000,000","19,700,000","12,200,000","8,900,000","9,200,000","18,200,000","11,900,000","13,700,000","9,300,000","16,200,000","14,800,000","12,700,000","8,900,000","15,000,000","13,100,000","10,800,000","7,800,000","13,300,000","12,100,000","8,800,000","6,700,000","11,600,000","10,300,000","10,200,000","7,400,000","11,100,000","8,700,000","7,600,000","6,500,000","8,600,000","6,700,000","7,300,000","6,700,000","7,800,000","8,600,000",,,,,,,,,,,,,,,
TotalUnusualItemsExcludingGoodwill,"0",,"0",,,,"-87,371,000",,,,,,,,,,,,,,,,,,,,,,,,,,,"0","-99,000","-323,000","-118,000","-586,000","-269,000","-837,000","-1,599,000","181,000","-2,778,000","169,000","1,791,000","936,000","650,000","-170,000","-367,000","-212,000","-244,726,000","-900,000","-4,533,000","6,679,000","-5,245,000","2,377,000","1,040,000","1,121,000","1,235,000","318,000","2,724,000","-1,069,000","-515,000","-276,000","-927,000","-707,000","-405,000","-130,000","747,000","483,000","-3,316,000","363,000","166,000","99,000","-640,000","-422,000","-619,000","730,000","-456,000","-868,000","-888,000","427,000","-11,791,000","4,828,000","-1,054,000","916,000","350,000","-529,000","-3,254,000","-1,900,000","-1,400,000","1,100,000","1,400,000","700,000","-15,400,000","800,000","-8,900,000","1,000,000","2,300,000","1,400,000","1,100,000","500,000","600,000","600,000","1,000,000","700,000","400,000","400,000","-100,000","500,000","-100,000","-300,000","400,000","800,000","-100,000","800,000","400,000","100,000",,"100,000","-400,000","400,000","300,000","-100,000","400,000","500,000","0","800,000","200,000","1,000,000","600,000","700,000",,,,,,,,,,,,,,,
TotalUnusualItems,"0",,"0",,,,"-87,371,000",,,,,,,,,,,,,,,,,,,,,,,,,,,"0","-99,000","-323,000","-118,000","-586,000","-269,000","-837,000","-1,599,000","181,000","-2,778,000","169,000","1,791,000","936,000","650,000","-170,000","-367,000","-212,000","-244,726,000","-900,000","-4,533,000","6,679,000","-5,245,000","2,377,000","1,040,000","1,121,000","1,235,000","318,000","2,724,000","-1,069,000","-515,000","-276,000","-927,000","-707,000","-405,000","-130,000","747,000","483,000","-3,316,000","363,000","166,000","99,000","-640,000","-422,000","-619,000","730,000","-456,000","-868,000","-888,000","427,000","-11,791,000","4,828,000","-1,054,000","916,000","350,000","-529,000","-3,254,000","-1,900,000","-1,400,000","1,100,000","1,400,000","700,000","-15,400,000","800,000","-8,900,000","1,000,000","2,300,000","1,400,000","1,100,000","500,000","600,000","600,000","1,000,000","700,000","400,000","400,000","-100,000","500,000","-100,000","-300,000","400,000","800,000","-100,000","800,000","400,000","100,000",,"100,000","-400,000","400,000","300,000","-100,000","400,000","500,000","0","800,000","200,000","1,000,000","600,000","700,000",,,,,,,,,,,,,,,
NormalizedEBITDA,"755,793,000","183,007,000","171,040,000","213,433,000","188,313,000","130,764,000","62,252,000","131,321,000","151,924,000","101,453,000","165,102,000","158,840,000","156,393,000","108,156,000","143,923,000","163,781,000","157,677,000","141,120,000","150,105,000","179,715,000","123,395,000","94,531,000","128,676,000","139,546,000","121,771,000","70,128,000","93,445,000","119,812,000","92,116,000","78,786,000","122,700,000","128,964,000","107,388,000","68,250,000","102,726,000","109,716,000","94,989,000","74,097,000","118,476,000","108,328,000","86,730,000","65,386,000","90,445,000","85,405,000","99,474,000","72,964,000","80,571,000","75,460,000","65,757,000","44,781,000","56,039,000","46,085,000","32,203,000","21,143,000","67,577,000","57,258,000","60,965,000","43,103,000","55,033,000","48,471,000","38,344,000","35,428,000","57,305,000","40,506,000","44,142,000","34,966,000","48,682,000","34,493,000","33,826,000","29,654,000","45,518,000","34,848,000","34,695,000","25,101,000","32,891,000","25,650,000","24,818,000","17,434,000","16,786,000","24,866,000","25,465,000","19,673,000","43,767,000","16,752,000","33,372,000","27,831,000","43,970,000","34,950,000","36,152,000","21,000,000","27,000,000","20,100,000","19,500,000","11,600,000","43,100,000","21,800,000","20,900,000","7,900,000","23,200,000","17,200,000","13,300,000","15,100,000","28,500,000","18,100,000","20,600,000","14,100,000","25,200,000","23,100,000","21,000,000","13,500,000","23,500,000","21,600,000","17,000,000","11,500,000","21,700,000","18,400,000","14,500,000","11,600,000","19,600,000","17,300,000","18,100,000","12,200,000","18,300,000","15,600,000","12,700,000","10,600,000","14,600,000","10,500,000","12,600,000","9,900,000","11,000,000","12,300,000","73,500,000","65,000,000","-131,900,000","64,400,000","62,900,000","53,900,000","-111,900,000","51,500,000","55,000,000","44,900,000","-97,500,000","42,000,000","41,800,000","36,300,000","-87,100,000"
TaxRateForCalcs,"0.209","0.208","0.212","0.212","0.203","0.207","0.298","0.089","0.21","0.176","0.193","0.214","0.209","0.286","0.168","0.227","0.228","0.27","0.293","0.288","0.318","0.29","0.28","0.282","0.286","0.126","0.312","0.295","0.312","0.27","0.298","0.295","0.305","0.305","0.288","0.294","0.301","0.255","0.327","0.299","0.305","0.311","0.301","0.277","0.298","0.296","0.267","0.168","0.35","0.245","0.35","0.327","0.21","0.35","0.323","0.361","0.355","0.343","0.33","0.318","0.347","0.335","0.253","0.237","0.336","0.336","0.284","0.26","0.325","0.325","0.314","0.33","0.33","0.33","0.33","0.33","0.33","0.33","0.33","0.33","0.33","0.33","0.347","0.348","0.337","0.36","0.345","0.345","0.345","0.342","0.335","0.327","0.34","0.34","0.4","0.34","0.375","0.342","0.242","0.326","0.346","0.348","0.343","0.339","0.351","0.35","0.347","0.345","0.349","0.35","0.324","0.342","0.353","0.355","0.348","0.346","0.343","0.337","0.352","0.348","0.35","0.345","0.351","0.351","0.35","0.35","0.338","0.35","0.348","0.35","0.322","0.328",,,,,,,,,,,,,,,
TaxEffectOfUnusualItems,"0","0","0","0","0","0","0","0","0","0","0","0","0","0","0","0","0","0","0","0","0","0","0","0","0","0","0","0","0","0","0","0","0","0","-28,504.896","-94,962","-35,518","-149,430","-87,844.928","-250,224.597","-487,697.133","56,261.945","-835,386.138","46,769.607","534,511.312","277,009.48","173,627.456","-28,476.573","-128,450","-51,946.227","-85,654,100","-294,061.658","-951,565.207","2,337,630.542","-1,692,878.367","859,047.584","368,928.111","384,560.772","408,020.224","100,981.882","946,575.809","-357,781.038","-130,113.748","-65,498.571","-311,870.287","-237,817.851","-115,156.326","-33,754.132","242,768.509","156,975.567","-1,040,137.245","119,789.155","54,779.666","32,670.549","-211,189.711","-139,276.488","-204,214.114","240,948.033","-150,551.691","-286,452.117","-293,043.059","140,907.988","-4,095,754.928","1,677,819.573","-354,877.973","329,741.305","120,751.459","-182,499.212","-1,122,729.978","-650,684.932","-468,867.925","359,296.482","476,142.132","237,735.849","-6,160,000","271,770.335","-3,337,500","342,105.263","557,307.692","456,353.591","380,147.059","173,758.865","205,776.173","203,333.333","350,710.9","244,755.245","138,709.677","138,053.097","-34,871.795","175,182.482","-32,432.432","-102,512.563","141,317.365","284,297.521","-34,803.922","276,756.757","137,313.433","33,663.366","0","34,810.127","-140,127.389","138,053.097","105,263.158","-35,074.627","140,170.94","175,000","0","279,611.65","69,642.857","349,514.563","193,043.478","229,687.5",,,,,,,,,,,,,,,