name,ttm,12/31/2021,09/30/2021,06/30/2021,03/31/2021,12/31/2020,09/30/2020,06/30/2020,03/31/2020,12/31/2019,09/30/2019,06/30/2019,03/31/2019,12/31/2018,09/30/2018,06/30/2018,03/31/2018,12/31/2017,09/30/2017,06/30/2017,03/31/2017,12/31/2016,09/30/2016,06/30/2016,03/31/2016,12/31/2015,09/30/2015,06/30/2015,03/31/2015,12/31/2014,09/30/2014,06/30/2014,03/31/2014,12/31/2013,09/30/2013,06/30/2013,03/31/2013,12/31/2012,09/30/2012,06/30/2012,03/31/2012,12/31/2011,09/30/2011,06/30/2011,03/31/2011,12/31/2010,09/30/2010,06/30/2010,03/31/2010,12/31/2009,09/30/2009,06/30/2009,03/31/2009,12/31/2008,09/30/2008,06/30/2008,03/31/2008,12/31/2007,09/30/2007,06/30/2007,03/31/2007,12/31/2006,09/30/2006,06/30/2006,03/31/2006,12/31/2005,09/30/2005,06/30/2005,03/31/2005,12/31/2004,09/30/2004,06/30/2004,03/31/2004,12/31/2003,09/30/2003,06/30/2003,03/31/2003,12/31/2002,09/30/2002,06/30/2002,03/31/2002,12/31/2001,09/30/2001,06/30/2001,03/31/2001,12/31/2000,09/30/2000,06/30/2000,03/31/2000,12/31/1999,09/30/1999,06/30/1999,03/31/1999,12/31/1998,09/30/1998,06/30/1998,03/31/1998,12/31/1997,09/30/1997,06/30/1997,03/31/1997,12/31/1996,09/30/1996,06/30/1996,03/31/1996,12/31/1995,09/30/1995,06/30/1995,03/31/1995,12/31/1994,09/30/1994,06/30/1994,03/31/1994,12/31/1993,09/30/1993,06/30/1993,03/31/1993,12/31/1992,09/30/1992,06/30/1992,03/31/1992,12/31/1991,09/30/1991,06/30/1991,03/31/1991,12/31/1990,09/30/1990,06/30/1990,03/31/1990,12/31/1989,09/30/1989,06/30/1989,03/31/1989,12/31/1988,09/30/1988,06/30/1988,03/31/1988,12/31/1987,09/30/1987,06/30/1987,03/31/1987,12/31/1986,09/30/1986,06/30/1986,03/31/1986,12/31/1985,09/30/1985
TotalRevenue,"17,069,000,000","5,046,000,000","4,370,000,000","3,927,000,000","3,726,000,000","4,395,000,000","4,785,000,000","4,204,000,000","4,613,000,000","4,588,000,000","5,572,000,000","4,970,000,000","4,075,000,000","4,376,000,000","4,418,000,000","4,069,000,000","3,863,000,000","4,010,000,000","4,808,000,000","4,404,000,000","3,972,000,000","3,698,000,000","4,805,000,000","3,817,000,000","3,835,000,000","4,069,000,000","4,954,000,000","4,358,000,000","4,104,000,000","4,664,000,000","4,654,000,000","4,029,000,000","3,674,000,000","3,630,000,000","4,394,000,000","3,833,000,000","3,279,000,000","3,375,000,000","3,843,000,000","3,667,000,000","3,371,000,000","3,865,000,000","4,382,000,000","3,961,000,000","3,134,000,000","3,413,000,000","4,691,000,000","3,591,000,000","3,622,000,000","3,655,000,000","4,473,000,000","3,811,000,000","3,705,000,000","4,003,000,000","5,387,000,000","3,585,000,000","3,434,000,000","3,684,000,000","4,575,000,000","3,929,000,000","3,075,000,000","3,623,000,000","4,694,000,000","3,809,000,000","3,584,000,000","3,164,000,000","3,504,000,000","2,741,000,000","2,437,000,000","2,589,000,000","2,983,000,000","2,619,000,000","2,331,000,000","2,025,000,000","2,974,000,000","2,459,000,000","2,173,000,000","2,060,000,000","2,353,000,000","2,248,000,000","1,843,000,000","1,839,000,000","2,529,000,000","2,166,000,000","1,941,000,000","1,857,000,000","2,087,000,000","1,670,000,000","1,468,000,000","1,520,000,000","1,892,000,000","1,614,000,000","1,412,000,000","1,631,000,000","1,999,000,000","1,692,000,000","1,338,000,000","1,477,700,000","1,859,000,000","1,587,000,000","1,445,200,000","1,435,400,000","1,769,600,000","1,474,100,000","1,357,700,000","1,361,400,000","1,587,000,000","1,466,700,000","1,177,400,000","1,287,800,000","1,512,900,000","1,443,100,000","1,178,900,000","1,231,600,000","1,602,700,000","1,349,900,000","1,132,400,000","1,271,200,000","1,569,100,000","1,262,000,000","1,093,400,000","1,181,200,000","1,518,300,000","1,386,700,000","1,163,100,000","1,581,700,000","1,774,500,000","1,575,300,000","1,357,500,000","1,471,400,000","1,812,500,000","1,530,100,000","1,365,800,000","2,222,500,000","1,384,800,000","1,174,100,000","1,072,100,000","1,100,100,000","1,308,400,000","1,062,300,000","968,300,000","979,100,000","1,170,300,000","999,100,000","943,000,000","1,032,300,000","1,263,000,000"
	OperatingRevenue,"17,069,000,000","5,046,000,000","4,370,000,000","3,927,000,000","3,726,000,000","4,395,000,000","4,785,000,000","4,204,000,000","4,613,000,000","4,588,000,000","5,572,000,000","4,970,000,000","4,075,000,000","4,376,000,000","4,418,000,000","4,069,000,000","3,863,000,000","4,010,000,000","4,808,000,000","4,404,000,000","3,972,000,000","3,698,000,000","4,805,000,000","3,817,000,000","3,835,000,000","4,069,000,000","4,954,000,000","4,358,000,000","4,104,000,000","4,664,000,000","4,654,000,000","4,029,000,000","3,674,000,000","3,630,000,000","4,394,000,000","3,833,000,000","3,279,000,000","3,375,000,000","3,843,000,000","3,667,000,000","3,371,000,000","3,865,000,000","4,382,000,000","3,961,000,000","3,134,000,000","3,413,000,000","4,691,000,000","3,591,000,000","3,622,000,000","3,655,000,000","4,473,000,000","3,811,000,000","3,705,000,000","4,003,000,000","5,387,000,000","3,585,000,000","3,434,000,000","3,684,000,000","4,575,000,000","3,929,000,000","3,075,000,000","3,623,000,000","4,694,000,000","3,809,000,000","3,584,000,000","3,164,000,000","3,504,000,000","2,741,000,000","2,437,000,000","2,589,000,000","2,983,000,000","2,619,000,000","2,331,000,000","2,025,000,000","2,974,000,000","2,459,000,000","2,173,000,000","2,060,000,000","2,353,000,000","2,248,000,000","1,843,000,000","1,839,000,000","2,529,000,000","2,166,000,000","1,941,000,000","1,857,000,000","2,087,000,000","1,670,000,000","1,468,000,000","1,520,000,000","1,892,000,000","1,614,000,000","1,412,000,000","1,631,000,000","1,999,000,000","1,692,000,000","1,338,000,000","1,477,700,000","1,859,000,000","1,587,000,000","1,445,200,000","1,435,400,000","1,769,600,000","1,474,100,000","1,357,700,000","1,361,400,000","1,587,000,000","1,466,700,000","1,177,400,000","1,287,800,000","1,512,900,000","1,443,100,000","1,178,900,000","1,231,600,000","1,602,700,000","1,349,900,000","1,132,400,000","1,271,200,000","1,569,100,000","1,262,000,000","1,093,400,000","1,181,200,000","1,518,300,000","1,386,700,000","1,163,100,000","1,581,700,000","1,774,500,000","1,575,300,000","1,357,500,000","1,471,400,000","1,812,500,000","1,530,100,000","1,365,800,000","2,222,500,000","1,384,800,000","1,174,100,000","1,072,100,000","1,100,100,000","1,308,400,000","1,062,300,000","968,300,000","979,100,000","1,170,300,000","999,100,000","943,000,000","1,032,300,000","1,263,000,000"
CostOfRevenue,"8,480,000,000","2,323,000,000","2,293,000,000","1,969,000,000","1,895,000,000","1,971,000,000","2,033,000,000","1,635,000,000","1,651,000,000","2,119,000,000","2,129,000,000","1,974,000,000","1,782,000,000","1,806,000,000","1,917,000,000","1,743,000,000","1,596,000,000","1,905,000,000","1,945,000,000","1,854,000,000","1,694,000,000","1,852,000,000","2,050,000,000","1,803,000,000","1,727,000,000","2,092,000,000","2,291,000,000","2,116,000,000","2,098,000,000","2,118,000,000","2,338,000,000","2,141,000,000","2,153,000,000","2,048,000,000","2,256,000,000","2,026,000,000","1,821,000,000","4,333,000,000","1,526,000,000","1,236,000,000","1,182,000,000","1,384,000,000","1,911,000,000","1,557,000,000","1,404,000,000","1,447,000,000","1,991,000,000","1,455,000,000","1,349,000,000","1,632,000,000","2,164,000,000","1,797,000,000","1,811,000,000","1,994,000,000","2,728,000,000","1,964,000,000","1,726,000,000","1,971,000,000","2,443,000,000","2,106,000,000","1,672,000,000","2,060,000,000","2,656,000,000","2,174,000,000","2,053,000,000","1,713,000,000","1,826,000,000","1,393,000,000","1,238,000,000","1,328,000,000","1,488,000,000","1,243,000,000","1,159,000,000","803,000,000","1,532,000,000","1,182,000,000","1,021,000,000","928,000,000","1,082,000,000","1,089,000,000","804,000,000","783,000,000","1,242,000,000","1,054,000,000","951,000,000","876,000,000","845,000,000","605,000,000","542,000,000","577,000,000","693,000,000","588,000,000","506,000,000","592,000,000","659,000,000","558,000,000","436,000,000","477,500,000","673,600,000","560,300,000","543,600,000","552,300,000","628,500,000","500,200,000","449,700,000","437,500,000","480,900,000","458,400,000","344,900,000","406,600,000","470,300,000","473,600,000","364,800,000",,,,,,,,,,,,,,,,,,,,,,,,,,,,,,,,,,
GrossProfit,"8,589,000,000","2,723,000,000","2,077,000,000","1,958,000,000","1,831,000,000","2,424,000,000","2,752,000,000","2,569,000,000","2,962,000,000","2,469,000,000","3,443,000,000","2,996,000,000","2,293,000,000","2,570,000,000","2,501,000,000","2,326,000,000","2,267,000,000","2,105,000,000","2,863,000,000","2,550,000,000","2,278,000,000","1,846,000,000","2,755,000,000","2,014,000,000","2,108,000,000","1,977,000,000","2,663,000,000","2,242,000,000","2,006,000,000","2,546,000,000","2,316,000,000","1,888,000,000","1,521,000,000","1,582,000,000","2,138,000,000","1,807,000,000","1,458,000,000","-958,000,000","2,317,000,000","2,431,000,000","2,189,000,000","2,481,000,000","2,471,000,000","2,404,000,000","1,730,000,000","1,966,000,000","2,700,000,000","2,136,000,000","2,273,000,000","2,023,000,000","2,309,000,000","2,014,000,000","1,894,000,000","2,009,000,000","2,659,000,000","1,621,000,000","1,708,000,000","1,713,000,000","2,132,000,000","1,823,000,000","1,403,000,000","1,563,000,000","2,038,000,000","1,635,000,000","1,531,000,000","1,451,000,000","1,678,000,000","1,348,000,000","1,199,000,000","1,261,000,000","1,495,000,000","1,376,000,000","1,172,000,000","1,222,000,000","1,442,000,000","1,277,000,000","1,152,000,000","1,132,000,000","1,271,000,000","1,159,000,000","1,039,000,000","1,056,000,000","1,287,000,000","1,112,000,000","990,000,000","981,000,000","1,242,000,000","1,065,000,000","926,000,000","943,000,000","1,199,000,000","1,026,000,000","906,000,000","1,039,000,000","1,340,000,000","1,134,000,000","902,000,000","1,000,200,000","1,185,400,000","1,026,700,000","901,600,000","883,100,000","1,141,100,000","973,900,000","908,000,000","923,900,000","1,106,100,000","1,008,300,000","832,500,000","881,200,000","1,042,600,000","969,500,000","814,100,000",,,,,,,,,,,,,,,,,,,,,,,,,,,,,,,,,,
OperatingExpense,"5,583,000,000","1,355,000,000","1,674,000,000","1,407,000,000","1,147,000,000","1,346,000,000","1,711,000,000","1,380,000,000","1,232,000,000","1,263,000,000","1,834,000,000","1,585,000,000","1,142,000,000","1,424,000,000","1,503,000,000","1,180,000,000","1,214,000,000","97,000,000","1,446,000,000","1,237,000,000","936,000,000","1,336,000,000","1,333,000,000","826,000,000","845,000,000","1,072,000,000","1,155,000,000","1,071,000,000","862,000,000","995,000,000","1,146,000,000","931,000,000","768,000,000","929,000,000","941,000,000","814,000,000","698,000,000","-1,686,000,000","1,568,000,000","1,409,000,000","1,346,000,000","1,349,000,000","1,560,000,000","1,446,000,000","1,302,000,000","1,496,000,000","1,575,000,000","1,427,000,000","1,334,000,000","1,466,000,000","1,460,000,000","1,409,000,000","1,311,000,000","1,303,000,000","1,323,000,000","1,308,000,000","1,265,000,000","1,292,000,000","1,232,000,000","1,159,000,000","1,105,000,000","1,239,000,000","1,171,000,000","1,197,000,000","1,058,000,000","1,099,000,000","1,119,000,000","1,002,000,000","965,000,000","1,007,000,000","972,000,000","919,000,000","911,000,000","962,000,000","892,000,000","863,000,000","844,000,000","884,000,000","1,004,000,000","750,000,000","783,000,000","819,000,000","747,000,000","732,000,000","750,000,000","835,000,000","731,000,000","718,000,000","689,000,000","729,000,000","729,000,000","891,000,000","549,000,000","852,000,000","812,000,000","817,000,000","684,000,000","783,100,000","721,200,000","705,400,000","676,400,000","694,200,000","682,000,000","674,700,000","684,700,000","735,500,000","658,200,000","696,100,000","583,700,000","685,000,000","614,500,000","680,600,000","578,900,000",,,,,,,,,,,,,,,,,,,,,,,,,,,,,,,,,,
	DepreciationAmortizationDepletionIncomeStatement,"3,924,000,000","964,000,000","1,230,000,000","981,000,000","749,000,000","944,000,000","1,279,000,000","981,000,000","848,000,000","969,000,000","1,295,000,000","1,181,000,000","772,000,000","1,092,000,000","1,131,000,000","831,000,000","857,000,000","-219,000,000","1,070,000,000","886,000,000","619,000,000","815,000,000","983,000,000","742,000,000","537,000,000","749,000,000","798,000,000","737,000,000","547,000,000","692,000,000","782,000,000","614,000,000","463,000,000","640,000,000","605,000,000","500,000,000","419,000,000","397,000,000","467,000,000","335,000,000","320,000,000","331,000,000","496,000,000","408,000,000","331,000,000","477,000,000","531,000,000","386,000,000","414,000,000","488,000,000","433,000,000","435,000,000","409,000,000","417,000,000","348,000,000","359,000,000","344,000,000","361,000,000","329,000,000","327,000,000","318,000,000","344,000,000","341,000,000","331,000,000","318,000,000","368,000,000","387,000,000","358,000,000","326,000,000","301,000,000","298,000,000","298,000,000","301,000,000","297,000,000","282,000,000","267,000,000","259,000,000","234,000,000","225,000,000","230,000,000","264,000,000","251,000,000","246,000,000","245,000,000","240,000,000","269,000,000","237,000,000","266,000,000","259,000,000","272,000,000","245,000,000","244,000,000","279,000,000","373,000,000","314,000,000","348,000,000","249,000,000","264,400,000","266,200,000","262,500,000","267,900,000","203,100,000","257,800,000","231,900,000","267,700,000","242,100,000","212,700,000","262,800,000","200,300,000","180,500,000","206,200,000","170,200,000","167,000,000",,,,,,,,,,,,,,,,,,,,,,,,,,,,,,,,,,
		DepreciationAndAmortizationInIncomeStatement,"3,924,000,000","964,000,000","1,230,000,000","981,000,000","749,000,000","944,000,000","1,279,000,000","981,000,000","848,000,000","969,000,000","1,295,000,000","1,181,000,000","772,000,000","1,092,000,000","1,131,000,000","831,000,000","857,000,000","-219,000,000","1,070,000,000","886,000,000","619,000,000","815,000,000","983,000,000","742,000,000","537,000,000","749,000,000","798,000,000","737,000,000","547,000,000","692,000,000","782,000,000","614,000,000","463,000,000","640,000,000","605,000,000","500,000,000","419,000,000","397,000,000","467,000,000","335,000,000","320,000,000","331,000,000","496,000,000","408,000,000","331,000,000","477,000,000","531,000,000","386,000,000","414,000,000","488,000,000","433,000,000","435,000,000","409,000,000",,,,,,,,,,,,,,,,,,,,,,,,,,,,,,,,,,,,,,,,,,,,,,,,,,,,,,,,,,,,,,,,,,,,,,,,,,,,,,,,,,,,,,,,,,,,,,
			DepreciationIncomeStatement,,,,,,,,,,,,,,,,,,,,,,,,,,,,,,,,,,,,,,,,,,,,,,,,,,,"430,000,000","428,000,000","390,000,000",,,,,,,,,,,,,,,,,,,,,,,,,,,,,,,,,,,,,,,,,,,,,,,,,,,,,,,,,,,,,,,,,,,,,,,,,,,,,,,,,,,,,,,,,,,,,,
			Amortization,,,,,,,,,,,,,,,,,,,,,,,,,,,,,,,,,,,,,,,,,,,,,,,,,,,"3,000,000","7,000,000","19,000,000",,,,,,,,,,,,,,,,,,,,,,,,,,,,,,,,,,,,,,,,,,,,,,,,,,,,,,,,,,,,,,,,,,,,,,,,,,,,,,,,,,,,,,,,,,,,,,
				AmortizationOfIntangiblesIncomeStatement,,,,,,,,,,,,,,,,,,,,,,,,,,,,,,,,,,,,,,,,,,,,,,,,,,,"3,000,000","7,000,000","19,000,000",,,,,,,,,,,,,,,,,,,,,,,,,,,,,,,,,,,,,,,,,,,,,,,,,,,,,,,,,,,,,,,,,,,,,,,,,,,,,,,,,,,,,,,,,,,,,,
	OtherTaxes,"1,801,000,000","433,000,000","481,000,000","460,000,000","427,000,000","431,000,000","454,000,000","419,000,000","406,000,000","310,000,000","553,000,000","416,000,000","396,000,000","360,000,000","396,000,000","371,000,000","379,000,000","340,000,000","397,000,000","376,000,000","339,000,000","545,000,000","370,000,000","101,000,000","333,000,000","345,000,000","377,000,000","350,000,000","326,000,000","312,000,000","371,000,000","323,000,000","320,000,000","302,000,000","348,000,000","326,000,000","305,000,000","331,000,000","325,000,000","279,000,000","251,000,000","228,000,000","316,000,000","267,000,000","278,000,000","265,000,000","332,000,000","289,000,000","261,000,000","301,000,000","345,000,000","302,000,000","284,000,000","285,000,000","342,000,000","298,000,000","279,000,000","272,000,000","321,000,000","271,000,000","271,000,000","269,000,000","313,000,000","285,000,000","266,000,000","212,000,000","263,000,000","233,000,000","224,000,000","215,000,000","239,000,000","214,000,000","212,000,000","207,000,000","227,000,000","205,000,000","192,000,000","165,000,000","199,000,000","185,000,000","173,000,000","172,000,000","195,000,000","174,000,000","169,000,000","149,000,000","180,000,000","144,000,000","145,000,000","153,000,000","175,000,000","144,000,000","144,000,000","140,000,000","171,000,000","150,000,000","136,000,000","145,600,000","164,500,000","144,600,000","139,300,000","151,100,000","160,000,000","138,300,000","137,000,000","134,400,000","148,300,000","138,100,000","128,400,000","129,900,000","145,000,000","134,300,000","121,900,000",,,,,,,,,,,,,,,,,,,,,,,,,,,,,,,,,,
	OtherOperatingExpenses,"-142,000,000","-42,000,000","-37,000,000","-34,000,000","-29,000,000","-29,000,000","-22,000,000","-20,000,000","-22,000,000","-16,000,000","-14,000,000","-12,000,000","-26,000,000","-28,000,000","-24,000,000","-22,000,000","-22,000,000","-24,000,000","-21,000,000","-25,000,000","-22,000,000","-24,000,000","-20,000,000","-17,000,000","-25,000,000","-22,000,000","-20,000,000","-16,000,000","-11,000,000","-9,000,000","-7,000,000","-6,000,000","-15,000,000","-13,000,000","-12,000,000","-12,000,000","-26,000,000","-2,414,000,000","776,000,000","795,000,000","775,000,000","790,000,000","748,000,000","771,000,000","693,000,000","754,000,000","712,000,000","752,000,000","659,000,000","677,000,000","682,000,000","672,000,000","618,000,000","601,000,000","633,000,000","651,000,000","642,000,000","659,000,000","582,000,000","561,000,000","516,000,000","626,000,000","517,000,000","581,000,000","474,000,000","519,000,000","469,000,000","411,000,000","415,000,000","491,000,000","435,000,000","407,000,000","398,000,000","458,000,000","383,000,000","391,000,000","393,000,000","485,000,000","580,000,000","335,000,000","346,000,000","396,000,000","306,000,000","313,000,000","341,000,000","417,000,000","314,000,000","308,000,000","285,000,000","304,000,000","309,000,000","503,000,000","126,000,000","339,000,000","327,000,000","319,000,000","299,000,000","373,100,000","290,500,000","298,300,000","269,200,000","340,000,000","264,200,000","304,500,000","280,000,000","359,000,000","297,200,000","295,200,000","255,000,000","374,600,000","263,300,000","376,100,000","290,000,000",,,,,,,,,,,,,,,,,,,,,,,,,,,,,,,,,,
OperatingIncome,"3,006,000,000","1,368,000,000","403,000,000","551,000,000","684,000,000","1,078,000,000","1,041,000,000","1,189,000,000","1,730,000,000","1,206,000,000","1,609,000,000","1,411,000,000","1,151,000,000","1,146,000,000","998,000,000","1,146,000,000","1,053,000,000","2,008,000,000","1,417,000,000","1,313,000,000","1,342,000,000","510,000,000","1,422,000,000","1,188,000,000","1,263,000,000","905,000,000","1,508,000,000","1,171,000,000","1,144,000,000","1,551,000,000","1,170,000,000","957,000,000","753,000,000","653,000,000","1,197,000,000","993,000,000","760,000,000","728,000,000","749,000,000","1,022,000,000","843,000,000","1,132,000,000","911,000,000","958,000,000","428,000,000","470,000,000","1,125,000,000","709,000,000","939,000,000","557,000,000","849,000,000","605,000,000","583,000,000","706,000,000","1,336,000,000","313,000,000","443,000,000","421,000,000","900,000,000","664,000,000","298,000,000","324,000,000","867,000,000","438,000,000","473,000,000","352,000,000","559,000,000","346,000,000","234,000,000","254,000,000","523,000,000","457,000,000","261,000,000","260,000,000","550,000,000","414,000,000","308,000,000","248,000,000","267,000,000","409,000,000","256,000,000","237,000,000","540,000,000","380,000,000","240,000,000","146,000,000","511,000,000","347,000,000","237,000,000","214,000,000","470,000,000","135,000,000","357,000,000","187,000,000","528,000,000","317,000,000","218,000,000","217,100,000","464,200,000","321,300,000","225,200,000","188,900,000","459,100,000","299,200,000","223,300,000","188,400,000","447,900,000","312,200,000","248,800,000","196,200,000","428,100,000","288,900,000","235,200,000","1,231,600,000","1,602,700,000","1,349,900,000","1,132,400,000","1,271,200,000","1,569,100,000","1,262,000,000","1,093,400,000","1,181,200,000","1,518,300,000","1,386,700,000","1,163,100,000","1,581,700,000","1,774,500,000","1,575,300,000","1,357,500,000","1,471,400,000","1,812,500,000","1,530,100,000","1,365,800,000","2,222,500,000","1,384,800,000","1,174,100,000","1,072,100,000","1,100,100,000","1,308,400,000","1,062,300,000","968,300,000","979,100,000","1,170,300,000","999,100,000","943,000,000","1,032,300,000","1,263,000,000"
NetNonOperatingInterestIncomeExpense,"-1,270,000,000","-632,000,000","-328,000,000","-750,000,000","440,000,000","-104,000,000","-201,000,000","-309,000,000","-1,298,000,000","-175,000,000","-730,000,000","-588,000,000","-702,000,000","-699,000,000","-156,000,000","-384,000,000","-208,000,000","-365,000,000","-361,000,000","-411,000,000","-341,000,000","408,000,000","-346,000,000","-582,000,000","-491,000,000","-278,000,000","-289,000,000","-258,000,000","-300,000,000","-301,000,000","-298,000,000","-284,000,000","-297,000,000","-276,000,000","-268,000,000","-247,000,000","-253,000,000","-219,000,000","-239,000,000","-248,000,000","-245,000,000","-239,000,000","-244,000,000","-240,000,000","-233,000,000","-225,000,000","-225,000,000","-219,000,000","-220,000,000","-198,000,000","-189,000,000","-198,000,000","-184,000,000",,,,,,,,,,,,,,,,,,,,,,,,,,,,,,,,,,,,,,,,,,,,,,,,,,,,,,,,,,,,,,,,,,,,,,,,,,,,,,,,,,,,,,,,,,,,,,
	InterestIncomeNonOperating,,,"7,000,000","7,000,000","440,000,000","7,000,000","7,000,000","11,000,000","13,000,000","13,000,000","16,000,000","13,000,000","12,000,000","12,000,000","11,000,000","10,000,000","18,000,000","22,000,000","20,000,000","19,000,000","19,000,000","21,000,000","23,000,000","20,000,000","18,000,000","21,000,000","22,000,000","22,000,000","21,000,000","20,000,000","18,000,000","21,000,000","22,000,000","20,000,000","20,000,000","19,000,000","19,000,000","24,000,000","20,000,000","22,000,000","20,000,000","21,000,000","21,000,000","16,000,000","21,000,000","22,000,000","22,000,000","28,000,000","18,000,000","20,000,000","15,000,000","17,000,000","27,000,000",,,,,,,,,,,,,,,,,,,,,,,,,,,,,,,,,,,,,,,,,,,,,,,,,,,,,,,,,,,,,,,,,,,,,,,,,,,,,,,,,,,,,,,,,,,,,,
	InterestExpenseNonOperating,"1,270,000,000","599,000,000","335,000,000","757,000,000",,"111,000,000","208,000,000","320,000,000","1,311,000,000","188,000,000","746,000,000","601,000,000","714,000,000","711,000,000","167,000,000","394,000,000","226,000,000","387,000,000","381,000,000","430,000,000","360,000,000","-387,000,000","369,000,000","602,000,000","509,000,000","299,000,000","311,000,000","280,000,000","321,000,000","321,000,000","316,000,000","305,000,000","319,000,000","296,000,000","288,000,000","266,000,000","272,000,000","243,000,000","259,000,000","270,000,000","265,000,000","260,000,000","265,000,000","256,000,000","254,000,000","247,000,000","247,000,000","247,000,000","238,000,000","218,000,000","204,000,000","215,000,000","211,000,000",,,,,,,,,,,,,,,,,,,,,,,,,,,,,,,,,,,,,,,,,,,,,,,,,,,,,,,,,,,,,,,,,,,,,,,,,,,,,,,,,,,,,,,,,,,,,,
OtherIncomeExpense,"1,439,000,000","481,000,000","202,000,000","131,000,000","624,000,000","-1,199,000,000","412,000,000","434,000,000","-359,000,000","5,000,000","-23,000,000","440,000,000","231,000,000","-175,000,000","227,000,000","169,000,000","4,235,000,000","-1,557,000,000","164,000,000","191,000,000","1,265,000,000","603,000,000","131,000,000","157,000,000","124,000,000","130,000,000","83,000,000","81,000,000","92,000,000","87,000,000","71,000,000","111,000,000","127,000,000","74,000,000","66,000,000","75,000,000","-255,000,000","59,000,000","59,000,000","76,000,000","20,000,000","30,000,000","-102,000,000","9,000,000","41,000,000","18,000,000","60,000,000","4,000,000","51,000,000","44,000,000","55,000,000","34,000,000","-31,000,000","-11,000,000","-20,000,000","13,000,000","15,000,000","-74,000,000","50,000,000","41,000,000","15,000,000","123,000,000","49,000,000","30,000,000","7,000,000","0","81,000,000","39,000,000","53,000,000","29,000,000","52,000,000","10,000,000","27,000,000","5,000,000","54,000,000","24,000,000","26,000,000","7,000,000","18,000,000","47,000,000","13,000,000","8,000,000","46,000,000","34,000,000","15,000,000","13,000,000","46,000,000","26,000,000","7,000,000","1,000,000","39,000,000","32,000,000","9,000,000","-14,000,000","21,000,000","16,000,000","7,000,000","-24,900,000","16,700,000","1,700,000","7,800,000","-1,800,000","4,400,000","-8,500,000","-1,400,000","3,400,000","9,200,000","900,000","5,400,000","2,200,000","13,300,000","-700,000","-2,800,000",,,,,,,,,,,,,,,,,,,,,,,,,,,,,,,,,,
	GainOnSaleOfSecurity,"337,000,000","131,000,000","-9,000,000","127,000,000","87,000,000","194,000,000","103,000,000","220,000,000","-304,000,000","99,000,000","7,000,000","47,000,000","140,000,000","-183,000,000","61,000,000","16,000,000","30,000,000","50,000,000","15,000,000","3,000,000","45,000,000","4,000,000",,,,,,,,"0",,,"21,000,000",,,,,,,,,,,,,,,,,,,,,,,,,,,,,,,,,,,,,,,,,,,,,,,,,,,,,,,,,,,,,,,,,,,,,,,,,,,,,,,,,,,,,,,,,,,,,,,,,,,,,,,,,,,,,,,,,,
	EarningsFromEquityInterest,"666,000,000","201,000,000","109,000,000","-84,000,000","440,000,000","-1,364,000,000","249,000,000","154,000,000","-390,000,000","146,000,000","-90,000,000","-6,000,000","16,000,000","-14,000,000","122,000,000","54,000,000","197,000,000","-12,000,000","56,000,000","66,000,000","31,000,000","1,000,000","70,000,000","44,000,000","32,000,000","20,000,000","51,000,000","27,000,000","9,000,000","33,000,000","38,000,000","20,000,000",,,,"0","0","-4,000,000","16,000,000","4,000,000","-3,000,000","-2,000,000","28,000,000","18,000,000","10,000,000","2,000,000","33,000,000","15,000,000","7,000,000","3,000,000","29,000,000","13,000,000","7,000,000",,,,,,,,,,,,,,,,,,,,,,,,,,,,,,,,,,,,,,,,,,,,,,,,,,,,,,,,,,,,,,,,,,,,,,,,,,,,,,,,,,,,,,,,,,,,,,
	SpecialIncomeCharges,"77,000,000","57,000,000","13,000,000","-7,000,000","14,000,000","74,000,000","-11,000,000","17,000,000","273,000,000","-79,000,000","-2,000,000","348,000,000","10,000,000","-22,000,000","-4,000,000","38,000,000","3,951,000,000","-503,000,000","3,000,000","-3,000,000","1,085,000,000","471,000,000","-15,000,000","10,000,000","11,000,000","32,000,000","-16,000,000","-4,000,000","18,000,000","-8,000,000","12,000,000","33,000,000","44,000,000","3,000,000","20,000,000","9,000,000","-300,000,000","5,000,000","43,000,000","72,000,000","23,000,000","32,000,000","-130,000,000","-9,000,000","31,000,000","16,000,000","27,000,000","-11,000,000","44,000,000","41,000,000","26,000,000","21,000,000","-38,000,000","-11,000,000","-20,000,000","13,000,000","15,000,000","-74,000,000","50,000,000","41,000,000","15,000,000","123,000,000","49,000,000","30,000,000","7,000,000","0","81,000,000","39,000,000","53,000,000","29,000,000","52,000,000","10,000,000","27,000,000","5,000,000","54,000,000","24,000,000","26,000,000","7,000,000","18,000,000","47,000,000","13,000,000","8,000,000","46,000,000","34,000,000","15,000,000","13,000,000","46,000,000","26,000,000","7,000,000","1,000,000","39,000,000","32,000,000","9,000,000","-14,000,000","21,000,000","16,000,000","7,000,000","-24,900,000","16,700,000","1,700,000","7,800,000","-1,800,000","4,400,000","-8,500,000","-1,400,000","3,400,000","9,200,000","900,000","5,400,000","2,200,000","13,300,000","-700,000","-2,800,000",,,,,,,,,,,,,,,,,,,,,,,,,,,,,,,,,,
		RestructuringAndMergernAcquisition,,,,,,,,,,"3,000,000",,"6,000,000","16,000,000","19,000,000","13,000,000","1,000,000",,"52,000,000","2,000,000","4,000,000","11,000,000","-65,000,000","22,000,000","2,000,000","4,000,000","6,000,000","7,000,000","9,000,000","4,000,000",,,,,,,"0","0","0",,,,,,,,,,,,,,,,,,,,,,,,,,,,,,,,,,,,,,,,,,,,,,,,,,,,,,,,,,,,,,,,,,,,,,,,,,,,,,,,,,,,,,,,,,,,,,,,,,,,,,,,,,,,,
		ImpairmentOfCapitalAssets,,,,,,,,,,,,,,,,,,,,,,,,,,,,,,,,,,,,,,,"0","0",,"0","0","51,000,000",,,"1,000,000",,"1,000,000","4,000,000","0","1,000,000","53,000,000",,,,,,,,,,,,,,,,,,,,,,,,,,,,,,,,,,,,,,,,,,,,,,,,,,,,,,,,,,,,,,,,,,,,,,,,,,,,,,,,,,,,,,,,,,,,,,
		WriteOff,,,,,,,,,,"-1,000,000",,,,"11,000,000",,,,"428,000,000",,,,"4,000,000","2,000,000",,,"10,000,000","24,000,000",,,"24,000,000","0","0","0","11,000,000","0","0","300,000,000","5,000,000",,,,,,,,,,,,,,,,,,,,,,,,,,,,,,,,,,,,,,,,,,,,,,,,,,,,,,,,,,,,,,,,,,,,,,,,,,,,,,,,,,,,,,,,,,,,,,,,,,,,,,,,,,,,,
		OtherSpecialCharges,,,"-37,000,000","-34,000,000","-29,000,000","-29,000,000","-22,000,000","-20,000,000","-22,000,000","-16,000,000","-14,000,000","-12,000,000","-26,000,000","-28,000,000","-24,000,000","-22,000,000","-22,000,000","-24,000,000","-21,000,000","-25,000,000","-22,000,000","-24,000,000","-20,000,000","-17,000,000","-25,000,000","-22,000,000","-20,000,000","-16,000,000","-11,000,000","-9,000,000","-7,000,000","-6,000,000","-15,000,000","-13,000,000","-12,000,000","-12,000,000","-26,000,000","69,000,000","-43,000,000","-72,000,000",,"-183,000,000","130,000,000","-42,000,000",,,"-28,000,000",,"-45,000,000","-45,000,000","-26,000,000","-22,000,000","-15,000,000",,,,,,,,,,,,,,,,,,,,,,,,,,,,,,,,,,,,,,,,,,,,,,,,,,,,,,,,,,,,,,,,,,,,,,,,,,,,,,,,,,,,,,,,,,,,,,
		GainOnSaleOfBusiness,"77,000,000","57,000,000","13,000,000","-7,000,000","14,000,000","74,000,000","-11,000,000","17,000,000","273,000,000","28,000,000","-2,000,000","354,000,000","26,000,000","8,000,000","9,000,000","39,000,000","3,951,000,000","5,000,000","5,000,000","1,000,000","1,096,000,000","188,000,000",,,,,,,,,,,,,,"0","0","0",,,,,,,,,,,,,,,,,,,,,,,,,,,,,,,,,,,,,,,,,,,,,,,,,,,,,,,,,,,,,,,,,,,,,,,,,,,,,,,,,,,,,,,,,,,,,,,,,,,,,,,,,,,,,
		GainOnSaleOfPPE,,,,,,,,,,,,,,,,,,,,,,,"9,000,000","12,000,000","15,000,000","48,000,000","15,000,000","5,000,000","22,000,000","16,000,000","12,000,000","33,000,000","44,000,000","14,000,000","20,000,000","9,000,000","12,000,000","37,000,000",,,,"-3,000,000",,,,,,,"39,000,000",,,,,,,,,,,,,,,,,,,,,,,,,,,,,,,,,,,,,,,,,,,,,,,,,,,,,,,,,,,,,,,,,,,,,,,,,,,,,,,,,,,,,,,,,,,,,,,,,,
	OtherNonOperatingIncomeExpenses,"359,000,000","92,000,000","89,000,000","95,000,000","83,000,000","-103,000,000","71,000,000","43,000,000","62,000,000","-161,000,000","62,000,000","51,000,000","65,000,000","44,000,000","48,000,000","61,000,000","57,000,000","-1,092,000,000","90,000,000","125,000,000","104,000,000","91,000,000","76,000,000","103,000,000","81,000,000","78,000,000","48,000,000","58,000,000","65,000,000","62,000,000","21,000,000","58,000,000","62,000,000","46,000,000","46,000,000","66,000,000","45,000,000","12,000,000",,,,,,,,,,,,,,,,,,,,,,,,,,,,,,,,,,,,,,,,,,,,,,,,,,,,,,,,,,,,,,,,,,,,,,,,,,,,,,,,,,,,,,,,,,,,,,,,,,,,,,,,,,,,,
PretaxIncome,"3,175,000,000","1,217,000,000","277,000,000","-68,000,000","1,748,000,000","-225,000,000","1,252,000,000","1,314,000,000","73,000,000","1,036,000,000","856,000,000","1,263,000,000","680,000,000","272,000,000","1,069,000,000","931,000,000","5,080,000,000","86,000,000","1,220,000,000","1,093,000,000","2,266,000,000","1,521,000,000","1,207,000,000","763,000,000","896,000,000","757,000,000","1,302,000,000","994,000,000","936,000,000","1,337,000,000","943,000,000","784,000,000","583,000,000","451,000,000","995,000,000","821,000,000","252,000,000","568,000,000","569,000,000","850,000,000","618,000,000","923,000,000","565,000,000","727,000,000","236,000,000","263,000,000","960,000,000","494,000,000","770,000,000","403,000,000","715,000,000","441,000,000","383,000,000","515,000,000","1,135,000,000","160,000,000","279,000,000","232,000,000","760,000,000","532,000,000","156,000,000","288,000,000","753,000,000","315,000,000","323,000,000","249,000,000","492,000,000","257,000,000","159,000,000","173,000,000","463,000,000","352,000,000","166,000,000","163,000,000","495,000,000","350,000,000","253,000,000","174,000,000","207,000,000","373,000,000","185,000,000","167,000,000","499,000,000","328,000,000","166,000,000","78,000,000","479,000,000","305,000,000","178,000,000","152,000,000","447,000,000","105,000,000","315,000,000","75,000,000","444,000,000","265,000,000","158,000,000","112,000,000","406,400,000","247,300,000","156,300,000","117,700,000","392,200,000","217,100,000","146,300,000","109,500,000","377,600,000","229,700,000","165,000,000","115,000,000","356,000,000","203,500,000","151,400,000",,,,,,,,,,,,,,,,,,,,,,,,,,,,,,,,,,
TaxProvision,"348,000,000","264,000,000","-27,000,000","-140,000,000","250,000,000","-35,000,000","129,000,000","185,000,000","-235,000,000","192,000,000","58,000,000","124,000,000","74,000,000","-29,000,000","126,000,000","230,000,000","1,249,000,000","-1,982,000,000","364,000,000","289,000,000","675,000,000","504,000,000","418,000,000","219,000,000","259,000,000","247,000,000","421,000,000","274,000,000","286,000,000","453,000,000","279,000,000","292,000,000","153,000,000","124,000,000","297,000,000","211,000,000","168,000,000","139,000,000","154,000,000","243,000,000","157,000,000","256,000,000","158,000,000","147,000,000","-32,000,000","0","240,000,000","77,000,000","214,000,000","55,000,000","182,000,000","71,000,000","19,000,000","108,000,000","361,000,000","-49,000,000","30,000,000","8,000,000","227,000,000","127,000,000","6,000,000","17,000,000","229,000,000","77,000,000","75,000,000","43,000,000","153,000,000","54,000,000","22,000,000","1,000,000","143,000,000","95,000,000","28,000,000","19,000,000","160,000,000","111,000,000","78,000,000","45,000,000","57,000,000","123,000,000","19,000,000","49,000,000","165,000,000","109,000,000","56,000,000","13,000,000","165,000,000","101,000,000","57,000,000","32,000,000","156,000,000","28,000,000","106,000,000","-18,000,000","157,000,000","89,000,000","50,000,000","21,800,000","144,000,000","82,900,000","55,200,000","32,300,000","142,100,000","66,800,000","52,600,000","34,800,000","137,200,000","91,400,000","65,200,000","38,800,000","133,800,000","77,700,000","57,000,000",,,,,,,,,,,,,,,,,,,,,,,,,,,,,,,,,,
NetIncomeCommonStockholders,"3,573,000,000","1,204,000,000","447,000,000","256,000,000","1,666,000,000","-5,000,000","1,229,000,000","1,275,000,000","421,000,000","975,000,000","879,000,000","1,234,000,000","680,000,000","409,000,000","1,007,000,000","795,000,000","4,428,000,000","2,155,000,000","847,000,000","793,000,000","1,583,000,000","966,000,000","753,000,000","540,000,000","636,000,000","507,000,000","879,000,000","716,000,000","650,000,000","884,000,000","660,000,000","492,000,000","430,000,000","327,000,000","698,000,000","610,000,000","272,000,000","429,000,000","415,000,000","607,000,000","461,000,000","667,000,000","407,000,000","580,000,000","268,000,000","263,000,000","720,000,000","417,000,000","556,000,000","348,000,000","533,000,000","370,000,000","364,000,000","407,000,000","774,000,000","209,000,000","249,000,000","224,000,000","533,000,000","405,000,000","150,000,000","271,000,000","524,000,000","238,000,000","248,000,000","206,000,000","339,000,000","203,000,000","137,000,000","172,000,000","320,000,000","257,000,000","138,000,000","144,000,000","332,000,000","239,000,000","175,000,000","129,000,000","150,000,000","250,000,000","-56,000,000","118,000,000","334,000,000","219,000,000","110,000,000","65,000,000","314,000,000","204,000,000","121,000,000","120,000,000","291,000,000","77,000,000","209,000,000","93,000,000","287,000,000","176,000,000","108,000,000","90,200,000","262,400,000","164,400,000","101,100,000","85,400,000","250,100,000","150,300,000","93,700,000","74,700,000","240,400,000","138,300,000","99,800,000","76,200,000","222,200,000","125,800,000","94,400,000","73,200,000","129,800,000","99,900,000","80,700,000","90,100,000","176,700,000","92,100,000","64,000,000","32,000,000","177,500,000","64,500,000","-74,800,000","-2,200,000","-568,500,000","96,700,000","39,400,000","60,600,000","147,700,000","100,200,000",,,,,,,,,,,,,,,
	NetIncome,"3,573,000,000","1,204,000,000","447,000,000","256,000,000","1,666,000,000","-5,000,000","1,229,000,000","1,275,000,000","421,000,000","975,000,000","879,000,000","1,234,000,000","680,000,000","409,000,000","1,007,000,000","795,000,000","4,428,000,000","2,155,000,000","847,000,000","793,000,000","1,583,000,000","966,000,000","753,000,000","540,000,000","636,000,000","507,000,000","879,000,000","716,000,000","650,000,000","884,000,000","660,000,000","492,000,000","430,000,000","327,000,000","698,000,000","610,000,000","272,000,000","429,000,000","415,000,000","607,000,000","461,000,000","667,000,000","407,000,000","580,000,000","268,000,000","263,000,000","720,000,000","417,000,000","556,000,000","348,000,000","533,000,000","370,000,000","364,000,000","407,000,000","774,000,000","209,000,000","249,000,000","224,000,000","533,000,000","405,000,000","150,000,000","271,000,000","524,000,000","238,000,000","248,000,000","206,000,000","339,000,000","203,000,000","137,000,000","172,000,000","320,000,000","257,000,000","138,000,000","144,000,000","332,000,000","239,000,000","175,000,000","129,000,000","150,000,000","250,000,000","-56,000,000","118,000,000","334,000,000","219,000,000","110,000,000","65,000,000","314,000,000","204,000,000","121,000,000","120,000,000","291,000,000","77,000,000","209,000,000","93,000,000","287,000,000","176,000,000","108,000,000","90,200,000","262,400,000","164,400,000","101,100,000","85,400,000","250,100,000","150,300,000","93,700,000","74,700,000","240,400,000","138,300,000","99,800,000","76,200,000","222,200,000","125,800,000","94,400,000","85,700,000","140,500,000","110,500,000","92,000,000","101,200,000","187,800,000","103,500,000","74,400,000","42,300,000","187,700,000","74,700,000","-64,200,000","41,400,000","-568,500,000","96,700,000","39,400,000","70,200,000","158,600,000","111,100,000",,,,,,,,,,,,,,,
		NetIncomeIncludingNoncontrollingInterests,"2,827,000,000","953,000,000","304,000,000","72,000,000","1,498,000,000","-190,000,000","1,123,000,000","1,129,000,000","308,000,000","844,000,000","798,000,000","1,139,000,000","606,000,000","301,000,000","943,000,000","701,000,000","3,831,000,000","2,068,000,000","856,000,000","804,000,000","1,591,000,000","1,017,000,000","789,000,000","544,000,000","637,000,000","510,000,000","881,000,000","720,000,000","650,000,000","884,000,000","664,000,000","492,000,000","430,000,000","327,000,000","698,000,000","610,000,000","272,000,000","429,000,000","415,000,000","607,000,000","461,000,000","667,000,000","407,000,000","580,000,000","268,000,000","263,000,000","720,000,000","417,000,000","556,000,000","348,000,000","533,000,000","370,000,000","364,000,000","407,000,000","774,000,000","209,000,000","249,000,000","224,000,000","533,000,000","405,000,000","150,000,000","271,000,000","524,000,000","238,000,000","248,000,000","206,000,000","339,000,000","203,000,000","137,000,000","172,000,000","320,000,000","257,000,000","138,000,000","133,000,000","336,000,000","243,000,000","179,000,000","133,000,000","154,000,000","254,000,000","-52,000,000","122,000,000","338,000,000","223,000,000","114,000,000","69,000,000","318,000,000","208,000,000","125,000,000","124,000,000","295,000,000","81,000,000","213,000,000","97,000,000","291,000,000","180,000,000","112,000,000","94,100,000","267,400,000","168,700,000","106,800,000","91,100,000","255,900,000","156,100,000","100,100,000","118,100,000","240,400,000","138,300,000","99,800,000","46,500,000","232,100,000","135,700,000","104,300,000","85,700,000","140,500,000","110,500,000","92,000,000","101,200,000","187,800,000","103,500,000","74,400,000","42,300,000","187,700,000","74,700,000","-64,200,000","41,400,000","-568,500,000","96,700,000","39,400,000","70,200,000","158,600,000","111,100,000","70,600,000","91,600,000","174,900,000","90,600,000","90,700,000","71,500,000","151,400,000","89,500,000","90,500,000","61,300,000","152,400,000","75,800,000","75,900,000","48,900,000","137,600,000"
			NetIncomeContinuousOperations,"2,827,000,000","953,000,000","304,000,000","72,000,000","1,498,000,000","-190,000,000","1,123,000,000","1,129,000,000","308,000,000","844,000,000","798,000,000","1,139,000,000","606,000,000","301,000,000","943,000,000","701,000,000","3,831,000,000","2,068,000,000","856,000,000","804,000,000","1,591,000,000","1,017,000,000","789,000,000","544,000,000","637,000,000","510,000,000","881,000,000","720,000,000","650,000,000","884,000,000","664,000,000","492,000,000","430,000,000","327,000,000","698,000,000","610,000,000","84,000,000","429,000,000","415,000,000","607,000,000","461,000,000","667,000,000","407,000,000","580,000,000","268,000,000","263,000,000","720,000,000","417,000,000","556,000,000","348,000,000","533,000,000","370,000,000","364,000,000","407,000,000","774,000,000","209,000,000","249,000,000","224,000,000","533,000,000","405,000,000","150,000,000","271,000,000","524,000,000","238,000,000","248,000,000","206,000,000","339,000,000","203,000,000","137,000,000","172,000,000","320,000,000","257,000,000","138,000,000","144,000,000","335,000,000","239,000,000","175,000,000","129,000,000","150,000,000","250,000,000","166,000,000","118,000,000","334,000,000","219,000,000","110,000,000","65,000,000","314,000,000","204,000,000","121,000,000","120,000,000","291,000,000","77,000,000","209,000,000","93,000,000","287,000,000","176,000,000","108,000,000","90,200,000","262,400,000","164,400,000","101,100,000","85,400,000","250,100,000","150,300,000","93,700,000","74,700,000","240,400,000","138,300,000","99,800,000","76,200,000","222,200,000","125,800,000","94,400,000","85,700,000","140,500,000","110,500,000","92,000,000","101,200,000","187,800,000","103,500,000","74,400,000","42,300,000","187,700,000","74,700,000","71,400,000","41,400,000","-568,500,000","96,700,000","39,400,000","70,200,000","158,600,000","111,100,000","70,600,000","91,600,000","174,900,000","90,600,000","90,700,000","71,500,000","151,400,000","89,500,000","90,500,000","61,300,000","152,400,000","75,800,000","75,900,000","48,900,000","137,600,000"
			NetIncomeDiscontinuousOperations,,,,,,,,,,,,,,,,,,,"0",,,,,,,,,,,"0","0","0","0","0","0","0","188,000,000","0",,,,,,,,,,,,,,,,,,,,,,,,,,,,,,,,,,,,,,,,,,,,,,,,,,,,,,,,,,,,,,,,,,,,,,,,,,,,,,,,,,,,"0",,,"-135,600,000",,,,,,,,,,,,,,,,,,,,,,
			NetIncomeExtraordinary,,,,,,,,,,,,,,,,,,,,,,,,,,,,,,,,,,,,,,,,,,,,,,,,,,,,,,,,,,,,,,,,,,,,,,,,,,"0","-3,000,000",,,"0",,,"-222,000,000",,,,,,,,,,,,,,,,,,,,,,,,,,,,,,,,,,,,,,,,,,,,,,,,,,,,,,,,,,,,,,,,,,
		MinorityInterests,"746,000,000","251,000,000","143,000,000","184,000,000","168,000,000","185,000,000","106,000,000","146,000,000","113,000,000","131,000,000","81,000,000","95,000,000","74,000,000","108,000,000","64,000,000","94,000,000","597,000,000","87,000,000","-9,000,000","-11,000,000","-8,000,000","-51,000,000","-36,000,000","-4,000,000","-1,000,000","-3,000,000","-2,000,000","-4,000,000","0","0","-4,000,000",,,,,"0",,"0",,,,,,,,,,,,,,,,,,,,,,,,,,,,,,,,,,,,,"-4,000,000","-4,000,000","-4,000,000","-4,000,000","-4,000,000","-4,000,000","-4,000,000","-4,000,000","-4,000,000","-4,000,000","-4,000,000","-4,000,000","-4,000,000","-4,000,000","-4,000,000","-4,000,000","-4,000,000","-4,000,000","-4,000,000","-4,000,000","-4,000,000","-4,000,000","-4,000,000","-3,900,000","-5,000,000","-4,300,000","-5,700,000","-5,700,000","-5,800,000","-5,800,000","-6,400,000",,,,,,"-9,900,000","-9,900,000","-9,900,000",,,,,,,,,,,,,,,,,,,,,,,,,,,,,,,,,,
	OtherunderPreferredStockDividend,,,,,,,,,,,,,,,,,,,,,,,,,,,,,,,,,,,,,,,,,,,,,,,,,,,,,,,,,,,,,,,,,,,,,,,,,,,,,,,,,,,,,,,,,,,,,,,,,,,,,,,,,,,,,,,,,,"12,500,000","10,700,000","10,600,000","11,300,000","11,100,000","11,100,000","11,400,000","10,400,000","10,300,000","10,200,000","10,200,000","10,600,000",,,,,"9,600,000","10,900,000","10,900,000",,,,,,,,,,,,,,,
AverageDilutionEarnings,,,,"0",,,"-1,000,000","-2,000,000",,,,"0","0","14,000,000","-4,000,000","-15,000,000","-9,000,000",,,,,,,,,,,,,,,,,,,,,,,,,,,,,,,,,,,,,,,,,,,,,,,,,,,,,,,,,,,,,,,,,,,,,,,,,,,,,,,,,,,,,,,,,,,,,,,,,,,,,,,,,,,,,,,,,,,,,,,,,,,,,,,,,,
DilutedNIAvailtoComStockholders,"3,573,000,000","1,204,000,000","447,000,000","256,000,000","1,666,000,000","-5,000,000","1,228,000,000","1,273,000,000","421,000,000","975,000,000","879,000,000","1,234,000,000","680,000,000","423,000,000","1,003,000,000","780,000,000","4,419,000,000","2,155,000,000","847,000,000","793,000,000","1,583,000,000","966,000,000","753,000,000","540,000,000","636,000,000","507,000,000","879,000,000","716,000,000","650,000,000","884,000,000","660,000,000","492,000,000","430,000,000","327,000,000","698,000,000","610,000,000","272,000,000","429,000,000","415,000,000","607,000,000","461,000,000","667,000,000","407,000,000","580,000,000","268,000,000","263,000,000","720,000,000","417,000,000","556,000,000","348,000,000","533,000,000","370,000,000","364,000,000","407,000,000","774,000,000","209,000,000","249,000,000","224,000,000","533,000,000","405,000,000","150,000,000","271,000,000","524,000,000","238,000,000","248,000,000","206,000,000","339,000,000","203,000,000","137,000,000","172,000,000","320,000,000","257,000,000","138,000,000","144,000,000","332,000,000","239,000,000","175,000,000","129,000,000","150,000,000","250,000,000","-56,000,000","118,000,000","334,000,000","219,000,000","110,000,000","65,000,000","314,000,000","204,000,000","121,000,000","120,000,000","291,000,000","77,000,000","209,000,000","93,000,000","287,000,000","176,000,000","108,000,000","90,200,000","262,400,000","164,400,000","101,100,000","85,400,000","250,100,000","150,300,000","93,700,000","74,700,000","240,400,000","138,300,000","99,800,000","76,200,000","222,200,000","125,800,000","94,400,000","73,200,000","129,800,000","99,900,000","80,700,000","90,100,000","176,700,000","92,100,000","64,000,000","32,000,000","177,500,000","64,500,000","-74,800,000","-2,200,000","-568,500,000","96,700,000","39,400,000","60,600,000","147,700,000","100,200,000",,,,,,,,,,,,,,,
BasicEPS,,"0.61","0.23","0.71","0.849","-0.003","0.627","0.65","0.215","0.498","0.45","0.645","0.355","0.221","0.533","0.423","2.348","1.144","0.45","0.423","0.848","0.515","0.405","0.29","0.345","0.275","0.483","0.403","0.363",,"0.378","0.282","0.246","0.188","0.413","0.359","0.16","0.253","0.245","0.359","0.255","0.233","0.245","0.343","0.16",,"0.438","0.255","0.335",,"0.328","0.228","0.225",,"0.483","0.13","0.155",,"0.335","0.255","0.095",,"0.333","0.15","0.16",,"0.22","0.133","0.093",,"0.223","0.179","0.098",,"0.233","0.169","0.124",,"0.106","0.183","-0.041",,"0.248","0.163","0.041",,"0.231","0.15","0.044",,"0.106","0.028","0.076",,"0.104","0.064","0.039",,"0.095","0.059","0.036",,"0.09","0.054","0.034",,"0.086","0.049","0.036",,"0.078","0.044","0.033",,"0.047","0.038","0.031",,"0.066","0.038","0.027",,"0.072","0.029","-0.025",,"-0.262","0.045","0.018",,"0.075","0.053","0.034",,"0.083","0.044","0.044",,"0.073","0.043","0.044",,"0.074","0.038","0.039",,"0.072"
DilutedEPS,,"0.61","0.23","0.71","0.84","-0.003","0.627","0.648","0.215","0.498","0.45","0.64","0.353","0.22","0.525","0.41","2.33","1.138","0.448","0.42","0.843","0.515","0.405","0.29","0.343","0.275","0.483","0.398","0.363",,"0.375","0.28","0.245","0.188","0.41","0.359","0.16","0.253","0.245","0.359","0.255","0.233","0.243","0.343","0.16",,"0.435","0.253","0.335",,"0.328","0.228","0.225",,"0.48","0.13","0.155",,"0.333","0.253","0.095",,"0.33","0.15","0.158",,"0.218","0.13","0.09",,"0.22","0.179","0.096",,"0.233","0.168","0.124",,"0.106","0.183","-0.041",,"0.248","0.162","0.041",,"0.23","0.15","0.044",,"0.106","0.028","0.076",,"0.104","0.064","0.039",,"0.095","0.059","0.036",,"0.09","0.054","0.034",,"0.086","0.049","0.036",,"0.078","0.044","0.033",,"0.047","0.038","0.031",,"0.066","0.038","0.027",,"0.072","0.029","-0.025",,"-0.262","0.045","0.018",,"0.075","0.053","0.034",,"0.083","0.044","0.044",,"0.073","0.043","0.044",,"0.074","0.038","0.039",,"0.072"
BasicAverageShares,,"1,973,770,492","1,973,000,000","1,970,000,000","1,961,445,060","1,960,000,000","1,959,074,124","1,958,800,000","1,957,800,200","1,956,000,000","1,955,103,612","1,915,600,000","1,913,200,000","1,912,000,000","1,892,400,000","1,884,400,000","1,885,745,904","1,884,000,000","1,877,600,000","1,871,600,000","1,870,000,000","1,875,728,155","1,859,259,259","1,862,068,966","1,845,783,804","1,844,000,000","1,821,761,658","1,782,000,000","1,793,103,448",,"1,745,929,224","1,745,428,348","1,744,474,408","1,740,000,000","1,695,200,000","1,698,649,316","1,698,552,320","1,696,000,000","1,692,824,308","1,691,031,392","1,660,000,000","1,676,000,000","1,669,600,000","1,689,360,516","1,672,000,000",,"1,643,600,000","1,635,600,000","1,658,690,152",,"1,632,000,000","1,624,000,000","1,609,200,000",,"1,601,600,000","1,599,200,000","1,596,400,000",,"1,592,400,000","1,590,400,000","1,587,200,000",,"1,579,600,000","1,577,200,000","1,556,800,000",,"1,535,200,000","1,525,600,000","1,482,800,000",,"1,436,800,000","1,432,800,000","1,427,200,000",,"1,422,400,000","1,418,400,000","1,414,400,000",,"1,405,600,000","1,364,800,000","1,352,800,000",,"1,352,000,000","1,352,000,000","1,406,860,560",,"1,360,000,000","1,360,000,000","1,425,330,680",,"1,433,128,000","1,433,928,000","1,441,320,000",,"1,447,072,000","1,449,736,000","1,451,856,000",,"1,455,240,000","1,456,744,000","1,459,552,000",,"1,463,984,000","1,466,824,000","1,476,100,280",,"1,476,104,000","1,484,032,000","1,484,032,000",,"1,417,624,000","1,434,616,000","1,434,616,000",,"1,516,320,000","1,483,840,000","1,482,960,000",,"1,429,600,000","1,398,928,000","1,387,144,000",,"1,316,104,000","1,297,504,000","1,293,336,000",,"1,092,448,000","1,085,824,000","1,080,536,000",,"1,051,960,000","1,048,976,000","1,040,248,000",,"1,040,248,000","1,040,248,000","1,040,248,000",,"1,040,248,000","1,040,248,000","1,040,248,000",,"1,022,544,000","1,004,664,000","1,001,376,000",,"958,136,000"
DilutedAverageShares,,"1,975,000,000","1,973,000,000","1,970,000,000","1,973,000,000","1,972,000,000","1,959,074,124","1,967,200,000","1,968,000,000","1,964,000,000","1,955,103,612","1,931,200,000","1,927,200,000","1,924,000,000","1,909,600,000","1,900,800,000","1,896,000,000","1,896,000,000","1,894,000,000","1,886,800,000","1,880,800,000","1,876,000,000","1,864,000,000","1,862,068,966","1,852,000,000","1,848,000,000","1,824,000,000","1,796,800,000","1,796,000,000",,"1,760,000,000","1,760,000,000","1,752,000,000","1,740,000,000","1,707,200,000","1,700,000,000","1,698,552,320","1,696,000,000","1,692,824,308","1,691,031,392","1,660,000,000","1,676,000,000","1,679,200,000","1,689,360,516","1,672,000,000",,"1,654,800,000","1,645,600,000","1,658,690,152",,"1,632,000,000","1,624,000,000","1,619,200,000",,"1,612,000,000","1,610,400,000","1,608,000,000",,"1,603,600,000","1,601,600,000","1,598,800,000",,"1,590,400,000","1,586,800,000","1,571,600,000",,"1,559,200,000","1,545,200,000","1,506,800,000",,"1,448,800,000","1,439,200,000","1,436,800,000",,"1,426,400,000","1,424,800,000","1,416,800,000",,"1,407,200,000","1,368,800,000","1,354,400,000",,"1,352,000,000","1,352,000,000","1,406,860,560",,"1,368,000,000","1,360,000,000","1,425,330,680",,"1,433,128,000","1,433,928,000","1,441,320,000",,"1,447,072,000","1,449,736,000","1,451,856,000",,"1,455,240,000","1,456,744,000","1,459,552,000",,"1,463,984,000","1,466,824,000","1,476,100,280",,"1,476,104,000","1,484,032,000","1,484,032,000",,"1,417,624,000","1,434,616,000","1,434,616,000",,"1,516,320,000","1,483,840,000","1,482,960,000",,"1,429,600,000","1,398,928,000","1,387,144,000",,"1,316,104,000","1,297,504,000","1,293,336,000",,"1,092,448,000","1,085,824,000","1,080,536,000",,"1,051,960,000","1,048,976,000","1,040,248,000",,"1,040,248,000","1,040,248,000","1,040,248,000",,"1,040,248,000","1,040,248,000","1,040,248,000",,"1,022,544,000","1,004,664,000","1,001,376,000",,"958,136,000"
TotalOperatingIncomeAsReported,"2,913,000,000","1,355,000,000","379,000,000","510,000,000","669,000,000","940,000,000","1,008,000,000","1,186,000,000","1,981,000,000","877,000,000","1,593,000,000","1,747,000,000","1,135,000,000","1,101,000,000","970,000,000","1,162,000,000","1,047,000,000","236,000,000","1,399,000,000","1,285,000,000","2,405,000,000","926,000,000","1,279,000,000","1,169,000,000","1,234,000,000","875,000,000","1,481,000,000","1,146,000,000","1,129,000,000","1,531,000,000","1,163,000,000","951,000,000","738,000,000","640,000,000","1,185,000,000","981,000,000","434,000,000","661,000,000","749,000,000","1,022,000,000","843,000,000","1,132,000,000","911,000,000","907,000,000","428,000,000","470,000,000","1,125,000,000","709,000,000","939,000,000","557,000,000","849,000,000","605,000,000","583,000,000","706,000,000","1,336,000,000","313,000,000","443,000,000","421,000,000","900,000,000","664,000,000","298,000,000","324,000,000","867,000,000","438,000,000","473,000,000","352,000,000","559,000,000","346,000,000","234,000,000","254,000,000","523,000,000","457,000,000","261,000,000","260,000,000","550,000,000","414,000,000","308,000,000","248,000,000","267,000,000","409,000,000","256,000,000","237,000,000","540,000,000","380,000,000","240,000,000","146,000,000","511,000,000","347,000,000","237,000,000","214,000,000","470,000,000","135,000,000","357,000,000","187,000,000","528,000,000","317,000,000","218,000,000","217,100,000","464,200,000","321,300,000","225,200,000","188,900,000","459,100,000","299,200,000","223,300,000","188,400,000","447,900,000","312,200,000","248,800,000","196,200,000","428,100,000","288,900,000","235,200,000",,,,,,,,,,,,,,,,,,,,,,,,,,,,,,,,,,
TotalExpenses,"14,063,000,000","3,678,000,000","3,967,000,000","3,376,000,000","3,042,000,000","3,317,000,000","3,744,000,000","3,015,000,000","2,883,000,000","3,382,000,000","3,963,000,000","3,559,000,000","2,924,000,000","3,230,000,000","3,420,000,000","2,923,000,000","2,810,000,000","2,002,000,000","3,391,000,000","3,091,000,000","2,630,000,000","3,188,000,000","3,383,000,000","2,629,000,000","2,572,000,000","3,164,000,000","3,446,000,000","3,187,000,000","2,960,000,000","3,113,000,000","3,484,000,000","3,072,000,000","2,921,000,000","2,977,000,000","3,197,000,000","2,840,000,000","2,519,000,000","2,647,000,000","3,094,000,000","2,645,000,000","2,528,000,000","2,733,000,000","3,471,000,000","3,003,000,000","2,706,000,000","2,943,000,000","3,566,000,000","2,882,000,000","2,683,000,000","3,098,000,000","3,624,000,000","3,206,000,000","3,122,000,000","3,297,000,000","4,051,000,000","3,272,000,000","2,991,000,000","3,263,000,000","3,675,000,000","3,265,000,000","2,777,000,000","3,299,000,000","3,827,000,000","3,371,000,000","3,111,000,000","2,812,000,000","2,945,000,000","2,395,000,000","2,203,000,000","2,335,000,000","2,460,000,000","2,162,000,000","2,070,000,000","1,765,000,000","2,424,000,000","2,045,000,000","1,865,000,000","1,812,000,000","2,086,000,000","1,839,000,000","1,587,000,000","1,602,000,000","1,989,000,000","1,786,000,000","1,701,000,000","1,711,000,000","1,576,000,000","1,323,000,000","1,231,000,000","1,306,000,000","1,422,000,000","1,479,000,000","1,055,000,000","1,444,000,000","1,471,000,000","1,375,000,000","1,120,000,000","1,260,600,000","1,394,800,000","1,265,700,000","1,220,000,000","1,246,500,000","1,310,500,000","1,174,900,000","1,134,400,000","1,173,000,000","1,139,100,000","1,154,500,000","928,600,000","1,091,600,000","1,084,800,000","1,154,200,000","943,700,000",,,,,,,,,,,,,,,,,,,,,,,,,,,,,,,,,,
NetIncomeFromContinuingAndDiscontinuedOperation,"3,573,000,000","1,204,000,000","447,000,000","256,000,000","1,666,000,000","-5,000,000","1,229,000,000","1,275,000,000","421,000,000","975,000,000","879,000,000","1,234,000,000","680,000,000","409,000,000","1,007,000,000","795,000,000","4,428,000,000","2,155,000,000","847,000,000","793,000,000","1,583,000,000","966,000,000","753,000,000","540,000,000","636,000,000","507,000,000","879,000,000","716,000,000","650,000,000","884,000,000","660,000,000","492,000,000","430,000,000","327,000,000","698,000,000","610,000,000","272,000,000","429,000,000","415,000,000","607,000,000","461,000,000","667,000,000","407,000,000","580,000,000","268,000,000","263,000,000","720,000,000","417,000,000","556,000,000","348,000,000","533,000,000","370,000,000","364,000,000","407,000,000","774,000,000","209,000,000","249,000,000","224,000,000","533,000,000","405,000,000","150,000,000","271,000,000","524,000,000","238,000,000","248,000,000","206,000,000","339,000,000","203,000,000","137,000,000","172,000,000","320,000,000","257,000,000","138,000,000","144,000,000","335,000,000","239,000,000","175,000,000","129,000,000","150,000,000","250,000,000","166,000,000","118,000,000","334,000,000","219,000,000","110,000,000","65,000,000","314,000,000","204,000,000","121,000,000","120,000,000","291,000,000","77,000,000","209,000,000","93,000,000","287,000,000","176,000,000","108,000,000","90,200,000","262,400,000","164,400,000","101,100,000","85,400,000","250,100,000","150,300,000","93,700,000","74,700,000","240,400,000","138,300,000","99,800,000","76,200,000","222,200,000","125,800,000","94,400,000","85,700,000","140,500,000","110,500,000","92,000,000","101,200,000","187,800,000","103,500,000","74,400,000","42,300,000","187,700,000","74,700,000","-64,200,000","41,400,000","-568,500,000","96,700,000","39,400,000","70,200,000","158,600,000","111,100,000",,,,,,,,,,,,,,,
NormalizedIncome,"3,204,540,000","1,056,782,251.438","444,080,000","168,400,000","1,579,443,000","-231,311,111.111","1,146,476,000","1,071,417,000","443,630,000","958,706,563.707","874,340,000","877,710,000","546,500,000","558,650,000","956,840,000","754,500,000","1,442,250,000","2,426,800,000","834,400,000","793,000,000","792,000,000","624,325,443.787","762,750,000","532,900,000","628,190,000","485,441,215.324","889,880,000","718,880,000","637,580,000","889,289,454.001","651,600,000","471,210,000","381,900,000","324,824,833.703","684,000,000","603,340,000","279,000,000","425,223,591.549","383,610,000","555,880,000","443,750,000","643,875,406.284","500,646,017.699","587,180,192.572","247,850,000","247,000,000","699,750,000","426,285,425.101","524,228,571.429","312,595,533.499","513,618,181.818","352,380,952.381","400,114,882.507","415,693,203.883","787,638,766.52","200,550,000","235,612,903.226","295,448,275.862","497,934,210.526","373,787,593.985","135,576,923.077","155,260,416.667","489,901,726.428","215,333,333.333","242,625,386.997","206,000,000","283,189,024.39","172,194,552.529","91,333,333.333","143,167,630.058","284,060,475.162","249,698,863.636","115,554,216.867","139,582,822.086","298,454,545.455","222,611,428.571","157,015,810.277","123,810,344.828","136,956,521.739","218,498,659.517","154,335,135.135","112,347,305.389","303,210,420.842","196,298,780.488","100,060,240.964","54,166,666.667","283,845,511.482","186,609,836.066","116,241,573.034","119,210,526.316","265,610,738.255","53,533,333.333","203,028,571.429","101,400,000","273,425,675.676","165,373,584.906","103,215,189.873","110,253,392.857","251,617,322.835","163,269,874.646","96,054,702.495","86,706,032.285","247,294,186.639","156,184,615.385","94,596,650.718","72,380,547.945","234,542,796.61","137,758,119.286","96,533,818.182","74,742,260.87","213,898,707.865","126,232,727.273","96,145,838.838","85,700,000","140,500,000","110,500,000","92,000,000","101,200,000","187,800,000","103,500,000","74,400,000","42,300,000","187,700,000","74,700,000","71,400,000","41,400,000","-568,500,000","96,700,000","39,400,000","70,200,000","158,600,000","111,100,000",,,,,,,,,,,,,,,
InterestIncome,,,"7,000,000","7,000,000","440,000,000","7,000,000","7,000,000","11,000,000","13,000,000","13,000,000","16,000,000","13,000,000","12,000,000","12,000,000","11,000,000","10,000,000","18,000,000","22,000,000","20,000,000","19,000,000","19,000,000","21,000,000","23,000,000","20,000,000","18,000,000","21,000,000","22,000,000","22,000,000","21,000,000","20,000,000","18,000,000","21,000,000","22,000,000","20,000,000","20,000,000","19,000,000","19,000,000","24,000,000","20,000,000","22,000,000","20,000,000","21,000,000","21,000,000","16,000,000","21,000,000","22,000,000","22,000,000","28,000,000","18,000,000","20,000,000","15,000,000","17,000,000","27,000,000",,,,,,,,,,,,,,,,,,,,,,,,,,,,,,,,,,,,,,,,,,,,,,,,,,,,,,,,,,,,,,,,,,,,,,,,,,,,,,,,,,,,,,,,,,,,,,
InterestExpense,"1,270,000,000","599,000,000","335,000,000","757,000,000",,"111,000,000","208,000,000","320,000,000","1,311,000,000","188,000,000","746,000,000","601,000,000","714,000,000","711,000,000","167,000,000","394,000,000","226,000,000","387,000,000","381,000,000","430,000,000","360,000,000","-387,000,000","369,000,000","602,000,000","509,000,000","299,000,000","311,000,000","280,000,000","321,000,000","321,000,000","316,000,000","305,000,000","319,000,000","296,000,000","288,000,000","266,000,000","272,000,000","243,000,000","259,000,000","270,000,000","265,000,000","260,000,000","265,000,000","256,000,000","254,000,000","247,000,000","247,000,000","247,000,000","238,000,000","218,000,000","204,000,000","215,000,000","211,000,000",,,,,,,,,,,,,,,,,,,,,,,,,,,,,,,,,,,,,,,,,,,,,,,,,,,,,,,,,,,,,,,,,,,,,,,,,,,,,,,,,,,,,,,,,,,,,,
NetInterestIncome,"-1,270,000,000","-632,000,000","-328,000,000","-750,000,000","440,000,000","-104,000,000","-201,000,000","-309,000,000","-1,298,000,000","-175,000,000","-730,000,000","-588,000,000","-702,000,000","-699,000,000","-156,000,000","-384,000,000","-208,000,000","-365,000,000","-361,000,000","-411,000,000","-341,000,000","408,000,000","-346,000,000","-582,000,000","-491,000,000","-278,000,000","-289,000,000","-258,000,000","-300,000,000","-301,000,000","-298,000,000","-284,000,000","-297,000,000","-276,000,000","-268,000,000","-247,000,000","-253,000,000","-219,000,000","-239,000,000","-248,000,000","-245,000,000","-239,000,000","-244,000,000","-240,000,000","-233,000,000","-225,000,000","-225,000,000","-219,000,000","-220,000,000","-198,000,000","-189,000,000","-198,000,000","-184,000,000",,,,,,,,,,,,,,,,,,,,,,,,,,,,,,,,,,,,,,,,,,,,,,,,,,,,,,,,,,,,,,,,,,,,,,,,,,,,,,,,,,,,,,,,,,,,,,
EBIT,"4,445,000,000","1,816,000,000","612,000,000","689,000,000","684,000,000","-114,000,000","1,460,000,000","1,634,000,000","1,384,000,000","1,224,000,000","1,602,000,000","1,864,000,000","1,394,000,000","983,000,000","1,236,000,000","1,325,000,000","5,306,000,000","473,000,000","1,601,000,000","1,523,000,000","2,626,000,000","1,134,000,000","1,576,000,000","1,365,000,000","1,405,000,000","1,056,000,000","1,613,000,000","1,274,000,000","1,257,000,000","1,658,000,000","1,259,000,000","1,089,000,000","902,000,000","747,000,000","1,283,000,000","1,087,000,000","524,000,000","811,000,000","828,000,000","1,120,000,000","883,000,000","1,183,000,000","830,000,000","983,000,000","490,000,000","510,000,000","1,207,000,000","741,000,000","1,008,000,000","621,000,000","919,000,000","656,000,000","594,000,000","706,000,000","1,336,000,000","313,000,000","443,000,000","421,000,000","900,000,000","664,000,000","298,000,000","324,000,000","867,000,000","438,000,000","473,000,000","352,000,000","559,000,000","346,000,000","234,000,000","254,000,000","523,000,000","457,000,000","261,000,000","260,000,000","550,000,000","414,000,000","308,000,000","248,000,000","267,000,000","409,000,000","256,000,000","237,000,000","540,000,000","380,000,000","240,000,000","146,000,000","511,000,000","347,000,000","237,000,000","214,000,000","470,000,000","135,000,000","357,000,000","187,000,000","528,000,000","317,000,000","218,000,000","217,100,000","464,200,000","321,300,000","225,200,000","188,900,000","459,100,000","299,200,000","223,300,000","188,400,000","447,900,000","312,200,000","248,800,000","196,200,000","428,100,000","288,900,000","235,200,000","1,231,600,000","1,602,700,000","1,349,900,000","1,132,400,000","1,271,200,000","1,569,100,000","1,262,000,000","1,093,400,000","1,181,200,000","1,518,300,000","1,386,700,000","1,163,100,000","1,581,700,000","1,774,500,000","1,575,300,000","1,357,500,000","1,471,400,000","1,812,500,000","1,530,100,000","1,365,800,000","2,222,500,000","1,384,800,000","1,174,100,000","1,072,100,000","1,100,100,000","1,308,400,000","1,062,300,000","968,300,000","979,100,000","1,170,300,000","999,100,000","943,000,000","1,032,300,000","1,263,000,000"
EBITDA,"8,659,000,000"
ReconciledCostOfRevenue,"8,190,000,000","2,235,000,000","2,225,000,000","1,909,000,000","1,821,000,000","1,892,000,000","1,974,000,000","1,584,000,000","1,577,000,000","2,047,000,000","2,111,000,000","1,893,000,000","1,692,000,000","1,746,000,000","1,868,000,000","1,683,000,000","1,529,000,000","1,843,000,000","1,877,000,000","1,783,000,000","1,622,000,000","1,827,000,000","1,963,000,000","1,729,000,000","1,613,000,000","2,000,000,000","2,189,000,000","2,028,000,000","2,008,000,000","2,032,000,000","2,248,000,000","2,060,000,000","2,065,000,000","1,952,000,000","2,171,000,000","1,931,000,000","1,740,000,000","4,273,000,000","1,463,000,000","1,169,000,000","1,119,000,000","1,317,000,000","1,832,000,000","1,496,000,000","1,333,000,000","1,376,000,000","1,918,000,000","1,387,000,000","1,277,000,000","1,579,000,000","2,097,000,000","1,738,000,000","1,751,000,000","1,793,000,000","2,844,000,000","1,921,000,000","1,679,000,000","1,930,000,000","2,407,000,000","2,072,000,000","1,639,000,000","2,043,000,000","2,497,000,000","2,287,000,000","2,029,000,000","1,700,000,000","1,698,000,000","1,471,000,000","1,244,000,000","1,318,000,000","1,475,000,000","1,231,000,000","1,146,000,000","795,000,000","1,519,000,000","1,179,000,000","1,032,000,000","939,000,000","1,082,000,000","1,089,000,000","804,000,000","783,000,000","1,242,000,000","1,054,000,000","951,000,000","876,000,000","845,000,000","605,000,000","542,000,000","577,000,000","693,000,000","588,000,000","506,000,000","592,000,000","659,000,000","558,000,000","436,000,000","477,500,000","673,600,000","560,300,000","543,600,000","552,300,000","628,500,000","500,200,000","449,700,000","437,500,000","480,900,000","458,400,000","344,900,000","406,600,000","470,300,000","473,600,000","364,800,000",,,,,,,,,,,,,,,,,,,,,,,,,,,,,,,,,,
ReconciledDepreciation,"4,214,000,000","1,052,000,000","1,298,000,000","1,041,000,000","823,000,000","1,023,000,000","1,338,000,000","1,032,000,000","922,000,000","1,041,000,000","1,313,000,000","1,262,000,000","862,000,000","1,152,000,000","1,180,000,000","891,000,000","924,000,000","-157,000,000","1,138,000,000","957,000,000","691,000,000","840,000,000","1,070,000,000","816,000,000","651,000,000","841,000,000","900,000,000","825,000,000","637,000,000","778,000,000","872,000,000","695,000,000","551,000,000","736,000,000","690,000,000","595,000,000","500,000,000","457,000,000","530,000,000","402,000,000","383,000,000","398,000,000","575,000,000","469,000,000","402,000,000","548,000,000","604,000,000","454,000,000","486,000,000","541,000,000","500,000,000","494,000,000","469,000,000","618,000,000","232,000,000","402,000,000","391,000,000","402,000,000","365,000,000","361,000,000","351,000,000","361,000,000","500,000,000","218,000,000","342,000,000","381,000,000","515,000,000","280,000,000","320,000,000","311,000,000","311,000,000","310,000,000","314,000,000","305,000,000","295,000,000","270,000,000","248,000,000","223,000,000",,,,,,,,,,,,,,,,,,,,,,,,,,,,,,,,,,,,,,,,,,,,,,,,,,,,,,,,,,,,,,,,,,,,,
NetIncomeFromContinuingOperationNetMinorityInterest,"3,573,000,000","1,204,000,000","447,000,000","256,000,000","1,666,000,000","-5,000,000","1,229,000,000","1,275,000,000","421,000,000","975,000,000","879,000,000","1,234,000,000","680,000,000","409,000,000","1,007,000,000","795,000,000","4,428,000,000","2,155,000,000","847,000,000","793,000,000","1,583,000,000","966,000,000","753,000,000","540,000,000","636,000,000","507,000,000","879,000,000","716,000,000","650,000,000","884,000,000","660,000,000","492,000,000","430,000,000","327,000,000","698,000,000","610,000,000","84,000,000","429,000,000","415,000,000","607,000,000","461,000,000","667,000,000","407,000,000","580,000,000","268,000,000","263,000,000","720,000,000","417,000,000","556,000,000","348,000,000","533,000,000","370,000,000","364,000,000","407,000,000","774,000,000","209,000,000","249,000,000","224,000,000","533,000,000","405,000,000","150,000,000","271,000,000","524,000,000","238,000,000","248,000,000","206,000,000","339,000,000","203,000,000","137,000,000","172,000,000","320,000,000","257,000,000","138,000,000","144,000,000","335,000,000","239,000,000","175,000,000","129,000,000","150,000,000","250,000,000","166,000,000","118,000,000","334,000,000","219,000,000","110,000,000","65,000,000","314,000,000","204,000,000","121,000,000","120,000,000","291,000,000","77,000,000","209,000,000","93,000,000","287,000,000","176,000,000","108,000,000","90,200,000","262,400,000","164,400,000","101,100,000","85,400,000","250,100,000","150,300,000","93,700,000","74,700,000","240,400,000","138,300,000","99,800,000","76,200,000","222,200,000","125,800,000","94,400,000","85,700,000","140,500,000","110,500,000","92,000,000","101,200,000","187,800,000","103,500,000","74,400,000","42,300,000","187,700,000","74,700,000","71,400,000","41,400,000","-568,500,000","96,700,000","39,400,000","70,200,000","158,600,000","111,100,000",,,,,,,,,,,,,,,
TotalUnusualItemsExcludingGoodwill,"414,000,000","188,000,000","4,000,000","120,000,000","101,000,000","268,000,000","92,000,000","237,000,000","-31,000,000","20,000,000","5,000,000","395,000,000","150,000,000","-205,000,000","57,000,000","54,000,000","3,981,000,000","-453,000,000","18,000,000","0","1,130,000,000","511,000,000","-15,000,000","10,000,000","11,000,000","32,000,000","-16,000,000","-4,000,000","18,000,000","-8,000,000","12,000,000","33,000,000","65,000,000","3,000,000","20,000,000","9,000,000","-300,000,000","5,000,000","43,000,000","72,000,000","23,000,000","32,000,000","-130,000,000","-9,000,000","31,000,000","16,000,000","27,000,000","-11,000,000","44,000,000","41,000,000","26,000,000","21,000,000","-38,000,000","-11,000,000","-20,000,000","13,000,000","15,000,000","-74,000,000","50,000,000","41,000,000","15,000,000","123,000,000","49,000,000","30,000,000","7,000,000","0","81,000,000","39,000,000","53,000,000","29,000,000","52,000,000","10,000,000","27,000,000","5,000,000","54,000,000","24,000,000","26,000,000","7,000,000","18,000,000","47,000,000","13,000,000","8,000,000","46,000,000","34,000,000","15,000,000","13,000,000","46,000,000","26,000,000","7,000,000","1,000,000","39,000,000","32,000,000","9,000,000","-14,000,000","21,000,000","16,000,000","7,000,000","-24,900,000","16,700,000","1,700,000","7,800,000","-1,800,000","4,400,000","-8,500,000","-1,400,000","3,400,000","9,200,000","900,000","5,400,000","2,200,000","13,300,000","-700,000","-2,800,000",,,,,,,,,,,,,,,,,,,,,,,,,,,,,,,,,,
TotalUnusualItems,"414,000,000","188,000,000","4,000,000","120,000,000","101,000,000","268,000,000","92,000,000","237,000,000","-31,000,000","20,000,000","5,000,000","395,000,000","150,000,000","-205,000,000","57,000,000","54,000,000","3,981,000,000","-453,000,000","18,000,000","0","1,130,000,000","511,000,000","-15,000,000","10,000,000","11,000,000","32,000,000","-16,000,000","-4,000,000","18,000,000","-8,000,000","12,000,000","33,000,000","65,000,000","3,000,000","20,000,000","9,000,000","-300,000,000","5,000,000","43,000,000","72,000,000","23,000,000","32,000,000","-130,000,000","-9,000,000","31,000,000","16,000,000","27,000,000","-11,000,000","44,000,000","41,000,000","26,000,000","21,000,000","-38,000,000","-11,000,000","-20,000,000","13,000,000","15,000,000","-74,000,000","50,000,000","41,000,000","15,000,000","123,000,000","49,000,000","30,000,000","7,000,000","0","81,000,000","39,000,000","53,000,000","29,000,000","52,000,000","10,000,000","27,000,000","5,000,000","54,000,000","24,000,000","26,000,000","7,000,000","18,000,000","47,000,000","13,000,000","8,000,000","46,000,000","34,000,000","15,000,000","13,000,000","46,000,000","26,000,000","7,000,000","1,000,000","39,000,000","32,000,000","9,000,000","-14,000,000","21,000,000","16,000,000","7,000,000","-24,900,000","16,700,000","1,700,000","7,800,000","-1,800,000","4,400,000","-8,500,000","-1,400,000","3,400,000","9,200,000","900,000","5,400,000","2,200,000","13,300,000","-700,000","-2,800,000",,,,,,,,,,,,,,,,,,,,,,,,,,,,,,,,,,
NormalizedEBITDA,"8,245,000,000","2,680,000,000","1,906,000,000","1,610,000,000","1,406,000,000","641,000,000","2,706,000,000","2,429,000,000","2,337,000,000","2,245,000,000","2,910,000,000","2,731,000,000","2,106,000,000","2,340,000,000","2,359,000,000","2,162,000,000","2,249,000,000","769,000,000","2,721,000,000","2,480,000,000","2,187,000,000","1,463,000,000","2,661,000,000","2,171,000,000","2,045,000,000","1,865,000,000","2,529,000,000","2,103,000,000","1,876,000,000","2,444,000,000","2,119,000,000","1,751,000,000","1,388,000,000","1,480,000,000","1,953,000,000","1,673,000,000","1,324,000,000","1,263,000,000","1,315,000,000","1,450,000,000","1,243,000,000","1,549,000,000","1,535,000,000","1,461,000,000","861,000,000","1,042,000,000","1,784,000,000","1,206,000,000","1,450,000,000","1,121,000,000","1,393,000,000","1,129,000,000","1,101,000,000","1,335,000,000","1,704,000,000","702,000,000","819,000,000","897,000,000","1,215,000,000","984,000,000","634,000,000","562,000,000","1,318,000,000","739,000,000","808,000,000","733,000,000","993,000,000","665,000,000","507,000,000","536,000,000","782,000,000","757,000,000","548,000,000","560,000,000","791,000,000","660,000,000","541,000,000","475,000,000","474,000,000","592,000,000","507,000,000","480,000,000","740,000,000","591,000,000","465,000,000","402,000,000","702,000,000","587,000,000","489,000,000","485,000,000","676,000,000","347,000,000","627,000,000","574,000,000","821,000,000","649,000,000","460,000,000","506,400,000","713,700,000","582,100,000","485,300,000","393,800,000","712,500,000","539,600,000","492,400,000","427,100,000","651,400,000","574,100,000","443,700,000","374,500,000","621,000,000","459,800,000","405,000,000","1,231,600,000","1,602,700,000","1,349,900,000","1,132,400,000","1,271,200,000","1,569,100,000","1,262,000,000","1,093,400,000","1,181,200,000","1,518,300,000","1,386,700,000","1,163,100,000","1,581,700,000","1,774,500,000","1,575,300,000","1,357,500,000","1,471,400,000","1,812,500,000","1,530,100,000","1,365,800,000","2,222,500,000","1,384,800,000","1,174,100,000","1,072,100,000","1,100,100,000","1,308,400,000","1,062,300,000","968,300,000","979,100,000","1,170,300,000","999,100,000","943,000,000","1,032,300,000","1,263,000,000"
TaxRateForCalcs,"0.11","0.217","0.27","0.27","0.143","0.156","0.103","0.141","0.27","0.185","0.068","0.098","0.11","0.27","0.12","0.25","0.25","0.4","0.3","0.26","0.3","0.331","0.35","0.29","0.29","0.326","0.32","0.28","0.31","0.339","0.3","0.37","0.26","0.275","0.3","0.26","0.35","0.245","0.27","0.29","0.25","0.277","0.28","0.202","0.35","0","0.25","0.156","0.278","0.136","0.255","0.161","0.05","0.21","0.318","0.35","0.108","0.034","0.299","0.239","0.038","0.059","0.304","0.244","0.232","0.173","0.311","0.21","0.138","0.006","0.309","0.27","0.169","0.117","0.323","0.317","0.308","0.259","0.275","0.33","0.103","0.293","0.331","0.332","0.337","0.167","0.344","0.331","0.32","0.211","0.349","0.267","0.337","0.4","0.354","0.336","0.316","0.195","0.354","0.335","0.353","0.274","0.362","0.308","0.36","0.318","0.363","0.398","0.395","0.337","0.376","0.382","0.376","0.4","0.4","0.4","0.4","0.4","0.4","0.4","0.4","0.4","0.4","0.4","0.4","0.4","0.4","0.4","0.4","0.4","0.4","0.4",,,,,,,,,,,,,,,
TaxEffectOfUnusualItems,"45,540,000","40,782,251.438","1,080,000","32,400,000","14,443,000","41,688,888.889","9,476,000","33,417,000","-8,370,000","3,706,563.707","340,000","38,710,000","16,500,000","-55,350,000","6,840,000","13,500,000","995,250,000","-181,200,000","5,400,000","0","339,000,000","169,325,443.787","-5,250,000","2,900,000","3,190,000","10,441,215.324","-5,120,000","-1,120,000","5,580,000","-2,710,545.999","3,600,000","12,210,000","16,900,000","824,833.703","6,000,000","2,340,000","-105,000,000","1,223,591.549","11,610,000","20,880,000","5,750,000","8,875,406.284","-36,353,982.301","-1,819,807.428","10,850,000","0","6,750,000","-1,714,574.899","12,228,571.429","5,595,533.499","6,618,181.818","3,380,952.381","-1,885,117.493","-2,306,796.117","-6,361,233.48","4,550,000","1,612,903.226","-2,551,724.138","14,934,210.526","9,787,593.985","576,923.077","7,260,416.667","14,901,726.428","7,333,333.333","1,625,386.997","0","25,189,024.39","8,194,552.529","7,333,333.333","167,630.058","16,060,475.162","2,698,863.636","4,554,216.867","582,822.086","17,454,545.455","7,611,428.571","8,015,810.277","1,810,344.828","4,956,521.739","15,498,659.517","1,335,135.135","2,347,305.389","15,210,420.842","11,298,780.488","5,060,240.964","2,166,666.667","15,845,511.482","8,609,836.066","2,241,573.034","210,526.316","13,610,738.255","8,533,333.333","3,028,571.429","-5,600,000","7,425,675.676","5,373,584.906","2,215,189.873","-4,846,607.143","5,917,322.835","569,874.646","2,754,702.495","-493,967.715","1,594,186.639","-2,615,384.615","-503,349.282","1,080,547.945","3,342,796.61","358,119.286","2,133,818.182","742,260.87","4,998,707.865","-267,272.727","-1,054,161.162","0","0","0","0","0","0","0","0","0","0","0","0","0","0","0","0","0","0","0",,,,,,,,,,,,,,,