name,ttm,12/31/2021,09/30/2021,06/30/2021,03/31/2021,12/31/2020,09/30/2020,06/30/2020,03/31/2020,12/31/2019,09/30/2019,06/30/2019,03/31/2019,12/31/2018,09/30/2018,06/30/2018,03/31/2018,12/31/2017,09/30/2017,06/30/2017,03/31/2017,12/31/2016,09/30/2016,06/30/2016,03/31/2016,12/31/2015,09/30/2015,06/30/2015,03/31/2015,12/31/2014,09/30/2014,06/30/2014,03/31/2014,12/31/2013,09/30/2013,06/30/2013,03/31/2013,12/31/2012,09/30/2012,06/30/2012,03/31/2012,12/31/2011,09/30/2011,06/30/2011,03/31/2011,12/31/2010,09/30/2010,06/30/2010,03/31/2010,12/31/2009,09/30/2009,06/30/2009,03/31/2009,12/31/2008,09/30/2008,06/30/2008,03/31/2008,12/31/2007,09/30/2007,06/30/2007,03/31/2007,12/31/2006,09/30/2006,06/30/2006,03/31/2006,12/31/2005,09/30/2005,06/30/2005,03/31/2005,12/31/2004,09/30/2004,06/30/2004,03/31/2004,12/31/2003,09/30/2003,06/30/2003,03/31/2003,12/31/2002,09/30/2002,06/30/2002,03/31/2002,12/31/2001,09/30/2001,06/30/2001,03/31/2001,12/31/2000,09/30/2000,06/30/2000,03/31/2000,12/31/1999,09/30/1999,06/30/1999,03/31/1999,12/31/1998,09/30/1998,06/30/1998,03/31/1998,12/31/1997,09/30/1997,06/30/1997,03/31/1997,12/31/1996,09/30/1996,06/30/1996,03/31/1996,12/31/1995,09/30/1995,06/30/1995,03/31/1995,12/31/1994,09/30/1994,06/30/1994,03/31/1994,12/31/1993,09/30/1993,06/30/1993,03/31/1993,12/31/1992,09/30/1992,06/30/1992,03/31/1992,12/31/1991,09/30/1991,06/30/1991,03/31/1991,12/31/1990,09/30/1990,06/30/1990,03/31/1990,12/31/1989,09/30/1989,06/30/1989,03/31/1989,12/31/1988,09/30/1988,06/30/1988,03/31/1988,12/31/1987,09/30/1987,06/30/1987,03/31/1987,12/31/1986,09/30/1986,06/30/1986,03/31/1986,12/31/1985,09/30/1985
TotalRevenue,"12,222,000,000","3,390,000,000","2,895,000,000","3,065,000,000","2,872,000,000","3,381,000,000","3,170,000,000","2,365,000,000","2,581,000,000","2,967,000,000","2,713,000,000","2,257,000,000","1,803,000,000","2,048,000,000","1,726,000,000","1,662,000,000","1,817,000,000","1,935,000,000","1,879,000,000","1,875,000,000","1,659,000,000","1,789,000,000","1,791,000,000","2,038,000,000","2,032,000,000","1,816,000,000","2,033,000,000","1,908,000,000","1,972,000,000","2,017,000,000","1,746,000,000","1,765,000,000","1,764,000,000","2,169,000,000","1,983,000,000","1,993,000,000","2,177,000,000","2,476,000,000","2,480,000,000","2,229,000,000","2,683,000,000","2,765,000,000","2,744,000,000","2,384,000,000","2,465,000,000","2,548,000,000","2,597,000,000","2,153,000,000","2,242,000,000","2,518,000,000","2,049,000,000","1,602,000,000","1,552,000,000","1,342,000,000","1,392,000,000","1,522,000,000","1,943,000,000","1,322,000,000","1,646,000,000","1,302,000,000","1,256,000,000","1,460,000,000","1,102,000,000","1,310,000,000","1,148,000,000","1,283,000,000","1,164,000,000","1,006,000,000","961,000,000","1,230,042,000","1,162,695,000","1,009,171,000","1,135,439,000","821,317,000","896,992,000","747,222,000","864,645,000","815,041,000","728,346,000","636,979,000","491,598,000","445,145,000","424,397,000","362,361,000","427,525,000","490,745,000","362,031,000","355,387,000","358,510,000","428,000,000","328,000,000","315,800,000","327,100,000","352,000,000","349,900,000","374,000,000","378,100,000","412,200,000","383,800,000","421,800,000","262,100,000","206,500,000","226,000,000","181,200,000","154,700,000","184,400,000","172,300,000","145,100,000","151,700,000","147,800,000","156,800,000","139,300,000","149,800,000","160,800,000","178,100,000","157,300,000","138,100,000","140,900,000","155,800,000","158,700,000","157,700,000","155,900,000","148,400,000","167,200,000","151,300,000","163,300,000","170,100,000","184,600,000","165,500,000","79,700,000","195,700,000","174,500,000","132,200,000","157,500,000","137,200,000","113,000,000","105,800,000","128,500,000","128,500,000","128,500,000","128,500,000","-220,100,000","200,900,000","205,400,000","194,600,000","178,300,000","165,900,000"
	OperatingRevenue,"12,222,000,000","3,390,000,000","2,895,000,000","3,065,000,000","2,872,000,000","3,381,000,000","3,170,000,000","2,365,000,000","2,581,000,000","2,967,000,000","2,713,000,000","2,257,000,000","1,803,000,000","2,048,000,000","1,726,000,000","1,662,000,000","1,817,000,000","1,935,000,000","1,879,000,000","1,875,000,000","1,659,000,000","1,789,000,000","1,791,000,000","2,038,000,000","2,032,000,000","1,816,000,000","2,033,000,000","1,908,000,000","1,972,000,000","2,017,000,000","1,746,000,000","1,765,000,000","1,764,000,000","2,169,000,000","1,983,000,000","1,993,000,000","2,177,000,000","2,476,000,000","2,480,000,000","2,229,000,000","2,683,000,000","2,765,000,000","2,744,000,000","2,384,000,000","2,465,000,000","2,548,000,000","2,597,000,000","2,153,000,000","2,242,000,000","2,518,000,000","2,049,000,000","1,602,000,000","1,552,000,000","1,342,000,000","1,392,000,000","1,522,000,000","1,943,000,000","1,322,000,000","1,646,000,000","1,302,000,000","1,256,000,000","1,460,000,000","1,102,000,000","1,310,000,000","1,148,000,000","1,283,000,000","1,164,000,000","1,006,000,000","961,000,000","1,230,042,000","1,162,695,000","1,009,171,000","1,122,277,000","806,090,000","881,160,000","747,222,000","733,989,000","785,931,000","712,168,000","636,979,000","491,598,000","445,145,000","424,397,000","362,361,000","427,525,000","479,006,000","362,031,000","355,387,000","358,510,000","428,000,000","328,000,000","315,800,000","327,100,000","352,000,000","349,900,000","374,000,000","378,100,000","412,200,000","383,800,000","421,800,000","262,100,000","206,500,000","226,000,000","181,200,000","154,700,000","184,400,000","172,300,000","145,100,000","151,700,000","147,800,000","156,800,000","139,300,000","149,800,000","160,800,000","178,100,000","157,300,000","138,100,000","140,900,000","155,800,000","158,700,000","157,700,000","155,900,000","148,400,000","167,200,000","151,300,000","163,300,000","170,100,000","184,600,000","165,500,000","79,700,000","195,700,000","174,500,000","132,200,000","157,500,000","137,200,000","113,000,000","105,800,000","128,500,000","128,500,000","128,500,000","128,500,000","-220,100,000","200,900,000","205,400,000","194,600,000","178,300,000","165,900,000"
CostOfRevenue,"7,758,000,000","2,179,000,000","1,937,000,000","1,842,000,000","1,800,000,000","1,970,000,000","1,861,000,000","1,586,000,000","1,897,000,000","2,072,000,000","1,940,000,000","1,853,000,000","1,290,000,000","1,440,000,000","1,294,000,000","1,244,000,000","1,330,000,000","1,374,000,000","1,380,000,000","1,307,000,000","1,226,000,000","1,364,000,000","1,318,000,000","1,373,000,000","1,403,000,000","1,484,000,000","1,464,000,000","1,295,000,000","1,308,000,000","1,436,000,000","1,503,000,000","1,366,000,000","1,381,000,000","1,834,000,000","1,335,000,000","2,068,000,000","1,311,000,000","2,163,000,000","1,088,000,000","1,002,000,000","1,017,000,000","1,120,000,000","1,112,000,000","917,000,000","940,000,000","685,000,000","970,000,000","911,000,000","918,000,000","889,000,000","820,000,000","747,000,000","794,000,000","828,000,000","871,000,000","818,000,000","791,000,000","542,000,000","785,000,000","807,000,000","844,000,000","786,000,000","632,000,000","681,000,000","599,000,000","762,000,000","643,000,000","598,000,000","577,000,000","780,834,000","582,649,000","557,582,000","574,574,000","505,092,000","462,864,000","436,127,000","406,683,000","514,571,000","432,467,000","393,542,000","339,168,000","335,037,000","283,269,000","260,402,000","259,680,000","357,478,000","187,696,000","180,580,000","182,768,000","194,200,000","187,900,000","195,100,000","193,700,000","270,000,000","195,400,000","191,100,000","197,700,000","167,800,000","181,300,000","211,700,000","112,200,000","130,400,000","134,200,000","113,400,000","98,100,000","105,500,000","92,300,000","89,700,000","83,200,000","87,600,000","83,000,000","101,800,000","82,900,000","79,800,000","97,100,000","82,800,000","77,300,000","82,800,000","83,600,000","83,500,000","73,500,000","81,000,000","70,000,000","81,200,000","73,600,000","98,400,000","81,100,000","94,300,000","83,100,000","37,500,000","107,000,000","97,600,000",,,,,,,,,,,,,,,
GrossProfit,"4,464,000,000","1,211,000,000","958,000,000","1,223,000,000","1,072,000,000","1,411,000,000","1,309,000,000","779,000,000","684,000,000","895,000,000","773,000,000","404,000,000","513,000,000","608,000,000","432,000,000","418,000,000","487,000,000","561,000,000","499,000,000","568,000,000","433,000,000","425,000,000","473,000,000","665,000,000","629,000,000","332,000,000","569,000,000","613,000,000","664,000,000","581,000,000","243,000,000","399,000,000","383,000,000","335,000,000","648,000,000","-75,000,000","866,000,000","313,000,000","1,392,000,000","1,227,000,000","1,666,000,000","1,645,000,000","1,632,000,000","1,467,000,000","1,525,000,000","1,863,000,000","1,627,000,000","1,242,000,000","1,324,000,000","1,629,000,000","1,229,000,000","855,000,000","758,000,000","514,000,000","521,000,000","704,000,000","1,152,000,000","780,000,000","861,000,000","495,000,000","412,000,000","674,000,000","470,000,000","629,000,000","549,000,000","521,000,000","521,000,000","408,000,000","384,000,000","449,208,000","580,046,000","451,589,000","560,865,000","316,225,000","434,128,000","311,095,000","457,962,000","300,470,000","295,879,000","243,437,000","152,430,000","110,108,000","141,128,000","101,959,000","167,845,000","133,267,000","174,335,000","174,807,000","175,742,000","233,800,000","140,100,000","120,700,000","133,400,000","82,000,000","154,500,000","182,900,000","180,400,000","244,400,000","202,500,000","210,100,000","149,900,000","76,100,000","91,800,000","67,800,000","56,600,000","78,900,000","80,000,000","55,400,000","68,500,000","60,200,000","73,800,000","37,500,000","66,900,000","81,000,000","81,000,000","74,500,000","60,800,000","58,100,000","72,200,000","75,200,000","84,200,000","74,900,000","78,400,000","86,000,000","77,700,000","64,900,000","89,000,000","90,300,000","82,400,000","42,200,000","88,700,000","76,900,000",,,,,,,,,,,,,,,
OperatingExpense,"2,476,000,000","1,803,000,000","284,000,000","212,000,000","177,000,000","420,000,000","219,000,000","289,000,000","194,000,000","319,000,000","277,000,000","255,000,000","157,000,000","231,000,000","175,000,000","190,000,000","161,000,000","228,000,000","176,000,000","185,000,000","147,000,000","236,000,000","162,000,000","171,000,000","140,000,000","378,000,000","163,000,000","184,000,000","152,000,000","257,000,000","172,000,000","184,000,000","172,000,000","214,000,000","251,000,000","229,000,000","218,000,000","-598,000,000","612,000,000","509,000,000","491,000,000","587,000,000","454,000,000","562,000,000","504,000,000","595,000,000","401,000,000","405,000,000","417,000,000","449,000,000","340,000,000","382,000,000","348,000,000","612,000,000","281,000,000","260,000,000","280,000,000","500,000,000","242,000,000","242,000,000","269,000,000","200,000,000","238,000,000","218,000,000","200,000,000","224,000,000","210,000,000","204,000,000","217,000,000","70,284,000","244,355,000","260,310,000","251,783,000","103,606,000","211,043,000","200,876,000","178,475,000","158,478,000","238,626,000","141,477,000","165,638,000","121,919,000","124,699,000","120,025,000","114,582,000","145,137,000","137,880,000","124,217,000","110,194,000","119,500,000","110,300,000","91,300,000","85,600,000","655,600,000","115,000,000","120,200,000","115,500,000","170,000,000","106,400,000","274,000,000","91,800,000","69,100,000","64,500,000","57,500,000","54,400,000","92,700,000","57,800,000","73,900,000","47,100,000","96,900,000","54,200,000","50,300,000","45,300,000","66,400,000","51,800,000","47,700,000","47,000,000","46,600,000","51,600,000","47,900,000","40,300,000","40,800,000","46,300,000","51,100,000","39,500,000","52,300,000","41,200,000","37,700,000","36,000,000","21,000,000","43,300,000","39,700,000",,,,,,,,,,,,,,,
	SellingGeneralAndAdministration,"259,000,000","69,000,000","61,000,000","64,000,000","65,000,000","64,000,000","68,000,000","72,000,000","65,000,000","89,000,000","84,000,000","81,000,000","59,000,000","63,000,000","59,000,000","63,000,000","59,000,000","66,000,000","58,000,000","58,000,000","55,000,000","55,000,000","63,000,000","64,000,000","57,000,000","45,000,000","43,000,000","51,000,000","44,000,000","48,000,000","45,000,000","48,000,000","45,000,000","45,000,000","48,000,000","54,000,000","56,000,000","-71,000,000","90,000,000","73,000,000","70,000,000","22,000,000","77,000,000","114,000,000","45,000,000","1,000,000","63,000,000","56,000,000","58,000,000","50,000,000","47,000,000","48,000,000","48,000,000","8,000,000","47,000,000","37,000,000","68,000,000","345,000,000","50,000,000","36,000,000","59,000,000","-18,000,000","66,000,000","37,000,000","37,000,000","39,000,000","32,000,000","32,000,000","31,000,000","35,899,000","22,298,000","38,928,000","33,085,000","43,344,000","28,954,000","31,292,000","26,410,000","66,079,000","29,742,000","27,652,000","20,443,000","32,468,000","12,388,000","13,665,000","14,479,000","77,804,000","15,849,000","12,898,000","11,989,000","72,400,000","12,600,000","12,700,000","12,600,000","626,100,000","11,700,000","12,300,000","14,500,000","15,900,000","16,200,000","181,600,000","29,400,000","35,800,000","31,100,000","27,900,000","25,900,000","62,400,000","29,800,000","50,100,000","22,400,000","74,100,000","30,000,000","29,100,000","22,400,000","39,600,000","24,600,000","19,900,000","18,800,000","21,800,000","26,500,000","22,600,000","16,600,000","18,800,000","22,700,000","25,400,000","16,800,000","23,800,000","21,800,000","19,000,000","17,800,000","7,900,000","21,600,000","20,900,000",,,,,,,,,,,,,,,
		GeneralAndAdministrativeExpense,"259,000,000","69,000,000","61,000,000","64,000,000","65,000,000","64,000,000","68,000,000","72,000,000","65,000,000","89,000,000","84,000,000","81,000,000","59,000,000","63,000,000","59,000,000","63,000,000","59,000,000","66,000,000","58,000,000","58,000,000","55,000,000","55,000,000","63,000,000","64,000,000","57,000,000","45,000,000","43,000,000","51,000,000","44,000,000","48,000,000","45,000,000","48,000,000","45,000,000","45,000,000","48,000,000","54,000,000","56,000,000","-71,000,000","90,000,000","73,000,000","70,000,000",,,"114,000,000",,,,,,,,,,,,,,,,,,,,,,,,,,,,,,,,,,,,,,,,,,,,,,,,,,,,,,,,,,,,,,,,,,,,,,,,,,,,,,,,,,,,,,,,,,,,,,,,,,,,,,,
			SalariesAndWages,,,"0",,,"7,000,000","83,000,000",,,,,,,,,,,,,,,,,,,,,,,,,,,,,,,,,,,,,,,,,,,,,,,,,,,,,,,,,,,,,,,,,,,,,,,,,,,,,,,,,,,,,,,,,,,,,,,,,,,,,,,,,,,,,,,,,,,,,,,,,,,,,,,,,,,,,,,,,,,,
			OtherGandA,"259,000,000","69,000,000","61,000,000","64,000,000","65,000,000","64,000,000","68,000,000","72,000,000","65,000,000","89,000,000","84,000,000","81,000,000","59,000,000","63,000,000","59,000,000","63,000,000","59,000,000","66,000,000","58,000,000","58,000,000","55,000,000","55,000,000","63,000,000","64,000,000","57,000,000","45,000,000","43,000,000","51,000,000","44,000,000","48,000,000","45,000,000","48,000,000","45,000,000","45,000,000","48,000,000","54,000,000","56,000,000","-71,000,000","90,000,000","73,000,000","70,000,000",,,"114,000,000",,,,,,,,,,,,,,,,,,,,,,,,,,,,,,,,,,,,,,,,,,,,,,,,,,,,,,,,,,,,,,,,,,,,,,,,,,,,,,,,,,,,,,,,,,,,,,,,,,,,,,,
	ResearchAndDevelopment,"154,000,000","46,000,000","40,000,000","37,000,000","31,000,000","30,000,000","39,000,000","26,000,000","27,000,000","48,000,000","43,000,000","32,000,000","27,000,000","46,000,000","37,000,000","36,000,000","34,000,000","44,000,000","41,000,000","32,000,000","26,000,000","29,000,000","34,000,000","44,000,000","28,000,000","40,000,000","32,000,000","33,000,000","28,000,000","41,000,000","36,000,000","42,000,000","42,000,000","57,000,000","67,000,000","46,000,000","52,000,000","21,000,000","92,000,000","82,000,000","102,000,000","80,000,000","99,000,000","109,000,000","68,000,000","67,000,000","46,000,000","57,000,000","46,000,000","35,000,000","27,000,000","42,000,000","31,000,000","52,000,000","45,000,000","39,000,000","30,000,000","17,000,000","16,000,000","13,000,000","18,000,000","26,000,000","19,000,000","28,000,000","21,000,000","23,000,000","18,000,000","14,000,000","18,000,000",,"54,093,000","48,226,000","36,674,000",,"30,646,000","30,247,000","21,472,000",,"25,356,000","18,788,000","11,757,000",,"12,843,000","15,305,000","15,315,000",,"17,504,000","17,234,000","13,541,000",,"14,300,000","14,400,000","11,500,000",,"18,500,000","16,600,000","16,100,000","30,100,000","19,900,000","26,300,000","22,100,000",,,,,,,,,,,,,,,,,,,,,,,,,,,,,,,,,,,,,,,,,,,,,,
	DepreciationAmortizationDepletionIncomeStatement,,,,,,,,,,,,,,,,,,,,,,,,,,,,,,,,,,,,,,,"272,000,000","248,000,000","231,000,000","260,000,000","270,000,000","250,000,000","256,000,000","248,000,000","242,000,000","231,000,000","224,000,000","240,000,000","199,000,000","176,000,000","192,000,000","192,000,000","189,000,000","184,000,000","182,000,000","138,000,000","176,000,000","193,000,000","192,000,000","192,000,000","153,000,000","153,000,000","142,000,000","162,000,000","160,000,000","158,000,000","168,000,000","173,378,000","167,964,000","173,156,000","182,024,000","142,627,000","151,443,000","139,337,000","130,593,000","117,872,000","150,446,000","136,541,000","105,192,000","81,171,000","71,479,000","72,174,000","84,788,000","9,845,000","104,527,000","94,085,000","84,664,000","87,300,000","83,400,000","64,200,000","61,500,000","80,700,000","84,800,000","91,300,000","84,900,000","124,000,000","70,300,000","66,100,000","40,300,000","33,300,000","33,400,000","29,600,000","28,500,000","30,300,000","28,000,000","23,800,000","24,700,000","22,800,000","24,200,000","21,200,000","22,900,000","26,800,000","27,200,000","27,800,000","28,200,000","24,800,000","25,100,000","25,300,000","23,700,000","22,000,000","23,600,000","25,700,000","22,700,000","28,500,000","19,400,000","18,700,000","18,200,000","13,100,000","21,700,000","18,800,000",,,,,,,,,,,,,,,
		DepreciationAndAmortizationInIncomeStatement,,,,,,,,,,,,,,,,,,,,,,,,,,,,,,,,,,,,,,,"272,000,000","248,000,000","231,000,000","260,000,000","270,000,000","250,000,000","256,000,000","248,000,000","242,000,000","231,000,000","224,000,000","240,000,000","199,000,000","176,000,000","192,000,000","192,000,000","189,000,000","184,000,000","182,000,000","138,000,000","176,000,000","193,000,000","192,000,000","192,000,000","153,000,000","153,000,000","142,000,000","162,000,000","160,000,000","158,000,000","168,000,000","173,378,000","167,964,000","173,156,000","182,024,000","142,627,000","151,443,000","139,337,000","130,593,000","117,872,000","150,446,000","136,541,000","105,192,000","81,171,000","71,479,000","72,174,000","84,788,000","9,845,000","104,527,000","94,085,000","84,664,000","87,300,000","83,400,000","64,200,000","61,500,000","80,700,000","84,800,000","91,300,000","84,900,000","124,000,000","70,300,000","66,100,000","40,300,000","33,300,000","33,400,000","29,600,000","28,500,000","30,300,000","28,000,000","23,800,000","24,700,000","22,800,000","24,200,000","21,200,000","22,900,000","26,800,000","27,200,000","27,800,000","28,200,000","24,800,000","25,100,000","25,300,000","23,700,000","22,000,000","23,600,000","25,700,000","22,700,000","28,500,000","19,400,000","18,700,000","18,200,000","13,100,000","21,700,000","18,800,000",,,,,,,,,,,,,,,
			Amortization,,,,,,,,,,,,,,,,,,,,,,,,,,,,,,,,,,,,,,,"272,000,000","248,000,000","231,000,000","260,000,000","270,000,000","250,000,000","256,000,000","248,000,000","242,000,000","231,000,000","224,000,000","240,000,000","199,000,000","176,000,000","192,000,000",,,,,,,,,,,,,,,,,,,,,,,,,,,,,,,,,,,,,,,,,,,,,,,,,,,,,,,,,,,,,,,,,,,,,,,,,,,,,,,,,,,,,,,,,,,,,,
				AmortizationOfIntangiblesIncomeStatement,,,,,,,,,,,,,,,,,,,,,,,,,,,,,,,,,,,,,,,"272,000,000","248,000,000","231,000,000","260,000,000","270,000,000","250,000,000","256,000,000","248,000,000","242,000,000","231,000,000","224,000,000","240,000,000","199,000,000","176,000,000","192,000,000",,,,,,,,,,,,,,,,,,,,,,,,,,,,,,,,,,,,,,,,,,,,,,,,,,,,,,,,,,,,,,,,,,,,,,,,,,,,,,,,,,,,,,,,,,,,,,
	OtherTaxes,,,,,,,,,,,,,,,,,,,,,,,,,,,,,,,,,,,,,,,,,,,,"0",,,,,,,,,,,,,,,,,,,,,,,,,,,,,,,,,,,,,,,,,,,,,,,,,,,,,,,,,,,,,,,,,,,,,,,,,,,,,,,,,,,,,,,,,,,,,,,,,,,,,,,
	OtherOperatingExpenses,"2,055,000,000","1,688,000,000","177,000,000","109,000,000","81,000,000","319,000,000","86,000,000","66,000,000","82,000,000","182,000,000","150,000,000","142,000,000","71,000,000","122,000,000","79,000,000","91,000,000","68,000,000","118,000,000","77,000,000","95,000,000","66,000,000","152,000,000","65,000,000","63,000,000","55,000,000","293,000,000","88,000,000","100,000,000","80,000,000","168,000,000","91,000,000","94,000,000","85,000,000","110,000,000","136,000,000","129,000,000","112,000,000","188,000,000","131,000,000","106,000,000","88,000,000","225,000,000","8,000,000","89,000,000","135,000,000","279,000,000","50,000,000","61,000,000","89,000,000","124,000,000","67,000,000","116,000,000","77,000,000",,,,,,,,,,,,,,,,,,,,,,,,,"30,238,000","33,082,000","-41,504,000","28,246,000","51,743,000","27,989,000","18,881,000",,,,,,,,,,,,,,,,,,,,,,,,,,,,,,,,,,,,,,,,,,,,,,,,,,,,,,,,,,,,,,,
OperatingIncome,"1,988,000,000","-592,000,000","674,000,000","1,011,000,000","895,000,000","991,000,000","1,090,000,000","490,000,000","490,000,000","576,000,000","496,000,000","149,000,000","356,000,000","377,000,000","257,000,000","228,000,000","326,000,000","333,000,000","323,000,000","383,000,000","286,000,000","189,000,000","311,000,000","494,000,000","489,000,000","-46,000,000","406,000,000","429,000,000","512,000,000","324,000,000","71,000,000","215,000,000","211,000,000","121,000,000","397,000,000","-304,000,000","648,000,000","911,000,000","780,000,000","718,000,000","1,175,000,000","1,058,000,000","1,178,000,000","905,000,000","1,021,000,000","1,268,000,000","1,226,000,000","837,000,000","907,000,000","1,180,000,000","889,000,000","473,000,000","410,000,000","-98,000,000","240,000,000","444,000,000","872,000,000","280,000,000","619,000,000","253,000,000","143,000,000","474,000,000","232,000,000","411,000,000","349,000,000","297,000,000","311,000,000","204,000,000","167,000,000","378,924,000","335,691,000","191,279,000","309,082,000","212,619,000","223,085,000","110,219,000","279,487,000","141,992,000","57,253,000","101,960,000","-13,208,000","-11,811,000","16,429,000","-18,066,000","53,263,000","-11,870,000","36,455,000","50,590,000","65,548,000","114,300,000","29,800,000","29,400,000","47,800,000","-573,600,000","39,500,000","62,700,000","64,900,000","74,400,000","96,100,000","-63,900,000","58,100,000","7,000,000","27,300,000","10,300,000","2,200,000","-13,800,000","22,200,000","-18,500,000","21,400,000","-36,700,000","19,600,000","-12,800,000","21,600,000","14,600,000","29,200,000","26,800,000","13,800,000","11,500,000","20,600,000","27,300,000","43,900,000","34,100,000","32,100,000","34,900,000","38,200,000","12,600,000","47,800,000","52,600,000","46,400,000","21,200,000","45,400,000","37,200,000","132,200,000","-207,900,000","137,200,000","113,000,000","105,800,000","-206,100,000","128,500,000","128,500,000","128,500,000","-524,300,000","200,900,000","205,400,000","194,600,000","-556,200,000","165,900,000"
NetNonOperatingInterestIncomeExpense,"-256,000,000","-60,000,000","-60,000,000","-65,000,000","-71,000,000","-70,000,000","-71,000,000","-72,000,000","-71,000,000","-71,000,000","-67,000,000","-69,000,000","-37,000,000","-37,000,000","-36,000,000","-36,000,000","-42,000,000","-45,000,000","-47,000,000","-64,000,000","-67,000,000","-69,000,000","-64,000,000","-71,000,000","-79,000,000","-77,000,000","-81,000,000","-82,000,000","-85,000,000","-84,000,000","-88,000,000","-93,000,000","-92,000,000","-89,000,000","-72,000,000","-68,000,000","-61,000,000","-56,000,000","-65,000,000","-69,000,000","-47,000,000","-59,000,000","-63,000,000","-61,000,000","-61,000,000","-58,000,000","-66,000,000","-69,000,000","-75,000,000","-39,000,000","-10,000,000","-17,000,000","-32,000,000",,,,,,,,,,,,,,,,,,,,,,,,,,,,,,,,,,,,,,,,,,,,,,,,,,,,,,,,,,,,,,,,,,,,,,,,,,,,,,,,,,,,,,,,,,,,,,
	InterestIncomeNonOperating,"18,000,000","6,000,000","6,000,000","3,000,000","3,000,000","3,000,000","4,000,000","6,000,000","11,000,000","13,000,000","10,000,000","13,000,000","21,000,000","17,000,000","15,000,000","13,000,000","11,000,000","9,000,000","9,000,000",,,,,,,,,,,"1,000,000","1,000,000","1,000,000","1,000,000","3,000,000","4,000,000","2,000,000","4,000,000","3,000,000","2,000,000","2,000,000","5,000,000",,"2,000,000","2,000,000","4,000,000",,,,,,,"6,000,000",,,,,,,,,,,,,,,,,,,,,,,,,,,,,,,,,,,,,,,,,,,,,,,,,,,,,,,,,,,,,,,,,,,,,,,,,,,,,,,,,,,,,,,,,,,,,,,
	InterestExpenseNonOperating,"274,000,000","66,000,000","66,000,000","68,000,000","74,000,000","73,000,000","75,000,000","78,000,000","82,000,000","84,000,000","77,000,000","82,000,000","58,000,000","54,000,000","51,000,000","49,000,000","53,000,000","54,000,000","56,000,000","64,000,000","67,000,000","69,000,000","64,000,000","71,000,000","79,000,000","77,000,000","81,000,000","82,000,000","85,000,000","85,000,000","89,000,000","94,000,000","93,000,000","92,000,000","76,000,000","70,000,000","65,000,000","59,000,000","67,000,000","71,000,000","52,000,000","51,000,000","65,000,000","63,000,000","65,000,000",,,,"75,000,000","55,000,000","10,000,000","23,000,000",,,,,,,,,,,,,,,,,,,,,,,,,,,,,,,,,,,,,,,,,,,,,,,,,,,,,,,,,,,,,,,,,,,,,,,,,,,,,,,,,,,,,,,,,,,,,,,
	TotalOtherFinanceCost,,,,,,,,,,,,,,,,,,,,,,,,,,,,,,,,,,,,,,,,,,,,,,,"66,000,000","69,000,000",,,,,"32,000,000",,,,,,,,,,,,,,,,,,,,,,,,,,,,,,,,,,,,,,,,,,,,,,,,,,,,,,,,,,,,,,,,,,,,,,,,,,,,,,,,,,,,,,,,,,,,,,
OtherIncomeExpense,"-624,000,000","145,000,000","-685,000,000","-3,000,000","-81,000,000","13,000,000","-139,000,000","132,000,000","360,000,000","115,000,000","2,349,000,000","-60,000,000","-44,000,000","-62,000,000","-349,000,000","113,000,000","-1,000,000","-1,000,000","2,000,000","17,000,000","-26,000,000","-1,006,000,000","-24,000,000","-19,000,000","80,000,000","-69,000,000","112,000,000","-49,000,000","-4,000,000","6,000,000","42,000,000","-30,000,000","24,000,000","-2,112,000,000","255,000,000","-2,255,000,000","-45,000,000","-36,000,000","-7,000,000","-90,000,000","-98,000,000","-2,045,000,000","-79,000,000","3,000,000","13,000,000","-70,000,000","5,000,000","44,000,000","48,000,000","22,000,000","25,000,000","3,000,000","9,000,000","253,000,000","-113,000,000","-115,000,000","-91,000,000","-1,658,000,000","2,000,000","-1,099,000,000","67,000,000","-84,000,000","262,000,000","4,000,000","21,000,000","-13,000,000","46,000,000","26,000,000","48,000,000","-123,845,000","-24,125,000","-57,924,000","15,215,000","105,813,000","63,115,000","126,346,000","125,567,000","-75,180,000","22,457,000","82,531,000","16,939,000","-23,685,000","10,051,000","-2,219,000","-97,812,000","2,119,000","-70,669,000","-19,182,000","-9,066,000","-45,200,000","-42,800,000","9,800,000","-1,800,000","-100,000","3,700,000","2,300,000","8,500,000","-12,500,000","4,600,000","2,700,000","600,000","17,300,000","18,600,000","17,300,000","18,600,000","10,300,000","14,900,000","135,600,000","6,100,000","61,700,000","1,700,000","5,400,000","3,300,000","9,900,000","6,300,000","30,000,000","6,100,000","-3,200,000","3,100,000","3,100,000","8,700,000","700,000","-3,600,000","-800,000","12,200,000","12,100,000","111,600,000","-5,500,000","19,300,000","98,700,000","13,700,000","4,400,000",,,,,,,,,,,,,,,
	GainOnSaleOfSecurity,"-112,000,000","20,000,000","-79,000,000","34,000,000","-87,000,000","-4,000,000","35,000,000","175,000,000","-27,000,000","71,000,000","30,000,000","39,000,000","19,000,000","-24,000,000","-10,000,000","19,000,000","7,000,000","2,000,000","-9,000,000","-4,000,000","-17,000,000","20,000,000","-9,000,000",,,"1,000,000","23,000,000","-9,000,000","13,000,000",,"20,000,000","-9,000,000","-10,000,000","17,000,000","299,000,000","48,000,000","10,000,000","45,000,000","-1,000,000","12,000,000","-13,000,000",,"39,000,000","32,000,000","-11,000,000",,,,,,,"-3,000,000",,,,,,,,,,,,,,,,,,,,,,,,,,,,,,,,,,,,,,,,,,,,,,,,,,,,,,,,,,,,,,,,,,,,,,,,,,,,,,,,,,,,,,,,,,,,,,,
	EarningsFromEquityInterest,"0",,,,,"0","0",,"593,000,000","24,000,000","2,366,000,000",,,,,,,,,,,,,,,"0","1,000,000","0","8,000,000","4,000,000","13,000,000","5,000,000","4,000,000","5,000,000","20,000,000","4,000,000","3,000,000",,,,,,,,,,,,,,,"-3,000,000",,,,,"-5,000,000",,,,,"1,000,000","1,000,000",,,"1,000,000",,"-1,000,000","4,000,000","-44,965,000","19,088,000","105,000","1,504,000","22,592,000","35,615,000","-90,018,000","-3,189,000","17,352,000","17,470,000","16,875,000","-1,173,000","9,786,000","16,852,000","10,757,000",,,,,,,,,,,,,,,,,,,,,,,,,,,,,,,,,,,,,,,,,,,,,,,,,,,,,,,,,,,,,,,
	SpecialIncomeCharges,"-509,000,000","122,000,000","-599,000,000","-44,000,000","12,000,000","2,000,000","-173,000,000","-55,000,000","-192,000,000","22,000,000","-44,000,000","-93,000,000","-63,000,000","-49,000,000","-341,000,000","91,000,000","-7,000,000","-13,000,000","6,000,000","23,000,000","-10,000,000","-1,034,000,000","-11,000,000",,,"-66,000,000","91,000,000","-36,000,000","-18,000,000","1,000,000","14,000,000","-19,000,000","39,000,000","-2,180,000,000","-63,000,000","-2,289,000,000","-12,000,000","-105,000,000","-6,000,000","-102,000,000","-85,000,000","-2,035,000,000","-118,000,000","-29,000,000","24,000,000","-70,000,000","5,000,000","44,000,000","48,000,000","22,000,000","25,000,000","6,000,000","9,000,000","213,000,000","-113,000,000","-115,000,000","-86,000,000","-1,657,000,000","2,000,000","-1,099,000,000","67,000,000","-85,000,000","261,000,000","4,000,000","21,000,000","-14,000,000","46,000,000","27,000,000","44,000,000","-78,880,000","-43,213,000","-58,029,000","13,711,000","83,221,000","27,500,000","216,364,000","128,756,000","-92,532,000","4,987,000","65,656,000","18,112,000","-33,471,000","-6,801,000","-12,976,000","-97,812,000","12,042,000","-70,669,000","-19,182,000","-9,066,000","-45,200,000","-42,800,000","9,800,000","-1,800,000","-100,000","3,700,000","2,300,000","8,500,000","-12,500,000","4,600,000","2,700,000","600,000","17,300,000","18,600,000","17,300,000","18,600,000","10,300,000","14,900,000","135,600,000","6,100,000","61,700,000","1,700,000","5,400,000","3,300,000","9,900,000","6,300,000","30,000,000","6,100,000","-3,200,000","3,100,000","3,100,000","8,700,000","700,000","-3,600,000","-800,000","12,200,000","12,100,000","111,600,000","-5,500,000","19,300,000","98,700,000","13,700,000","4,400,000",,,,,,,,,,,,,,,
		RestructuringAndMergernAcquisition,"11,000,000","1,000,000","0","5,000,000","5,000,000","6,000,000","9,000,000","13,000,000","23,000,000","13,000,000","39,000,000","125,000,000","62,000,000","4,000,000","1,000,000","9,000,000","6,000,000","4,000,000","-1,000,000","4,000,000","9,000,000","5,000,000","16,000,000",,,"12,000,000","19,000,000","17,000,000","5,000,000","8,000,000","19,000,000","6,000,000","7,000,000","44,000,000","20,000,000","21,000,000","9,000,000","10,000,000","48,000,000",,,,"1,000,000","20,000,000",,,,,,,,,,,,,,"-9,000,000","2,000,000",,,,,,,,,,,,,,,,,,,,,,,"490,000",,,,,,,,,,,,,,,,,,,,,,,,,,,,,,,,,,,,,,,,,,,,,,,,,,,,,,,,,,,,,,,,,
		ImpairmentOfCapitalAssets,"25,000,000","7,000,000","6,000,000","11,000,000","1,000,000","20,000,000","24,000,000","5,000,000","0","1,000,000","3,000,000","0","1,000,000","3,000,000","366,000,000","0","0","11,000,000","0","0","3,000,000","974,000,000",,,,"50,000,000",,,,"8,000,000","5,000,000","13,000,000",,"2,087,000,000","3,000,000","2,261,000,000",,"13,000,000","7,000,000","8,000,000","24,000,000",,"174,000,000",,,,,,,,,"0",,,,,,,,,,,,,,,,,,,,,,,,,,,,,,,,,,,,,,,,,,,,,,,,,,,,,,,,,,,,,,,,,,,,,,,,,,,,,,,,,,,,,,,,,,,,,,,
		WriteOff,"1,000,000","0","1,000,000",,"0","0",,"0","93,000,000","0","1,000,000","0","1,000,000",,,,,,,,,"-4,000,000","0",,,"7,000,000","32,000,000","18,000,000","57,000,000","17,000,000","3,000,000","0","1,000,000","53,000,000","41,000,000","7,000,000","4,000,000",,,,,,,,,,,,,,,,,,,,,,,,,,,,,,,,,,,,,,,,,,,,,,,,,,,,,,,,,,,,,,,,,,,,,,,,,,,,,,,,,,,,,,,,,,,,,,,,,,,,,,,,,,,,,,
		OtherSpecialCharges,"113,000,000","36,000,000","24,000,000","28,000,000","25,000,000","56,000,000","141,000,000","36,000,000","76,000,000",,,,,"0","-25,000,000",,,"0",,"-13,000,000",,,,,,,,,,,,,,,,,,,"-47,000,000","94,000,000","71,000,000","148,000,000","-57,000,000","9,000,000","-21,000,000",,,,,,,"-6,000,000",,,,,,"1,666,000,000","-4,000,000",,,,,,,,,,,,,,,,,,,,,,,"32,981,000",,,,,,,,,,,,,,,,,,,,,,,,,,,,,,,,,,,,,,,,,,,,,,,,,,,,,,,,,,,,,,,,,
		GainOnSaleOfBusiness,,,,,,,,,,,,,,,,,,,,,,"0","0",,,"0","76,000,000",,,,,,,,,,,,,,,,,,,,,,,,,,,,,,,,,,,,,,,,,,,,,,,,,,,,,,,,,,,,,,,,,,,,,,,,,,,,,,,,,,,,,,,,,,,,,,,,,,,,,,,,,,,,,,,,,,,,,,,,
		GainOnSaleOfPPE,"-359,000,000","166,000,000","-568,000,000","0","43,000,000","84,000,000","1,000,000","-1,000,000",,"-2,000,000","-1,000,000","32,000,000","1,000,000","0","1,000,000","100,000,000","-1,000,000","2,000,000","5,000,000","14,000,000","2,000,000","-1,000,000","5,000,000",,,"9,000,000","66,000,000","-1,000,000","44,000,000","34,000,000","41,000,000","0","47,000,000","4,000,000","1,000,000","0","1,000,000","93,000,000","2,000,000","0","10,000,000",,,"0","3,000,000",,,,,,,,,,,,,,,,,,,,,,,,,,,,,,,,,,,,,,,,,,,,,,,,,,,,,,,,,,,,,,,,,,,,,,,,,,,,,,,,,,,,,,,,,,,,,,,,,,,,,,
	OtherNonOperatingIncomeExpenses,"-3,000,000","3,000,000","-7,000,000","7,000,000","-6,000,000","15,000,000","-1,000,000","12,000,000","-14,000,000","-2,000,000","-3,000,000","-6,000,000","5,000,000","11,000,000","2,000,000","3,000,000","-1,000,000","10,000,000","3,000,000","-2,000,000","1,000,000","8,000,000","-4,000,000","-19,000,000","80,000,000","-4,000,000","-3,000,000","-4,000,000","-7,000,000","-3,000,000","-5,000,000","-7,000,000","-9,000,000","46,000,000","-1,000,000","-18,000,000","-46,000,000",,,,,,,,,,,,,,,,,,,,,,,,,,,,,,,,,,,,,,,,,,,,,,,,,,,,,,,,,,,,,,,,,,,,,,,,,,,,,,,,,,,,,,,,,,,,,,,,,,,,,,,,,,,,,,
PretaxIncome,"1,108,000,000","-507,000,000","-71,000,000","943,000,000","743,000,000","934,000,000","880,000,000","550,000,000","779,000,000","620,000,000","2,778,000,000","20,000,000","275,000,000","278,000,000","-128,000,000","305,000,000","283,000,000","287,000,000","276,000,000","336,000,000","193,000,000","-886,000,000","223,000,000","404,000,000","490,000,000","-192,000,000","437,000,000","298,000,000","423,000,000","246,000,000","25,000,000","92,000,000","143,000,000","-2,080,000,000","580,000,000","-2,627,000,000","542,000,000","804,000,000","717,000,000","557,000,000","1,036,000,000","-1,046,000,000","1,036,000,000","847,000,000","973,000,000","1,140,000,000","1,165,000,000","812,000,000","880,000,000","1,163,000,000","904,000,000","459,000,000","387,000,000","-42,000,000","212,000,000","310,000,000","796,000,000","-1,175,000,000","607,000,000","-331,000,000","186,000,000","360,000,000","521,000,000","409,000,000","350,000,000","343,000,000","333,000,000","200,000,000","190,000,000","588,925,000","220,823,000","129,559,000","298,004,000","335,353,000","195,411,000","305,710,000","255,329,000","43,104,000","35,191,000","93,979,000","-7,904,000","-23,889,000","14,889,000","-32,300,000","-34,700,000","29,725,000","-30,221,000","-11,910,000","13,176,000","61,300,000","-46,800,000","9,200,000","15,500,000","-617,100,000","4,300,000","32,800,000","38,600,000","29,900,000","59,400,000","-93,400,000","29,800,000","10,900,000","29,800,000","15,300,000","11,700,000","-14,400,000","25,900,000","100,800,000","17,500,000","14,600,000","19,100,000","-9,400,000","22,600,000","20,300,000","28,700,000","50,500,000","14,000,000","4,300,000","16,400,000","24,100,000","48,800,000","29,800,000","22,600,000","27,200,000","42,600,000","10,700,000","150,700,000","30,100,000","48,900,000","98,100,000","31,700,000","13,400,000",,,,,,,,,,,,,,,
TaxProvision,"1,098,000,000","300,000,000","222,000,000","341,000,000","235,000,000","258,000,000","305,000,000","164,000,000","-23,000,000","129,000,000","558,000,000","20,000,000","125,000,000","260,000,000","3,000,000","18,000,000","105,000,000","776,000,000","72,000,000","167,000,000","110,000,000","8,000,000","90,000,000","310,000,000","324,000,000","148,000,000","151,000,000","152,000,000","193,000,000","155,000,000","-47,000,000","-53,000,000","78,000,000","-823,000,000","154,000,000","-325,000,000","181,000,000","123,000,000","228,000,000","175,000,000","343,000,000","-150,000,000","371,000,000","187,000,000","305,000,000","100,000,000","348,000,000","273,000,000","135,000,000","294,000,000","253,000,000","136,000,000","105,000,000","-88,000,000","3,000,000","-37,000,000","235,000,000","95,000,000","84,000,000","-23,000,000","62,000,000","62,000,000","206,000,000","120,000,000","38,000,000","128,000,000","94,000,000","41,000,000","51,000,000","65,844,000","92,096,000","31,310,000","86,632,000","-25,578,000","80,977,000","89,038,000","62,563,000","-24,380,000","11,157,000","27,882,000","1,087,000","-46,334,000","-8,509,000","-703,000","2,546,000","11,879,000","-11,524,000","4,427,000","6,528,000","14,500,000","-7,800,000","2,100,000","5,600,000","-193,200,000","-2,600,000","7,100,000","7,800,000","-8,800,000","16,300,000","-28,800,000","9,400,000","-8,600,000","-5,600,000","-4,200,000","1,000,000","-18,400,000","600,000","33,000,000","1,900,000","-2,200,000","-1,300,000","-26,700,000","1,000,000","3,300,000","3,000,000","11,000,000","1,400,000","300,000","-1,900,000","-300,000","4,800,000","7,100,000","10,400,000","5,200,000","5,200,000","2,800,000","53,400,000","9,500,000","6,200,000","14,600,000","5,900,000","2,600,000",,,,,,,,,,,,,,,
EarningsFromEquityInterestNetOfTax,"166,000,000","28,000,000","39,000,000","49,000,000","50,000,000","70,000,000","53,000,000","29,000,000","37,000,000","42,000,000","32,000,000","26,000,000","-5,000,000","-8,000,000","-9,000,000","-7,000,000","-9,000,000","-12,000,000","1,000,000","-3,000,000","-2,000,000","-5,000,000","2,000,000","-5,000,000","-5,000,000","-11,000,000","-18,000,000","-7,000,000","-9,000,000","-6,000,000","0","2,000,000","0","1,000,000","1,000,000","-3,000,000","-4,000,000","-12,000,000","-9,000,000","-11,000,000","-19,000,000","-1,000,000","10,000,000","0","2,000,000","10,000,000","-3,000,000","-2,000,000","-2,000,000","-2,000,000","-6,000,000","-3,000,000","-5,000,000",,,,,,,,,,,,,,,,,,,,,,,,,,,,,,,,,,,,,,,,,,,,,,,,,,,,,,,,,,,,,,,,,,,,,,,,,,,,,,,,,,,,,,,,,,,,,,
NetIncomeCommonStockholders,"1,166,000,000","-46,000,000","3,000,000","650,000,000","559,000,000","824,000,000","839,000,000","344,000,000","822,000,000","565,000,000","2,178,000,000","-25,000,000","87,000,000","2,000,000","-145,000,000","292,000,000","192,000,000","-527,000,000","206,000,000","177,000,000","46,000,000","-344,000,000","-358,000,000","23,000,000","52,000,000","-254,000,000","219,000,000","72,000,000","183,000,000","15,000,000","213,000,000","180,000,000","100,000,000","-1,166,000,000","408,000,000","-2,019,000,000","315,000,000","673,000,000","367,000,000","279,000,000","490,000,000","-1,028,000,000","493,000,000","387,000,000","514,000,000","812,000,000","537,000,000","382,000,000","546,000,000","558,000,000","388,000,000","162,000,000","189,000,000","10,000,000","196,000,000","277,000,000","370,000,000","-289,000,000","397,000,000","-2,062,000,000","68,000,000","223,000,000","198,000,000","161,000,000","209,000,000","62,000,000","126,000,000","50,000,000","84,000,000","190,423,000","128,727,000","37,496,000","86,681,000","152,464,000","114,434,000","90,847,000","117,255,000","82,886,000","24,034,000","64,781,000","-8,991,000","21,052,000","21,528,000","-33,465,000","-39,176,000","9,439,000","-18,697,000","-16,337,000","6,648,000","46,800,000","-39,000,000","7,100,000","9,900,000","-456,800,000","6,900,000","25,700,000","30,800,000","38,700,000","43,100,000","-64,600,000","20,400,000","19,500,000","35,400,000","19,500,000","10,700,000","4,000,000","21,300,000","63,800,000","11,600,000","12,900,000","16,400,000","13,300,000","17,600,000","13,000,000","21,700,000","35,600,000","47,000,000","2,300,000","18,300,000","24,400,000","32,400,000","22,700,000","12,200,000","22,000,000","37,400,000","5,200,000","248,400,000","31,600,000","57,400,000","83,500,000","25,800,000","7,200,000",,,,,,,,,,,,,,,
	NetIncome,"1,166,000,000","-46,000,000","3,000,000","650,000,000","559,000,000","824,000,000","839,000,000","344,000,000","822,000,000","565,000,000","2,178,000,000","-25,000,000","87,000,000","2,000,000","-145,000,000","292,000,000","192,000,000","-527,000,000","206,000,000","177,000,000","46,000,000","-344,000,000","-358,000,000","23,000,000","52,000,000","-254,000,000","219,000,000","72,000,000","183,000,000","15,000,000","213,000,000","180,000,000","100,000,000","-1,166,000,000","408,000,000","-2,019,000,000","315,000,000","673,000,000","367,000,000","279,000,000","490,000,000","-1,028,000,000","493,000,000","387,000,000","514,000,000","812,000,000","537,000,000","382,000,000","546,000,000","558,000,000","388,000,000","162,000,000","189,000,000","10,000,000","196,000,000","277,000,000","370,000,000","-289,000,000","397,000,000","-2,062,000,000","68,000,000","223,000,000","198,000,000","161,000,000","209,000,000","62,000,000","126,000,000","50,000,000","84,000,000","190,423,000","128,727,000","37,496,000","86,681,000","152,464,000","114,434,000","90,847,000","117,255,000","82,886,000","24,034,000","66,650,000","-8,991,000","22,445,000","23,398,000","-31,597,000","-37,307,000","9,439,000","-18,697,000","-16,337,000","6,648,000","46,800,000","-39,000,000","7,100,000","9,900,000","-456,800,000","6,900,000","25,700,000","30,800,000","38,700,000","43,100,000","-64,600,000","20,400,000","19,500,000","35,400,000","19,500,000","10,700,000","4,000,000","25,300,000","67,800,000","15,600,000","16,800,000","20,400,000","17,300,000","21,600,000","17,000,000","25,700,000","39,500,000","51,100,000","4,000,000","18,300,000","24,400,000","32,400,000","22,700,000","12,200,000","22,000,000","37,400,000","5,200,000","248,400,000","31,600,000","57,400,000","83,500,000","25,800,000","7,200,000",,,,,,,,,,,,,,,
		NetIncomeIncludingNoncontrollingInterests,"233,000,000","-764,000,000","-243,000,000","661,000,000","579,000,000","764,000,000","856,000,000","347,000,000","824,000,000","561,000,000","2,204,000,000","0","119,000,000","15,000,000","-124,000,000","298,000,000","191,000,000","-494,000,000","198,000,000","151,000,000","58,000,000","-807,000,000","-313,000,000","62,000,000","135,000,000","-358,000,000","285,000,000","148,000,000","229,000,000","61,000,000","75,000,000","145,000,000","48,000,000","-1,248,000,000","406,000,000","-2,231,000,000","357,000,000","697,000,000","447,000,000","371,000,000","603,000,000","-897,000,000","675,000,000","524,000,000","670,000,000","1,022,000,000","814,000,000","537,000,000","743,000,000","865,000,000","645,000,000","306,000,000","277,000,000","-281,000,000","227,000,000","345,000,000","562,000,000","-231,000,000","595,000,000","-1,964,000,000","124,000,000","307,000,000","250,000,000","289,000,000","308,000,000","194,000,000","241,000,000","124,000,000","143,000,000","295,368,000","219,166,000","98,354,000","165,738,000","194,743,000","171,559,000","126,654,000","155,044,000","125,568,000","52,375,000","82,972,000","3,514,000","44,022,000","42,733,000","-21,325,000","-22,491,000","35,067,000","245,000","7,298,000","31,788,000","75,000,000","-19,800,000","20,100,000","22,100,000","-433,800,000","26,900,000","38,800,000","45,100,000","56,700,000","65,300,000","-52,200,000","37,800,000","21,500,000","39,100,000","21,500,000","9,600,000","4,500,000","27,900,000","75,500,000","17,000,000","18,400,000","22,400,000","18,900,000","23,700,000","19,300,000","29,700,000","42,200,000","53,200,000","4,600,000","21,300,000","26,100,000","34,700,000","26,100,000","15,100,000","24,900,000","40,800,000","14,800,000","251,000,000","32,500,000","58,300,000","86,200,000","28,900,000","10,500,000","9,400,000","50,900,000","-8,400,000","19,400,000","114,400,000","84,400,000","84,400,000","84,400,000","84,400,000","-45,800,000","45,100,000","60,800,000","7,700,000","-10,300,000","6,500,000"
			NetIncomeContinuousOperations,"176,000,000","-779,000,000","-254,000,000","651,000,000","558,000,000","746,000,000","628,000,000","415,000,000","839,000,000","533,000,000","2,252,000,000","26,000,000","145,000,000","10,000,000","-140,000,000","280,000,000","169,000,000","-501,000,000","205,000,000","166,000,000","81,000,000","-899,000,000","135,000,000","89,000,000","161,000,000","-351,000,000","268,000,000","139,000,000","221,000,000","85,000,000","72,000,000","147,000,000","65,000,000","-1,256,000,000","427,000,000","-2,305,000,000","357,000,000","669,000,000","480,000,000","371,000,000","674,000,000","-897,000,000","675,000,000","660,000,000","670,000,000","1,050,000,000","814,000,000","537,000,000","743,000,000","867,000,000","645,000,000","320,000,000","277,000,000","9,000,000","177,000,000","279,000,000","364,000,000","-918,000,000","325,000,000","-406,000,000","68,000,000","215,000,000","264,000,000","161,000,000","213,000,000","84,000,000","124,000,000","84,000,000","84,000,000","190,423,000","128,727,000","37,496,000","133,819,000","152,931,000","114,434,000","90,847,000","151,788,000","67,484,000","24,034,000","66,650,000","-8,991,000","22,445,000","23,398,000","-31,597,000","-37,246,000","17,846,000","-18,697,000","-16,337,000","6,648,000","46,800,000","-39,000,000","7,100,000","9,900,000","-423,900,000","6,900,000","25,700,000","30,800,000","38,700,000","43,100,000","-64,600,000","20,400,000","19,500,000","35,400,000","19,500,000","10,700,000","4,000,000","25,300,000","67,800,000","15,600,000","16,800,000","20,400,000","17,300,000","21,600,000","17,000,000","25,700,000","39,500,000","12,600,000","4,000,000","18,300,000","24,400,000","44,000,000","22,700,000","12,200,000","22,000,000","37,400,000","7,900,000","97,300,000","20,600,000","42,700,000","83,500,000","25,800,000","10,800,000","9,400,000","21,800,000","-8,600,000","-5,200,000","87,800,000","84,400,000","84,400,000","84,400,000","84,400,000","-45,100,000","45,100,000","60,800,000","7,700,000","-3,400,000","6,500,000"
			NetIncomeDiscontinuousOperations,"57,000,000","15,000,000","11,000,000","10,000,000","21,000,000","18,000,000","228,000,000","-68,000,000","-15,000,000","28,000,000","-48,000,000","-26,000,000","-26,000,000","5,000,000","16,000,000","18,000,000","22,000,000","7,000,000","-7,000,000","-15,000,000","-23,000,000","92,000,000","-448,000,000","-27,000,000","-26,000,000","-7,000,000","17,000,000","9,000,000","8,000,000","-24,000,000","3,000,000","-2,000,000","-17,000,000","8,000,000","-21,000,000","74,000,000","0","28,000,000","-33,000,000","0","-71,000,000","0","0","-136,000,000",,,,"0",,"-2,000,000","0","-14,000,000","0","1,000,000","19,000,000","-2,000,000","6,000,000","629,000,000","72,000,000","-1,656,000,000",,"8,000,000","-66,000,000",,"-4,000,000","-22,000,000","2,000,000","-34,000,000",,,,,,,,,,,,,,,,,,,,,,,,,,,,,,,,,,,,,,,,,,,,,,,,,,,,,,,,,,"-2,700,000","151,100,000","11,000,000","14,700,000","0",,"-3,600,000",,"29,100,000","200,000","24,600,000","26,600,000",,,,,,,,,"-6,900,000",
			NetIncomeExtraordinary,,,,,,,,,,,,,,,,,,,,,,,,,,,,,,,,,,,,,,,,,,,,,,,,,,,,,,,,,,,,,,,,,,,,,,"0",,,"-47,138,000","-467,000",,,"-34,533,000","15,402,000",,,,,,,"-61,000",,,,,,,,,,,,,,,,,,,,,,,,,,,,,"0",,,"38,500,000","0",,,"-11,600,000",,,,,,,,,,,,,,,,,,,,,,,,,,
		MinorityInterests,"933,000,000","718,000,000","246,000,000","-11,000,000","-20,000,000","60,000,000","-17,000,000","-3,000,000","-2,000,000","4,000,000","-26,000,000","-25,000,000","-32,000,000","-13,000,000","-21,000,000","-6,000,000","1,000,000","-33,000,000","8,000,000","26,000,000","-12,000,000","463,000,000","-45,000,000","-39,000,000","-83,000,000","104,000,000","-66,000,000","-76,000,000","-46,000,000","-46,000,000","138,000,000","35,000,000","52,000,000","82,000,000","2,000,000","212,000,000","-42,000,000","-24,000,000","-80,000,000","-92,000,000","-113,000,000","-131,000,000","-182,000,000","-137,000,000","-156,000,000","-210,000,000","-277,000,000","-155,000,000","-197,000,000","-307,000,000","-257,000,000","-144,000,000","-88,000,000",,"-31,000,000","-68,000,000","-192,000,000","-58,000,000","-198,000,000","-98,000,000","-56,000,000","-84,000,000","-52,000,000","-128,000,000","-99,000,000","-132,000,000","-115,000,000","-74,000,000","-59,000,000","-104,945,000","-90,439,000","-60,858,000","-79,057,000","-42,279,000","-57,125,000","-35,807,000","-37,789,000","-42,682,000","-28,341,000","-16,322,000","-12,505,000","-21,577,000","-19,335,000","-10,272,000","-14,816,000","-25,628,000","-18,942,000","-23,635,000","-25,140,000","-28,200,000","-19,200,000","-13,000,000","-12,200,000","-23,000,000","-20,000,000","-13,100,000","-14,300,000","-18,000,000","-22,200,000","-12,400,000","-17,400,000","-2,000,000","-3,700,000","-2,000,000","1,100,000","-500,000","-2,600,000","-7,700,000","-1,400,000","-1,600,000","-2,000,000","-1,600,000","-2,100,000","-2,300,000","-4,000,000","-2,700,000","-2,100,000","-600,000","-3,000,000","-1,700,000","-2,300,000","-3,400,000","-2,900,000","-2,900,000","-3,400,000","-9,600,000","-2,600,000","-900,000","-900,000","-2,700,000","-3,100,000","-3,300,000",,,,,,,,,,,,,,,
	PreferredStockDividends,,,,,,,,,,,,,,,,,,,,,,,,,,,,,,,,,,,,,,,,,,,,,,,,,,,,,,,,,,,,,,,,,,,,,,,,,,,,,,"0",,"1,869,000",,"1,393,000","1,870,000","1,868,000","1,869,000",,,,,,,,,,,,,,,,,,,,,"0","4,000,000","4,000,000","4,000,000","3,900,000","4,000,000","4,000,000","4,000,000","4,000,000","4,000,000","3,900,000","4,100,000",,,,,,,,,,,,,,,,,,,,,,,,,,,,,,
	OtherunderPreferredStockDividend,,,,,,,,,,,,,,,,,,,,,,,,,,,,,,,,,,,,,,,,,,,,,,,,,,,,"144,000,000",,,,,,,,,,,,,,,,,,,,,,,,,,,,,,,,,,,,,,,,,,,,,,,,,,,,,,,,,,,,,,,,,,,,,,,,,,,,,,,,,,,,,,,,,,,,,,,
DilutedNIAvailtoComStockholders,"1,166,000,000","-46,000,000","3,000,000","650,000,000","559,000,000","824,000,000","839,000,000","344,000,000","822,000,000","565,000,000","2,178,000,000","-25,000,000","87,000,000","2,000,000","-145,000,000","292,000,000","192,000,000","-527,000,000","206,000,000","177,000,000","46,000,000","-344,000,000","-358,000,000","23,000,000","52,000,000","-254,000,000","219,000,000","72,000,000","183,000,000","15,000,000","213,000,000","180,000,000","100,000,000","-1,166,000,000","408,000,000","-2,019,000,000","315,000,000","673,000,000","367,000,000","279,000,000","490,000,000","-1,028,000,000","493,000,000","387,000,000","514,000,000","812,000,000","537,000,000","382,000,000","546,000,000","558,000,000","388,000,000","162,000,000","189,000,000","10,000,000","196,000,000","277,000,000","370,000,000","-289,000,000","397,000,000","-2,062,000,000","68,000,000","223,000,000","198,000,000","161,000,000","209,000,000","62,000,000","126,000,000","50,000,000","84,000,000","190,423,000","128,727,000","37,496,000","86,681,000","152,464,000","114,434,000","90,847,000","117,255,000","82,886,000","24,034,000","64,781,000","-8,991,000","21,052,000","21,528,000","-33,465,000","-39,176,000","9,439,000","-18,697,000","-16,337,000","6,648,000","46,800,000","-39,000,000","7,100,000","9,900,000","-456,800,000","6,900,000","25,700,000","30,800,000","38,700,000","43,100,000","-64,600,000","20,400,000","19,500,000","35,400,000","19,500,000","10,700,000","4,000,000","21,300,000","63,800,000","11,600,000","12,900,000","16,400,000","13,300,000","17,600,000","13,000,000","21,700,000","35,600,000","47,000,000","2,300,000","18,300,000","24,400,000","32,400,000","22,700,000","12,200,000","22,000,000","37,400,000","5,200,000","248,400,000","31,600,000","57,400,000","83,500,000","25,800,000","7,200,000",,,,,,,,,,,,,,,
BasicEPS,,"-0.06","0","0.81","0.7","1.03","1.04","0.43","1.02","0.69","2.66","-0.03","0.16","0.004","-0.27","0.55","0.36",,"0.38","0.33","0.09","-0.65","-0.67","0.04","0.1","-0.5","0.42","0.14","0.37","0.03","0.43","0.36","0.2","-2.33","0.82","-4.06","0.63",,"0.74","0.56","0.99",,"1","0.78","1.04",,"1.09","0.78","1.11",,"0.79","0.33","0.4",,"0.43","0.61","0.82",,"0.88","-4.57","0.15",,"0.44","0.36","0.47",,"0.28","0.11","0.19",,"0.29","0.08","0.2",,"0.28","0.22","0.29",,"0.06","0.16","-0.04",,"0.11","-0.17","-0.2",,"-0.11","-0.1","0.04",,"-0.23","0.04","0.06",,"0.04","0.16","0.2",,"0.28","-0.41","0.32",,"0.24","0.15","0.1",,"0.25","0.74","0.14",,"0.12","0.16","0.2",,"0.26","0.42","0.55",,"0.22","0.29","0.38",,"0.14","0.26","0.44",,"2.94","0.38","0.68",,"0.3","0.09","0.11",,"-0.1","0.23","1.36",,"0.84","0.84","0.42",,"0.59","0.8","0.1",,"0.09"
DilutedEPS,,"-0.06","0","0.81","0.7","1.02","1.04","0.43","1.02","0.69","2.65","-0.03","0.16","0.004","-0.27","0.54","0.36",,"0.38","0.33","0.09","-0.65","-0.67","0.04","0.1","-0.5","0.42","0.14","0.37","0.03","0.43","0.36","0.2","-2.33","0.82","-4.06","0.63",,"0.74","0.56","0.97",,"0.98","0.77","1.03",,"1.07","0.77","1.11",,"0.79","0.33","0.4",,"0.43","0.61","0.81",,"0.88","-4.57","0.15",,"0.44","0.36","0.46",,"0.28","0.11","0.188",,"0.288","0.08","0.2",,"0.28","0.22","0.29",,"0.06","0.16","-0.04",,"0.11","-0.17","-0.2",,"-0.11","-0.1","0.04",,"-0.23","0.04","0.06",,"0.03","0.16","0.2",,"0.28","-0.41","0.32",,"0.24","0.15","0.1",,"0.25","0.74","0.14",,"0.12","0.16","0.2",,"0.26","0.42","0.55",,"0.22","0.29","0.38",,"0.14","0.26","0.44",,"2.94","0.38","0.68",,"0.3","0.09","0.11",,"-0.1","0.23","1.36",,"0.84","0.84","0.42",,"0.59","0.8","0.1",,"0.09"
BasicAverageShares,,"795,000,000","799,000,000","801,000,000","801,000,000","802,000,000","803,000,000","803,000,000","807,000,000","818,000,000","820,000,000","766,000,000","534,000,000","533,000,000","533,000,000","533,000,000","534,000,000",,"533,000,000","533,000,000","532,000,000","529,230,769","531,000,000","575,000,000","520,000,000","508,000,000","521,428,571","505,000,000","494,594,595","500,000,000","499,000,000","499,000,000","498,000,000","500,429,185","498,000,000","497,000,000","500,000,000",,"496,000,000","496,000,000","495,000,000",,"494,000,000","494,000,000","493,000,000",,"493,000,000","492,000,000","491,000,000",,"490,000,000","490,000,000","472,000,000",,"454,000,000","454,000,000","453,000,000",,"452,000,000","451,000,000","451,000,000",,"450,000,000","449,000,000","448,000,000",,"446,000,000","446,000,000","446,000,000",,"443,457,000","443,145,000","442,535,000",,"408,379,000","405,388,000","401,890,000",,"401,422,000","397,532,000","281,467,000",,"195,880,000","195,637,000","192,607,000",,"168,051,000","167,874,000","167,757,000",,"169,565,217","177,500,000","165,000,000",,"172,500,000","160,625,000","154,000,000",,"153,928,571","157,560,976","99,523,000",,"120,800,000","107,000,000","107,000,000",,"85,200,000","86,216,216","82,857,143",,"86,111,111","83,125,000","88,000,000",,"83,461,538","84,761,905","85,454,545",,"83,181,818","84,137,931","85,263,158",,"87,142,857","84,615,385","85,000,000",,"84,489,796","83,157,895","84,411,765",,"86,000,000","80,000,000","84,045,000",,"84,045,000","84,045,000","82,900,000",,"84,034,000","84,034,000","84,034,000",,"75,775,000","75,775,000","75,718,000",,"75,715,000"
DilutedAverageShares,,"797,000,000","800,000,000","803,000,000","802,000,000","804,000,000","806,000,000","805,000,000","809,000,000","818,000,000","822,000,000","768,000,000","534,000,000","535,000,000","535,000,000","535,000,000","535,000,000",,"536,000,000","535,000,000","533,000,000","529,230,769","533,000,000","575,000,000","520,000,000","508,000,000","521,428,571","506,000,000","494,594,595","500,000,000","500,000,000","499,000,000","499,000,000","500,429,185","498,000,000","497,000,000","500,000,000",,"499,000,000","498,000,000","504,000,000",,"504,000,000","501,000,000","501,000,000",,"502,000,000","499,000,000","493,000,000",,"491,000,000","491,000,000","473,000,000",,"455,000,000","456,000,000","457,000,000",,"453,000,000","454,000,000","452,000,000",,"452,000,000","452,000,000","451,000,000",,"449,000,000","449,000,000","448,000,000",,"447,060,000","446,324,000","446,638,000",,"412,922,000","408,242,000","404,219,000",,"402,960,000","399,468,000","281,467,000",,"196,068,000","195,637,000","192,607,000",,"168,051,000","167,874,000","168,332,000",,"169,565,217","177,500,000","165,000,000",,"172,500,000","160,625,000","154,000,000",,"153,928,571","157,560,976","99,523,000",,"120,800,000","107,000,000","107,000,000",,"85,200,000","86,216,216","82,857,143",,"86,111,111","83,125,000","88,000,000",,"83,461,538","84,761,905","85,454,545",,"83,181,818","84,137,931","85,263,158",,"87,142,857","84,615,385","85,000,000",,"84,489,796","83,157,895","84,411,765",,"86,000,000","80,000,000","84,045,000",,"84,045,000","84,045,000","82,900,000",,"84,034,000","84,034,000","84,034,000",,"75,775,000","75,775,000","75,718,000",,"75,715,000"
TotalExpenses,"10,234,000,000","3,982,000,000","2,221,000,000","2,054,000,000","1,977,000,000","2,390,000,000","2,080,000,000","1,875,000,000","2,091,000,000","2,391,000,000","2,217,000,000","2,108,000,000","1,447,000,000","1,671,000,000","1,469,000,000","1,434,000,000","1,491,000,000","1,602,000,000","1,556,000,000","1,492,000,000","1,373,000,000","1,600,000,000","1,480,000,000","1,544,000,000","1,543,000,000","1,862,000,000","1,627,000,000","1,479,000,000","1,460,000,000","1,693,000,000","1,675,000,000","1,550,000,000","1,553,000,000","2,048,000,000","1,586,000,000","2,297,000,000","1,529,000,000","1,565,000,000","1,700,000,000","1,511,000,000","1,508,000,000","1,707,000,000","1,566,000,000","1,479,000,000","1,444,000,000","1,280,000,000","1,371,000,000","1,316,000,000","1,335,000,000","1,338,000,000","1,160,000,000","1,129,000,000","1,142,000,000","1,440,000,000","1,152,000,000","1,078,000,000","1,071,000,000","1,042,000,000","1,027,000,000","1,049,000,000","1,113,000,000","986,000,000","870,000,000","899,000,000","799,000,000","986,000,000","853,000,000","802,000,000","794,000,000","851,118,000","827,004,000","817,892,000","826,357,000","608,698,000","673,907,000","637,003,000","585,158,000","673,049,000","671,093,000","535,019,000","504,806,000","456,956,000","407,968,000","380,427,000","374,262,000","502,615,000","325,576,000","304,797,000","292,962,000","313,700,000","298,200,000","286,400,000","279,300,000","925,600,000","310,400,000","311,300,000","313,200,000","337,800,000","287,700,000","485,700,000","204,000,000","199,500,000","198,700,000","170,900,000","152,500,000","198,200,000","150,100,000","163,600,000","130,300,000","184,500,000","137,200,000","152,100,000","128,200,000","146,200,000","148,900,000","130,500,000","124,300,000","129,400,000","135,200,000","131,400,000","113,800,000","121,800,000","116,300,000","132,300,000","113,100,000","150,700,000","122,300,000","132,000,000","119,100,000","58,500,000","150,300,000","137,300,000",,,,,,,,,,,,,,,
NetIncomeFromContinuingAndDiscontinuedOperation,"1,166,000,000","-46,000,000","3,000,000","650,000,000","559,000,000","824,000,000","839,000,000","344,000,000","822,000,000","565,000,000","2,178,000,000","-25,000,000","87,000,000","2,000,000","-145,000,000","292,000,000","192,000,000","-527,000,000","206,000,000","177,000,000","46,000,000","-344,000,000","-358,000,000","23,000,000","52,000,000","-254,000,000","219,000,000","72,000,000","183,000,000","15,000,000","213,000,000","180,000,000","100,000,000","-1,166,000,000","408,000,000","-2,019,000,000","315,000,000","673,000,000","367,000,000","279,000,000","490,000,000","-1,028,000,000","493,000,000","387,000,000","514,000,000","812,000,000","537,000,000","382,000,000","546,000,000","558,000,000","388,000,000","162,000,000","189,000,000","10,000,000","196,000,000","277,000,000","370,000,000","-289,000,000","397,000,000","-2,062,000,000","68,000,000","223,000,000","198,000,000","161,000,000","209,000,000","62,000,000","126,000,000","50,000,000","84,000,000","190,423,000","128,727,000","37,496,000","133,819,000","152,931,000","114,434,000","90,847,000","151,788,000","67,484,000","24,034,000","66,650,000","-8,991,000","22,445,000","23,398,000","-31,597,000","-37,246,000","17,846,000","-18,697,000","-16,337,000","6,648,000","46,800,000","-39,000,000","7,100,000","9,900,000","-423,900,000","6,900,000","25,700,000","30,800,000","38,700,000","43,100,000","-64,600,000","20,400,000","19,500,000","35,400,000","19,500,000","10,700,000","4,000,000","25,300,000","67,800,000","15,600,000","16,800,000","20,400,000","17,300,000","21,600,000","17,000,000","25,700,000","39,500,000","12,600,000","4,000,000","18,300,000","24,400,000","44,000,000","22,700,000","12,200,000","22,000,000","37,400,000","5,200,000","248,400,000","31,600,000","57,400,000","83,500,000","25,800,000","7,200,000",,,,,,,,,,,,,,,
NormalizedIncome,"1,562,330,000","-164,660,000","486,940,000","646,400,000","589,000,000","807,447,537.473","700,700,000","328,000,000","996,870,000","463,350,000","2,237,200,000","40,420,000","145,120,000","50,290,000","182,980,000","170,600,000","170,000,000","-527,400,000","215,220,000","180,600,000","85,200,000","172,400,000","102,000,000","50,000,000","78,000,000","-208,000,000","127,900,000","90,000,000","178,000,000","35,750,000","187,900,000","200,200,000","98,150,000","133,159,134.615","254,360,000","-120,920,000","316,340,000","695,820,895.522","404,760,000","340,200,000","626,660,000","723,739,961.759","543,709,459.459","520,662,337.662","505,075,025.694","903,859,649.123","533,493,562.232","352,793,103.448","505,363,636.364","543,561,478.934","369,996,681.416","173,888,888.889","182,441,860.465","-155,450,000","288,400,943.396","353,750,000","424,610,552.764","159,050,000","323,276,771.005","616,634,441.088","23,333,333.333","285,361,111.111","106,197,696.737","158,173,594.132","194,280,000","92,775,510.204","90,984,984.985","62,535,000","51,810,526.316","260,483,923.343","154,654,800","81,501,366.057","124,093,890.632","102,998,400","97,934,000","-62,501,011.54","54,580,949.113","123,003,200","20,628,084.908","20,473,038.849","-19,858,200","42,527,600","27,478,600","-18,903,418.824","21,441,200","10,616,343.751","25,024,196.949","-4,827,800","12,087,600","81,308,319.739","-3,333,333.333","-463,043.478","11,049,677.419","-423,831,307.73","4,680,000","23,897,865.854","24,017,616.58","46,200,000","39,762,289.562","-66,467,451.82","19,989,261.745","9,120,000","24,240,000","9,120,000","-6,310,256.41","-2,180,000","10,745,173.745","-23,407,142.857","10,162,285.714","-20,220,000","19,380,000","14,060,000","18,446,017.699","8,709,359.606","20,058,536.585","16,034,653.465","7,110,000","6,976,744.186","16,440,000","22,540,000","36,155,737.705","22,166,778.523","14,360,000","22,647,058.824","26,689,201.878","-1,033,644.86","25,245,056.403","24,364,119.601","25,847,034.765","-510,703.364","14,649,842.271","7,253,731.343",,,,,,,,,,,,,,,
InterestIncome,"18,000,000","6,000,000","6,000,000","3,000,000","3,000,000","3,000,000","4,000,000","6,000,000","11,000,000","13,000,000","10,000,000","13,000,000","21,000,000","17,000,000","15,000,000","13,000,000","11,000,000","9,000,000","9,000,000",,,,,,,,,,,"1,000,000","1,000,000","1,000,000","1,000,000","3,000,000","4,000,000","2,000,000","4,000,000","3,000,000","2,000,000","2,000,000","5,000,000",,"2,000,000","2,000,000","4,000,000",,,,,,,"6,000,000",,,,,,,,,,,,,,,,,,,,,,,,,,,,,,,,,,,,,,,,,,,,,,,,,,,,,,,,,,,,,,,,,,,,,,,,,,,,,,,,,,,,,,,,,,,,,,,
InterestExpense,"274,000,000","66,000,000","66,000,000","68,000,000","74,000,000","73,000,000","75,000,000","78,000,000","82,000,000","84,000,000","77,000,000","82,000,000","58,000,000","54,000,000","51,000,000","49,000,000","53,000,000","54,000,000","56,000,000","64,000,000","67,000,000","69,000,000","64,000,000","71,000,000","79,000,000","77,000,000","81,000,000","82,000,000","85,000,000","85,000,000","89,000,000","94,000,000","93,000,000","92,000,000","76,000,000","70,000,000","65,000,000","59,000,000","67,000,000","71,000,000","52,000,000","51,000,000","65,000,000","63,000,000","65,000,000",,,,"75,000,000","55,000,000","10,000,000","23,000,000",,,,,,,,,,,,,,,,,,,,,,,,,,,,,,,,,,,,,,,,,,,,,,,,,,,,,,,,,,,,,,,,,,,,,,,,,,,,,,,,,,,,,,,,,,,,,,,
NetInterestIncome,"-256,000,000","-60,000,000","-60,000,000","-65,000,000","-71,000,000","-70,000,000","-71,000,000","-72,000,000","-71,000,000","-71,000,000","-67,000,000","-69,000,000","-37,000,000","-37,000,000","-36,000,000","-36,000,000","-42,000,000","-45,000,000","-47,000,000","-64,000,000","-67,000,000","-69,000,000","-64,000,000","-71,000,000","-79,000,000","-77,000,000","-81,000,000","-82,000,000","-85,000,000","-84,000,000","-88,000,000","-93,000,000","-92,000,000","-89,000,000","-72,000,000","-68,000,000","-61,000,000","-56,000,000","-65,000,000","-69,000,000","-47,000,000","-59,000,000","-63,000,000","-61,000,000","-61,000,000","-58,000,000","-66,000,000","-69,000,000","-75,000,000","-39,000,000","-10,000,000","-17,000,000","-32,000,000",,,,,,,,,,,,,,,,,,,,,,,,,,,,,,,,,,,,,,,,,,,,,,,,,,,,,,,,,,,,,,,,,,,,,,,,,,,,,,,,,,,,,,,,,,,,,,
EBIT,"1,382,000,000","-441,000,000","-5,000,000","1,011,000,000","817,000,000","1,007,000,000","955,000,000","628,000,000","861,000,000","704,000,000","2,855,000,000","102,000,000","333,000,000","332,000,000","-77,000,000","354,000,000","336,000,000","341,000,000","332,000,000","400,000,000","260,000,000","-817,000,000","287,000,000","475,000,000","569,000,000","-115,000,000","518,000,000","380,000,000","508,000,000","331,000,000","114,000,000","186,000,000","236,000,000","-1,988,000,000","656,000,000","-2,557,000,000","607,000,000","863,000,000","784,000,000","628,000,000","1,088,000,000","-995,000,000","1,101,000,000","910,000,000","1,038,000,000","1,306,000,000","1,226,000,000","837,000,000","955,000,000","1,218,000,000","914,000,000","482,000,000","410,000,000","-112,000,000","240,000,000","444,000,000","872,000,000","280,000,000","619,000,000","253,000,000","143,000,000","474,000,000","232,000,000","411,000,000","349,000,000","297,000,000","311,000,000","204,000,000","167,000,000","378,924,000","335,691,000","191,279,000","309,082,000","212,619,000","223,085,000","110,219,000","279,487,000","141,992,000","57,253,000","101,960,000","-13,208,000","-11,811,000","16,429,000","-18,066,000","53,263,000","-11,870,000","36,455,000","50,590,000","65,548,000","114,300,000","29,800,000","29,400,000","47,800,000","-573,600,000","39,500,000","62,700,000","64,900,000","74,400,000","96,100,000","-63,900,000","58,100,000","7,000,000","27,300,000","10,300,000","2,200,000","-13,800,000","22,200,000","-18,500,000","21,400,000","-36,700,000","19,600,000","-12,800,000","21,600,000","14,600,000","29,200,000","26,800,000","13,800,000","11,500,000","20,600,000","27,300,000","43,900,000","34,100,000","32,100,000","34,900,000","38,200,000","12,600,000","47,800,000","52,600,000","46,400,000","21,200,000","45,400,000","37,200,000","132,200,000","-207,900,000","137,200,000","113,000,000","105,800,000","-206,100,000","128,500,000","128,500,000","128,500,000","-524,300,000","200,900,000","205,400,000","194,600,000","-556,200,000","165,900,000"
EBITDA,"3,705,000,000"
ReconciledCostOfRevenue,"7,758,000,000","2,179,000,000","1,937,000,000","1,842,000,000","1,800,000,000","1,970,000,000","1,861,000,000","1,586,000,000","1,897,000,000","2,072,000,000","1,940,000,000","1,853,000,000","1,290,000,000","1,440,000,000","1,294,000,000","1,244,000,000","1,330,000,000","1,374,000,000","1,380,000,000","1,307,000,000","1,226,000,000","1,364,000,000","1,318,000,000","1,373,000,000","1,403,000,000","1,484,000,000","1,464,000,000","1,295,000,000","1,308,000,000","1,436,000,000","1,503,000,000","1,366,000,000","1,381,000,000","1,834,000,000","1,335,000,000","2,068,000,000","1,311,000,000","2,163,000,000","1,088,000,000","1,002,000,000","1,017,000,000","1,120,000,000","1,112,000,000","917,000,000","940,000,000","685,000,000","970,000,000","911,000,000","918,000,000","889,000,000","820,000,000","748,000,000","794,000,000","828,000,000","871,000,000","818,000,000","791,000,000","542,000,000","785,000,000","811,000,000","844,000,000","786,000,000","636,000,000","681,000,000","599,000,000","741,000,000","647,000,000","614,000,000","611,000,000","785,162,000","557,752,000","558,888,000","589,744,000","528,498,000","461,344,000","443,879,000","413,045,000","506,136,000","414,872,000","394,328,000","331,670,000","316,733,000","271,205,000","251,382,000","259,680,000","235,250,000","187,696,000","180,580,000","182,768,000","194,200,000","187,900,000","195,100,000","193,700,000","270,000,000","195,400,000","191,100,000","197,700,000","167,800,000","181,200,000","191,500,000","112,200,000","130,400,000","134,200,000","113,400,000","98,100,000","105,500,000","92,300,000","89,700,000","83,200,000","87,600,000","83,000,000","101,800,000","82,900,000","79,800,000","97,100,000","82,800,000","77,300,000","82,800,000","83,600,000","83,600,000","73,500,000","81,000,000","70,000,000","81,200,000","73,600,000","98,400,000","81,100,000","94,300,000","83,100,000","37,500,000","107,000,000","97,600,000",,,,,,,,,,,,,,,
ReconciledDepreciation,"2,323,000,000","639,000,000","570,000,000","561,000,000","553,000,000","615,000,000","592,000,000","528,000,000","565,000,000","613,000,000","548,000,000","487,000,000","312,000,000","336,000,000","299,000,000","279,000,000","301,000,000","321,000,000","327,000,000","308,000,000","293,000,000","328,000,000","256,000,000","314,000,000","322,000,000","343,000,000","331,000,000","276,000,000","289,000,000","307,000,000","318,000,000","306,000,000","298,000,000","381,000,000","299,000,000","415,000,000","267,000,000","281,000,000","272,000,000","248,000,000","231,000,000","260,000,000","270,000,000","250,000,000","256,000,000","248,000,000","242,000,000","231,000,000","224,000,000","240,000,000","199,000,000","175,000,000","192,000,000","192,000,000","189,000,000","184,000,000","182,000,000","138,000,000","176,000,000","189,000,000","192,000,000","192,000,000","149,000,000","153,000,000","142,000,000","183,000,000","156,000,000","142,000,000","134,000,000","169,050,000","192,861,000","171,850,000","166,854,000","119,221,000","152,963,000","131,585,000","124,231,000","126,307,000","168,041,000","135,755,000","112,690,000","99,475,000","83,543,000","81,194,000","84,788,000","132,073,000","104,527,000","94,085,000","84,664,000","87,300,000","83,400,000","64,200,000","61,500,000","80,700,000","84,800,000","91,300,000","84,900,000","124,000,000","70,400,000","86,300,000","40,300,000","33,300,000","33,400,000","29,600,000","28,500,000","30,300,000","28,000,000","23,800,000","24,700,000","22,800,000","24,200,000","21,200,000","22,900,000","26,800,000","27,200,000","27,800,000","28,200,000","24,800,000","25,100,000","25,200,000","23,700,000","22,000,000","23,600,000","25,700,000","22,700,000","28,500,000","19,400,000","18,700,000","18,200,000","13,100,000","21,700,000","18,800,000",,,,,,,,,,,,,,,
NetIncomeFromContinuingOperationNetMinorityInterest,"1,109,000,000","-61,000,000","-8,000,000","640,000,000","538,000,000","806,000,000","611,000,000","412,000,000","837,000,000","537,000,000","2,226,000,000","1,000,000","113,000,000","-3,000,000","-161,000,000","274,000,000","170,000,000","-534,000,000","213,000,000","192,000,000","69,000,000","-436,000,000","90,000,000","50,000,000","78,000,000","-247,000,000","202,000,000","63,000,000","175,000,000","39,000,000","210,000,000","182,000,000","117,000,000","-1,174,000,000","429,000,000","-2,093,000,000","315,000,000","645,000,000","400,000,000","279,000,000","561,000,000","-1,028,000,000","493,000,000","523,000,000","514,000,000","840,000,000","537,000,000","382,000,000","546,000,000","560,000,000","388,000,000","176,000,000","189,000,000","9,000,000","177,000,000","279,000,000","364,000,000","-918,000,000","325,000,000","-406,000,000","68,000,000","215,000,000","264,000,000","161,000,000","213,000,000","84,000,000","124,000,000","84,000,000","84,000,000","190,423,000","128,727,000","37,496,000","133,819,000","152,931,000","114,434,000","90,847,000","151,788,000","67,484,000","24,034,000","66,650,000","-8,991,000","22,445,000","23,398,000","-31,597,000","-37,246,000","17,846,000","-18,697,000","-16,337,000","6,648,000","46,800,000","-39,000,000","7,100,000","9,900,000","-423,900,000","6,900,000","25,700,000","30,800,000","38,700,000","43,100,000","-64,600,000","20,400,000","19,500,000","35,400,000","19,500,000","10,700,000","4,000,000","25,300,000","67,800,000","15,600,000","16,800,000","20,400,000","17,300,000","21,600,000","17,000,000","25,700,000","39,500,000","12,600,000","4,000,000","18,300,000","24,400,000","44,000,000","22,700,000","12,200,000","22,000,000","37,400,000","7,900,000","97,300,000","20,600,000","42,700,000","83,500,000","25,800,000","10,800,000",,,,,,,,,,,,,,,
TotalUnusualItemsExcludingGoodwill,"-621,000,000","142,000,000","-678,000,000","-10,000,000","-75,000,000","-2,000,000","-138,000,000","120,000,000","-219,000,000","93,000,000","-14,000,000","-54,000,000","-44,000,000","-73,000,000","-351,000,000","110,000,000","0","-11,000,000","-3,000,000","19,000,000","-27,000,000","-1,014,000,000","-20,000,000",,,"-65,000,000","114,000,000","-45,000,000","-5,000,000","5,000,000","34,000,000","-28,000,000","29,000,000","-2,163,000,000","236,000,000","-2,241,000,000","-2,000,000","-60,000,000","-7,000,000","-90,000,000","-98,000,000","-2,045,000,000","-79,000,000","3,000,000","13,000,000","-70,000,000","5,000,000","44,000,000","48,000,000","22,000,000","25,000,000","3,000,000","9,000,000","253,000,000","-113,000,000","-115,000,000","-86,000,000","-1,657,000,000","2,000,000","-1,099,000,000","67,000,000","-85,000,000","261,000,000","4,000,000","21,000,000","-14,000,000","46,000,000","27,000,000","44,000,000","-78,880,000","-43,213,000","-58,029,000","13,711,000","83,221,000","27,500,000","216,364,000","128,756,000","-92,532,000","4,987,000","65,656,000","18,112,000","-33,471,000","-6,801,000","-12,976,000","-97,812,000","12,042,000","-70,669,000","-19,182,000","-9,066,000","-45,200,000","-42,800,000","9,800,000","-1,800,000","-100,000","3,700,000","2,300,000","8,500,000","-12,500,000","4,600,000","2,700,000","600,000","17,300,000","18,600,000","17,300,000","18,600,000","10,300,000","14,900,000","135,600,000","6,100,000","61,700,000","1,700,000","5,400,000","3,300,000","9,900,000","6,300,000","30,000,000","6,100,000","-3,200,000","3,100,000","3,100,000","8,700,000","700,000","-3,600,000","-800,000","12,200,000","12,100,000","111,600,000","-5,500,000","19,300,000","98,700,000","13,700,000","4,400,000",,,,,,,,,,,,,,,
TotalUnusualItems,"-621,000,000","142,000,000","-678,000,000","-10,000,000","-75,000,000","-2,000,000","-138,000,000","120,000,000","-219,000,000","93,000,000","-14,000,000","-54,000,000","-44,000,000","-73,000,000","-351,000,000","110,000,000","0","-11,000,000","-3,000,000","19,000,000","-27,000,000","-1,014,000,000","-20,000,000",,,"-65,000,000","114,000,000","-45,000,000","-5,000,000","5,000,000","34,000,000","-28,000,000","29,000,000","-2,163,000,000","236,000,000","-2,241,000,000","-2,000,000","-60,000,000","-7,000,000","-90,000,000","-98,000,000","-2,045,000,000","-79,000,000","3,000,000","13,000,000","-70,000,000","5,000,000","44,000,000","48,000,000","22,000,000","25,000,000","3,000,000","9,000,000","253,000,000","-113,000,000","-115,000,000","-86,000,000","-1,657,000,000","2,000,000","-1,099,000,000","67,000,000","-85,000,000","261,000,000","4,000,000","21,000,000","-14,000,000","46,000,000","27,000,000","44,000,000","-78,880,000","-43,213,000","-58,029,000","13,711,000","83,221,000","27,500,000","216,364,000","128,756,000","-92,532,000","4,987,000","65,656,000","18,112,000","-33,471,000","-6,801,000","-12,976,000","-97,812,000","12,042,000","-70,669,000","-19,182,000","-9,066,000","-45,200,000","-42,800,000","9,800,000","-1,800,000","-100,000","3,700,000","2,300,000","8,500,000","-12,500,000","4,600,000","2,700,000","600,000","17,300,000","18,600,000","17,300,000","18,600,000","10,300,000","14,900,000","135,600,000","6,100,000","61,700,000","1,700,000","5,400,000","3,300,000","9,900,000","6,300,000","30,000,000","6,100,000","-3,200,000","3,100,000","3,100,000","8,700,000","700,000","-3,600,000","-800,000","12,200,000","12,100,000","111,600,000","-5,500,000","19,300,000","98,700,000","13,700,000","4,400,000",,,,,,,,,,,,,,,
NormalizedEBITDA,"4,326,000,000","56,000,000","1,243,000,000","1,582,000,000","1,445,000,000","1,624,000,000","1,685,000,000","1,036,000,000","1,645,000,000","1,224,000,000","3,417,000,000","643,000,000","689,000,000","741,000,000","573,000,000","523,000,000","637,000,000","673,000,000","662,000,000","689,000,000","580,000,000","525,000,000","563,000,000","789,000,000","891,000,000","293,000,000","735,000,000","701,000,000","802,000,000","633,000,000","398,000,000","520,000,000","505,000,000","556,000,000","719,000,000","99,000,000","876,000,000","1,204,000,000","1,063,000,000","966,000,000","1,417,000,000","1,310,000,000","1,450,000,000","1,157,000,000","1,281,000,000","1,624,000,000","1,463,000,000","1,024,000,000","1,131,000,000","1,436,000,000","1,088,000,000","655,000,000","593,000,000","-173,000,000","542,000,000","743,000,000","1,140,000,000","2,075,000,000","793,000,000","1,545,000,000","268,000,000","751,000,000","124,000,000","560,000,000","470,000,000","494,000,000","425,000,000","335,000,000","291,000,000","631,182,000","571,765,000","422,464,000","477,395,000","272,025,000","348,548,000","33,192,000","281,324,000","360,831,000","220,307,000","172,845,000","81,370,000","121,135,000","106,773,000","76,104,000","235,863,000","108,161,000","211,651,000","163,857,000","159,278,000","246,800,000","156,000,000","83,800,000","111,100,000","-492,800,000","120,600,000","151,700,000","141,300,000","210,900,000","161,900,000","19,700,000","97,800,000","23,000,000","42,100,000","22,600,000","12,100,000","6,200,000","35,300,000","-130,300,000","40,000,000","-75,600,000","42,100,000","3,000,000","41,200,000","31,500,000","50,100,000","24,600,000","35,900,000","39,500,000","42,600,000","49,500,000","58,900,000","55,400,000","59,300,000","61,400,000","48,700,000","29,000,000","-44,400,000","76,800,000","45,300,000","-64,400,000","53,400,000","51,600,000","132,200,000","-207,900,000","137,200,000","113,000,000","105,800,000","-206,100,000","128,500,000","128,500,000","128,500,000","-524,300,000","200,900,000","205,400,000","194,600,000","-556,200,000","165,900,000"
TaxRateForCalcs,"0.27","0.27","0.27","0.36","0.32","0.276","0.35","0.3","0.27","0.208","0.2","0.27","0.27","0.27","0.02","0.06","0.37","0.4","0.26","0.4","0.4","0.4","0.4","0.4","0.4","0.4","0.35","0.4","0.4","0.35","0.35","0.35","0.35","0.396","0.26","0.12","0.33","0.153","0.32","0.32","0.33","0.143","0.358","0.221","0.313","0.088","0.299","0.336","0.153","0.253","0.28","0.296","0.271","0.35","0.014","0.35","0.295","0.35","0.138","0.069","0.333","0.172","0.395","0.293","0.109","0.373","0.282","0.205","0.268","0.112","0.4","0.242","0.291","0.4","0.4","0.291","0.245","0.4","0.317","0.297","0.4","0.4","0.4","0.022","0.4","0.4","0.381","0.4","0.4","0.237","0.167","0.228","0.361","0.313","0.4","0.216","0.202","0.4","0.274","0.308","0.315","0.4","0.4","0.4","0.085","0.4","0.023","0.327","0.109","0.4","0.4","0.4","0.044","0.163","0.105","0.218","0.1","0.07","0.4","0.4","0.098","0.238","0.4","0.191","0.122","0.262","0.354","0.316","0.127","0.149","0.186","0.194",,,,,,,,,,,,,,,
TaxEffectOfUnusualItems,"-167,670,000","38,340,000","-183,060,000","-3,600,000","-24,000,000","-552,462.527","-48,300,000","36,000,000","-59,130,000","19,350,000","-2,800,000","-14,580,000","-11,880,000","-19,710,000","-7,020,000","6,600,000","0","-4,400,000","-780,000","7,600,000","-10,800,000","-405,600,000","-8,000,000","0","0","-26,000,000","39,900,000","-18,000,000","-2,000,000","1,750,000","11,900,000","-9,800,000","10,150,000","-855,840,865.385","61,360,000","-268,920,000","-660,000","-9,179,104.478","-2,240,000","-28,800,000","-32,340,000","-293,260,038.241","-28,290,540.541","662,337.662","4,075,025.694","-6,140,350.877","1,493,562.232","14,793,103.448","7,363,636.364","5,561,478.934","6,996,681.416","888,888.889","2,441,860.465","88,550,000","-1,599,056.604","-40,250,000","-25,389,447.236","-579,950,000","276,771.005","-76,365,558.912","22,333,333.333","-14,638,888.889","103,197,696.737","1,173,594.132","2,280,000","-5,224,489.796","12,984,984.985","5,535,000","11,810,526.316","-8,819,076.657","-17,285,200","-14,023,633.943","3,985,890.632","33,288,400","11,000,000","63,015,988.46","31,548,949.113","-37,012,800","1,581,084.908","19,479,038.849","7,244,800","-13,388,400","-2,720,400","-282,418.824","-39,124,800","4,812,343.751","-26,947,803.051","-7,672,800","-3,626,400","-10,691,680.261","-7,133,333.333","2,236,956.522","-650,322.581","-31,307.73","1,480,000","497,865.854","1,717,616.58","-5,000,000","1,262,289.562","832,548.18","189,261.745","6,920,000","7,440,000","6,920,000","1,589,743.59","4,120,000","345,173.745","44,392,857.143","662,285.714","24,680,000","680,000","2,160,000","146,017.699","1,609,359.606","658,536.585","6,534,653.465","610,000","-223,255.814","1,240,000","1,240,000","855,737.705","166,778.523","-1,440,000","-152,941.176","1,489,201.878","3,166,355.14","39,545,056.403","-1,735,880.399","2,447,034.765","14,689,296.636","2,549,842.271","853,731.343",,,,,,,,,,,,,,,