name,ttm,12/31/2021,09/30/2021,06/30/2021,03/31/2021,12/31/2020,09/30/2020,06/30/2020,03/31/2020,12/31/2019,09/30/2019,06/30/2019,03/31/2019,12/31/2018,09/30/2018,06/30/2018,03/31/2018,12/31/2017,09/30/2017,06/30/2017,03/31/2017,12/31/2016,09/30/2016,06/30/2016,03/31/2016,12/31/2015,09/30/2015,06/30/2015,03/31/2015,12/31/2014,09/30/2014,06/30/2014,03/31/2014,12/31/2013,09/30/2013,06/30/2013,03/31/2013,12/31/2012,09/30/2012,06/30/2012,03/31/2012,12/31/2011,09/30/2011,06/30/2011,03/31/2011,12/31/2010,09/30/2010,06/30/2010,03/31/2010,12/31/2009,09/30/2009,06/30/2009,03/31/2009,12/31/2008,09/30/2008,06/30/2008,03/31/2008,12/31/2007,09/30/2007,06/30/2007,03/31/2007,12/31/2006,09/30/2006,06/30/2006,03/31/2006,12/31/2005,09/30/2005,06/30/2005,03/31/2005,12/31/2004,09/30/2004,06/30/2004,03/31/2004,12/31/2003,09/30/2003,06/30/2003,03/31/2003,12/31/2002,09/30/2002,06/30/2002,03/31/2002,12/31/2001,09/30/2001,06/30/2001,03/31/2001,12/31/2000,09/30/2000,06/30/2000,03/31/2000,12/31/1999,09/30/1999,06/30/1999,03/31/1999,12/31/1998,09/30/1998,06/30/1998,03/31/1998,12/31/1997,09/30/1997,06/30/1997,03/31/1997,12/31/1996,09/30/1996,06/30/1996,03/31/1996,12/31/1995,09/30/1995,06/30/1995,03/31/1995,12/31/1994,09/30/1994,06/30/1994,03/31/1994,12/31/1993,09/30/1993,06/30/1993,03/31/1993,12/31/1992,09/30/1992,06/30/1992,03/31/1992,12/31/1991,09/30/1991,06/30/1991,03/31/1991,12/31/1990,09/30/1990,06/30/1990,03/31/1990,12/31/1989,09/30/1989,06/30/1989,03/31/1989,12/31/1988,09/30/1988,06/30/1988,03/31/1988,12/31/1987,09/30/1987,06/30/1987,03/31/1987,12/31/1986,09/30/1986,06/30/1986,03/31/1986,12/31/1985,09/30/1985
TotalRevenue,"4,899,600,000","1,408,600,000","959,400,000","986,000,000","1,545,600,000","1,211,000,000","902,500,000","962,700,000","1,605,500,000","1,397,200,000","931,500,000","1,010,400,000","1,869,800,000","1,461,700,000","895,000,000","1,007,000,000","1,750,800,000","1,368,300,000","917,000,000","990,700,000","1,598,600,000","1,297,000,000","861,300,000","897,600,000","1,436,600,000","1,097,800,000","817,200,000","1,169,000,000","2,149,700,000","1,691,100,000","1,123,900,000","1,335,100,000","2,320,500,000","1,596,800,000","1,076,800,000","1,212,300,000","1,794,300,000","1,380,300,000","973,500,000","1,048,700,000","1,658,700,000","1,489,900,000","1,068,700,000","1,228,300,000","2,232,200,000","1,754,100,000","1,138,100,000","1,171,100,000","2,358,300,000","2,317,900,000","884,800,000","1,009,200,000","2,720,200,000","2,385,500,000","1,409,100,000","1,792,100,000","3,289,700,000","2,228,000,000","1,241,000,000","1,577,100,000","2,893,700,000","2,049,200,000","1,156,500,000","1,311,900,000","2,972,800,000","2,698,600,000","1,163,800,000","1,355,200,000","2,681,500,000","1,968,200,000","979,800,000","1,245,000,000","2,473,200,000","1,682,600,000","898,300,000","1,143,200,000","2,579,300,000","1,844,200,000","1,066,100,000","1,375,600,000","2,206,400,000","2,029,400,000","1,756,400,000","1,874,800,000","3,798,100,000","3,034,634,000","1,005,546,000","922,971,000","1,067,549,000","884,300,000","688,000,000","680,600,000","891,500,000","753,300,000","747,800,000","652,400,000","779,300,000","807,000,000","596,400,000","523,400,000","579,200,000","524,400,000","356,300,000","364,900,000","576,000,000","469,000,000","370,300,000","360,500,000","522,500,000","428,300,000","334,600,000","348,000,000","565,600,000","464,900,000","342,500,000","348,800,000","521,600,000","462,600,000","316,500,000","329,300,000","474,000,000","429,000,000","323,400,000","320,400,000","462,300,000","423,700,000","317,800,000","325,900,000","453,600,000","451,700,000","318,500,000","322,800,000","466,700,000","425,500,000","318,000,000","315,400,000","465,300,000","392,600,000","324,600,000","313,400,000","421,000,000","399,000,000","321,800,000","365,800,000","539,500,000","522,800,000","391,000,000"
	OperatingRevenue,"4,731,300,000","1,353,600,000","918,800,000","952,400,000","1,506,500,000","1,153,100,000","861,500,000","932,700,000","1,525,900,000","1,358,700,000","891,000,000","969,200,000","1,834,500,000","1,436,000,000","855,800,000","982,100,000","1,717,200,000","1,366,600,000","916,800,000","990,000,000","1,596,800,000","1,293,300,000","857,800,000","893,500,000","1,431,700,000","1,090,500,000","809,400,000","1,108,900,000","2,103,400,000","1,634,000,000","1,046,600,000","1,218,400,000","2,243,500,000","1,535,200,000","1,015,400,000","1,144,300,000","1,738,000,000","1,249,000,000","973,500,000","1,048,700,000","1,658,700,000","1,489,900,000","1,068,700,000","1,228,300,000","2,232,200,000","1,754,100,000","1,138,100,000","1,171,100,000","2,358,300,000","2,317,900,000","884,800,000","1,009,200,000","2,720,200,000","2,385,500,000","1,409,100,000","1,792,100,000","3,289,700,000","2,228,000,000","1,241,000,000","1,577,100,000","2,893,700,000","2,049,200,000","1,156,500,000","1,311,900,000","2,972,800,000","2,698,600,000","1,163,800,000","1,355,200,000","2,681,500,000","1,968,200,000","979,800,000","1,245,000,000","2,473,200,000","1,682,600,000","898,300,000","1,143,200,000","2,579,300,000","1,844,200,000","1,066,100,000","1,375,600,000","2,206,400,000","2,029,400,000","1,756,400,000","1,874,800,000","3,798,100,000","3,034,634,000","1,005,546,000","922,971,000","1,067,549,000","884,300,000","688,000,000","680,600,000","891,500,000","753,300,000","747,800,000","652,400,000","779,300,000","807,000,000","596,400,000","523,400,000","579,200,000","524,400,000","356,300,000","364,900,000","576,000,000","469,000,000","370,300,000","360,500,000","522,500,000","428,300,000","334,600,000","348,000,000","565,600,000","464,900,000","342,500,000","348,800,000","521,600,000","462,600,000","316,500,000","329,300,000","474,000,000","429,000,000","323,400,000","320,400,000","462,300,000","423,700,000","317,800,000","325,900,000","453,600,000","451,700,000","318,500,000","322,800,000","466,700,000","425,500,000","318,000,000","315,400,000","465,300,000","392,600,000","324,600,000","313,400,000","421,000,000","399,000,000","321,800,000","365,800,000","539,500,000","522,800,000","391,000,000"
CostOfRevenue,"2,848,300,000","859,500,000","559,400,000","591,100,000","838,300,000","723,700,000","523,000,000","541,500,000","907,000,000","763,500,000","590,600,000","302,700,000","1,232,700,000","1,306,000,000","1,002,800,000","678,500,000","1,126,900,000","883,400,000","616,900,000","667,900,000","962,800,000","865,400,000","554,800,000","572,500,000","851,200,000","685,600,000","520,200,000","779,600,000","1,380,100,000","1,133,200,000","760,000,000","904,800,000","1,562,500,000","1,045,500,000","711,900,000","812,800,000","1,143,100,000","2,099,200,000","233,700,000","241,100,000","630,300,000","599,900,000","323,100,000","462,500,000","1,170,900,000","828,700,000","420,000,000","439,100,000","1,286,300,000","1,377,600,000","227,300,000","338,200,000","1,654,800,000",,,,,,,,,,,,,,,,,,,,,,,,,,,,,,,,,,"598,225,000","529,701,000","584,638,000","573,700,000","308,300,000","309,100,000","460,000,000","219,500,000","295,400,000","222,000,000","284,400,000","229,900,000","132,000,000","127,100,000","282,200,000","246,800,000","120,500,000","134,900,000","268,400,000","195,000,000","120,900,000","132,100,000","237,000,000","178,700,000","108,200,000","125,700,000","270,600,000",,,,,,,,,,,,,,,,,,,,,,,,,,,,,,,,,,
GrossProfit,"2,051,300,000","549,100,000","400,000,000","394,900,000","707,300,000","487,300,000","379,500,000","421,200,000","698,500,000","633,700,000","340,900,000","707,700,000","637,100,000","155,700,000","-107,800,000","328,500,000","623,900,000","484,900,000","300,100,000","322,800,000","635,800,000","431,600,000","306,500,000","325,100,000","585,400,000","412,200,000","297,000,000","389,400,000","769,600,000","557,900,000","363,900,000","430,300,000","758,000,000","551,300,000","364,900,000","399,500,000","651,200,000","-718,900,000","739,800,000","807,600,000","1,028,400,000","890,000,000","745,600,000","765,800,000","1,061,300,000","925,400,000","718,100,000","732,000,000","1,072,000,000","940,300,000","657,500,000","671,000,000","1,065,400,000",,"1,409,100,000",,,,,"1,577,100,000",,"2,049,200,000",,,,"2,698,600,000",,"1,355,200,000",,,,,"2,473,200,000","1,682,600,000","898,300,000",,,,,"1,375,600,000",,,,,,"4,747,198,000","407,321,000","393,270,000","482,911,000","310,600,000","379,700,000","371,500,000","431,500,000","533,800,000","452,400,000","430,400,000","494,900,000","577,100,000","464,400,000","396,300,000","297,000,000","277,600,000","235,800,000","230,000,000","307,600,000","274,000,000","249,400,000","228,400,000","285,500,000","249,600,000","226,400,000","222,300,000","295,000,000",,,,,,,,,,,,,,,,,,,,,,,,,,,,,,,,,,
OperatingExpense,"1,036,700,000","263,900,000","254,000,000","252,800,000","266,000,000","258,400,000","250,800,000","245,700,000","270,200,000","257,100,000","250,100,000","244,300,000","262,700,000","233,300,000","207,400,000","210,100,000","223,600,000","209,300,000","200,500,000","198,400,000","219,300,000","207,300,000","192,900,000","187,100,000","204,100,000","192,300,000","186,200,000","246,500,000","259,900,000","232,500,000","221,000,000","222,500,000","249,800,000","224,800,000","208,800,000","214,200,000","230,400,000","-1,008,400,000","611,300,000","609,000,000","638,300,000","685,000,000","601,200,000","604,800,000","664,400,000","672,900,000","597,200,000","593,200,000","676,100,000","664,000,000","559,300,000","564,500,000","725,500,000","2,092,100,000","1,304,600,000","1,677,100,000","2,896,900,000","2,029,100,000","1,130,700,000","1,437,500,000","2,460,600,000","1,792,500,000","1,020,100,000","1,181,000,000","2,604,300,000","2,373,900,000","1,070,600,000","1,235,800,000","2,244,300,000","1,628,100,000","852,100,000","1,087,200,000","2,029,900,000","1,388,200,000","749,400,000","967,200,000","2,096,600,000","1,504,400,000","887,700,000","1,213,300,000","1,711,400,000","1,787,200,000","1,610,000,000","1,726,800,000","3,325,900,000","4,554,973,000","300,001,000","303,923,000","304,003,000","188,100,000","278,200,000","289,900,000","275,600,000","406,300,000","356,600,000","352,500,000","378,800,000","457,700,000","378,700,000","323,000,000","169,200,000","159,100,000","162,000,000","164,600,000","172,300,000","165,900,000","162,000,000","157,400,000","162,800,000","156,900,000","155,200,000","160,200,000","166,100,000",,,,,,,,,,,,,,,,,,,,,,,,,,,,,,,,,,
	DepreciationAmortizationDepletionIncomeStatement,"748,400,000","188,200,000","188,900,000","186,300,000","185,000,000","183,500,000","180,600,000","177,500,000","184,300,000","182,200,000","182,200,000","177,900,000","175,100,000","161,800,000","148,500,000","144,600,000","144,700,000","141,800,000","143,000,000","142,200,000","143,300,000","141,100,000","136,300,000","136,900,000","132,800,000","133,400,000","132,500,000","167,400,000","157,500,000","154,700,000","153,000,000","149,100,000","148,700,000","145,900,000","144,500,000","143,300,000","143,600,000","141,800,000","126,000,000","148,000,000","146,100,000","129,900,000","134,900,000","134,500,000","138,900,000","141,800,000","153,100,000","151,600,000","149,800,000","148,900,000","148,700,000","148,200,000","143,800,000","142,900,000","141,000,000","147,700,000","135,600,000","139,800,000","142,200,000","138,200,000","139,000,000","137,800,000","136,500,000","138,100,000","136,900,000","137,600,000","136,100,000","136,400,000","135,100,000","130,800,000","125,900,000","127,600,000","125,400,000","124,400,000","123,100,000","124,900,000","146,300,000","152,500,000","145,100,000","131,600,000","144,800,000","169,900,000","155,600,000","155,000,000","161,200,000","120,883,000","84,100,000","84,590,000","84,479,000","82,900,000","78,000,000","77,500,000","72,900,000","65,200,000","64,400,000","63,600,000","63,300,000","62,300,000","64,700,000","64,400,000","56,100,000","52,300,000","55,000,000","54,200,000","53,500,000","51,500,000","50,700,000","49,700,000","49,100,000","49,500,000","48,600,000","48,600,000","47,600,000",,,,,,,,,,,,,,,,,,,,,,,,,,,,,,,,,,
		DepreciationAndAmortizationInIncomeStatement,"748,400,000","188,200,000","188,900,000","186,300,000","185,000,000","183,500,000","180,600,000","177,500,000","184,300,000","182,200,000","182,200,000","177,900,000","175,100,000","161,800,000","148,500,000","144,600,000","144,700,000","141,800,000","143,000,000","142,200,000","143,300,000","141,100,000","136,300,000","136,900,000","132,800,000","133,400,000","132,500,000","167,400,000","157,500,000","154,700,000","153,000,000","149,100,000","148,700,000","145,900,000","144,500,000","143,300,000","143,600,000","141,800,000","126,000,000","148,000,000","146,100,000","129,900,000","134,900,000","134,500,000","138,900,000","141,800,000","153,100,000","151,600,000","149,800,000","148,900,000","148,700,000","148,200,000","143,800,000",,,,,,,,,,,,,,,,,,,,,,,,,,,,,,,,,,,,,,,,,,,,,,,,,,,,,,,,,,,,,,,,,,,,,,,,,,,,,,,,,,,,,,,,,,,,,,
	OtherTaxes,"288,300,000","75,700,000","65,100,000","66,500,000","81,000,000","74,900,000","70,200,000","68,200,000","85,900,000","74,900,000","67,900,000","66,400,000","87,600,000","71,500,000","58,900,000","65,500,000","78,900,000","67,500,000","57,500,000","56,200,000","76,000,000","66,200,000","56,600,000","50,200,000","71,300,000","58,900,000","53,700,000","79,100,000","102,400,000","77,800,000","68,000,000","73,400,000","101,100,000","78,900,000","64,300,000","70,900,000","86,800,000","72,400,000","62,400,000","66,700,000","86,800,000","74,700,000","59,200,000","67,800,000","93,000,000","74,000,000","62,000,000","64,500,000","86,900,000","75,500,000","53,700,000","52,600,000","103,400,000","82,400,000","58,200,000","63,300,000","103,600,000","80,000,000","56,400,000","65,000,000","101,600,000","76,800,000","49,100,000","60,600,000","103,000,000","86,200,000","51,900,000","60,100,000","103,100,000","66,100,000","53,300,000","46,000,000","100,000,000","66,900,000","48,500,000","65,500,000","111,500,000","80,100,000","56,400,000","62,300,000","92,500,000","76,900,000","58,500,000","61,400,000","97,900,000","65,430,000","24,365,000","20,578,000","28,227,000","25,800,000","24,600,000","25,200,000","28,000,000","21,600,000","22,000,000","21,100,000","23,400,000","22,900,000","19,300,000","20,300,000","20,900,000","19,200,000","17,000,000","17,400,000","20,700,000","18,500,000","17,400,000","17,100,000","20,400,000","17,300,000","16,900,000","17,100,000","20,800,000",,,,,,,,,,,,,,,,,,,,,,,,,,,,,,,,,,
	OtherOperatingExpenses,,,,,,,,,,,,,,,,,,,,,,,,,,,,,,,,,,,,,,,,,,,,,,,"382,100,000","377,100,000","439,400,000","439,600,000","356,900,000","363,700,000","478,300,000","1,866,800,000","1,105,400,000","1,466,100,000","2,657,700,000","1,809,300,000","932,100,000","1,234,300,000","2,220,000,000","1,577,900,000","834,500,000","982,300,000","2,364,400,000","2,150,100,000","882,600,000","1,039,300,000","2,006,100,000","1,431,200,000","672,900,000","913,600,000","1,804,500,000","1,196,900,000","577,800,000","776,800,000","1,838,800,000","1,271,800,000","686,200,000","1,019,400,000","1,474,100,000","1,540,400,000","1,395,900,000","1,510,400,000","3,066,800,000","4,368,660,000","191,536,000","198,755,000","191,297,000","79,400,000","175,600,000","187,200,000","174,700,000","319,500,000","270,200,000","267,800,000","292,100,000","372,500,000","294,700,000","238,300,000","92,200,000","87,600,000","90,000,000","93,000,000","98,100,000","95,900,000","93,900,000","90,600,000","93,300,000","90,100,000","89,700,000","94,500,000","97,700,000",,,,,,,,,,,,,,,,,,,,,,,,,,,,,,,,,,
OperatingIncome,"1,014,600,000","285,200,000","146,000,000","142,100,000","441,300,000","228,900,000","128,700,000","175,500,000","428,300,000","376,600,000","90,800,000","463,400,000","374,400,000","-77,600,000","-315,200,000","118,400,000","400,300,000","275,600,000","99,600,000","124,400,000","416,500,000","224,300,000","113,600,000","138,000,000","381,300,000","219,900,000","110,800,000","142,900,000","509,700,000","325,400,000","142,900,000","207,800,000","508,200,000","326,500,000","156,100,000","185,300,000","420,800,000","289,500,000","128,500,000","198,600,000","390,100,000","205,000,000","144,400,000","161,000,000","396,900,000","252,500,000","120,900,000","138,800,000","395,900,000","276,300,000","98,200,000","106,500,000","339,900,000","293,400,000","104,500,000","115,000,000","392,800,000","198,900,000","110,300,000","139,600,000","433,100,000","256,700,000","136,400,000","130,900,000","368,500,000","324,700,000","93,200,000","119,400,000","437,200,000","340,100,000","127,700,000","157,800,000","443,300,000","294,400,000","148,900,000","176,000,000","482,700,000","339,800,000","178,400,000","162,300,000","495,000,000","242,200,000","146,400,000","148,000,000","472,200,000","192,225,000","107,320,000","89,347,000","178,908,000","122,500,000","101,500,000","81,600,000","155,900,000","127,500,000","95,800,000","77,900,000","116,100,000","119,400,000","85,700,000","73,300,000","127,800,000","118,500,000","73,800,000","65,400,000","135,300,000","108,100,000","87,400,000","71,000,000","122,700,000","92,700,000","71,200,000","62,100,000","128,900,000","464,900,000","342,500,000","348,800,000","521,600,000","462,600,000","316,500,000","329,300,000","474,000,000","429,000,000","323,400,000","320,400,000","462,300,000","423,700,000","317,800,000","325,900,000","453,600,000","451,700,000","318,500,000","322,800,000","466,700,000","425,500,000","318,000,000","315,400,000","465,300,000","392,600,000","324,600,000","313,400,000","421,000,000","399,000,000","321,800,000","365,800,000","539,500,000","522,800,000","391,000,000"
NetNonOperatingInterestIncomeExpense,"-337,100,000","-86,300,000","-83,300,000","-83,800,000","-83,700,000","-84,500,000","-93,900,000","-95,600,000","-91,200,000","-91,000,000","-93,800,000","-92,900,000","-93,500,000","-85,700,000","-82,000,000","-87,600,000","-93,100,000","-87,800,000","-87,900,000","-87,700,000","-85,200,000","-84,600,000","-85,000,000","-86,000,000","-90,500,000","-93,500,000","-94,900,000","-117,100,000","-111,000,000","-115,800,000","-109,600,000","-109,100,000","-109,100,000","-106,900,000","-103,700,000","-102,000,000","-98,600,000","-103,900,000","-107,900,000","-103,200,000","-103,300,000","-92,500,000","-95,700,000","-94,400,000","-89,800,000","-91,200,000","-97,600,000","-98,400,000","-98,700,000","-91,800,000","-104,800,000","-105,300,000","-90,500,000",,,,,,,,,,,,,,,,,,,,,,,,,,,,,,,,,,,,,,,,,,,,,,,,,,,,,,,,,,,,,,,,,,,,,,,,,,,,,,,,,,,,,,,,,,,,,,
	InterestIncomeNonOperating,"4,000,000","1,300,000","1,100,000","700,000","900,000","1,100,000","1,300,000","1,400,000","1,700,000","2,300,000","2,100,000","1,200,000","2,100,000","2,400,000","1,400,000","1,100,000",,,,,,,,,,,,,,,,,,,,,,,,,,,,,,,,,,,,,,,,,,,,,,,,,,,,,,,,,,,,,,,,,,,,,,,,,,,,,,,,,,,,,,,,,,,,,,,,,,,,,,,,,,,,,,,,,,,,,,,,,,,,,,,,,,,
	InterestExpenseNonOperating,"332,400,000","78,900,000","84,400,000","84,500,000","84,600,000","76,800,000","95,200,000","97,000,000","92,900,000","85,400,000","95,900,000","94,100,000","95,600,000","99,700,000","83,400,000","88,700,000","93,100,000","102,700,000","87,900,000","87,700,000","85,200,000","94,400,000","85,000,000","86,000,000","90,500,000","88,400,000","94,900,000","117,100,000","111,000,000","102,400,000","109,600,000","109,100,000","109,100,000","94,100,000","103,700,000","102,000,000","98,600,000",,,,,,,,,"97,800,000","97,600,000","98,400,000","98,700,000","98,600,000","104,800,000","105,300,000","90,500,000",,,,,,,,,,,,,,,,,,,,,,,,,,,,,,,,,,,,,,,,,,,,,,,,,,,,,,,,,,,,,,,,,,,,,,,,,,,,,,,,,,,,,,,,,,,,,,
	TotalOtherFinanceCost,"8,700,000",,,,,,,,,,,,,,,,,,"87,900,000",,,,,,,,,,,,,,,,,,,"-293,900,000","107,900,000","103,200,000","103,300,000","-279,500,000","95,700,000","94,400,000","89,800,000",,,,"98,700,000",,,,,,,,,,,,,,,,,,,,,,,,,,,,,,,,,,,,,,,,,,,,,,,,,,,,,,,,,,,,,,,,,,,,,,,,,,,,,,,,,,,,,,,,,,,,,,,,,,
OtherIncomeExpense,"29,100,000","1,500,000","14,300,000","11,800,000","1,500,000","200,000","-272,600,000","-78,700,000","-276,400,000","-422,400,000","-600,000","-1,400,000","-3,000,000","-2,100,000","-36,800,000","-800,000","31,600,000","-22,800,000","4,800,000","-107,600,000","1,200,000","600,000","3,600,000","-5,900,000","800,000","4,600,000","4,700,000","-68,500,000","27,500,000","27,000,000","24,100,000","19,300,000","30,000,000","16,100,000","25,000,000","21,500,000","11,400,000","4,400,000","10,900,000","12,800,000","9,600,000","-81,000,000","4,700,000","2,900,000","5,600,000","-92,300,000","1,000,000","2,600,000","2,500,000","-29,700,000","-2,100,000","-1,200,000","1,000,000","2,300,000","24,200,000","2,900,000","500,000","-15,400,000","4,000,000","3,300,000","-1,300,000","-20,700,000","-800,000","-2,700,000","-3,400,000","-123,200,000","3,300,000","3,600,000",,"6,000,000","1,600,000","300,000","1,500,000","27,800,000","2,400,000","4,600,000","69,000,000","-4,500,000","5,900,000","3,200,000","26,000,000","15,000,000","-10,600,000","4,900,000","4,500,000","-17,761,000","54,074,000","2,510,000","3,277,000","-24,200,000","-9,900,000","800,000","7,100,000","200,000","2,900,000","-900,000","8,400,000","400,000","3,300,000","3,900,000","9,300,000","-3,000,000","6,700,000","1,500,000","500,000","-2,000,000","-1,200,000","-100,000","-800,000","5,100,000","1,000,000","-1,900,000","-1,100,000",,,,,,,,,,,,,,,,,,,,,,,,,,,,,,,,,,
	GainOnSaleOfSecurity,,,,,,,"4,600,000",,,,,,,"25,000,000",,,,,,,,,,,,,,,,,,,,,,,,,,,,,,,,,,,,,,,,,,,,,,,,,,,,,,,,,,,,,,,,,,,,,,,,,,,,,,,,,,,,,,,,,,,,,,,,,,,,,,,,,,,,,,,,,,,,,,,,,,,,,,,,,,,,,
	EarningsFromEquityInterest,,,,,,,,,,,,,,,,,,,,,,,,,,,,"13,700,000","15,400,000","13,700,000","12,000,000","11,100,000","9,800,000","10,300,000","10,500,000","8,000,000","7,100,000","8,000,000","8,000,000","8,500,000","7,700,000","5,800,000","3,500,000","2,300,000","3,000,000",,,,,,,"3,800,000",,,,,,,,,,,,,,,,,,,,,,,,,,,,,,,,,,,,,,,,,,,,,,,,,,,,,,,,,,,,,,,,,,,,,,,,,,,,,,,,,,,,,,,,,,,,,,,
	SpecialIncomeCharges,"-6,100,000","-7,600,000","4,600,000","3,500,000","-6,600,000","-406,700,000","-242,200,000","2,000,000","1,800,000","-414,800,000","2,000,000","2,600,000","1,500,000","-30,600,000","-39,800,000","-8,600,000","300,000","-12,900,000","0","-111,400,000","0","7,700,000","100,000","200,000","100,000","6,300,000","-1,100,000","-88,700,000","5,000,000","12,200,000","2,900,000","700,000","15,700,000","25,800,000","9,800,000","200,000","200,000","-5,300,000","2,900,000","4,300,000","1,900,000","-86,800,000","1,200,000","600,000","2,600,000","-107,300,000","1,000,000","2,600,000","2,500,000","-29,700,000","-2,100,000","-1,200,000","1,000,000","2,300,000","24,200,000","2,900,000","500,000","-15,400,000","4,000,000","3,300,000","-1,300,000","-20,700,000","-800,000","-2,700,000","-3,400,000","-123,200,000","3,300,000","3,600,000",,"6,000,000","1,600,000","300,000","1,500,000","27,800,000","2,400,000","4,600,000","69,000,000","-4,500,000","5,900,000","3,200,000","26,000,000","15,000,000","-10,600,000","4,900,000","4,500,000","-17,761,000","54,074,000","2,510,000","3,277,000","-24,200,000","-9,900,000","800,000","7,100,000","200,000","2,900,000","-900,000","8,400,000","400,000","3,300,000","3,900,000","9,300,000","-3,000,000","6,700,000","1,500,000","500,000","-2,000,000","-1,200,000","-100,000","-800,000","5,100,000","1,000,000","-1,900,000","-1,100,000",,,,,,,,,,,,,,,,,,,,,,,,,,,,,,,,,,
		ImpairmentOfCapitalAssets,"0",,,,,,,,,,,,,,,,,,,,,,,,,,,,,,,,,,,,,,,,,,,,,,"1,100,000","0","100,000","16,800,000","4,400,000","0","-2,000,000",,,,,,,,,,,,,,,,,,,,,,,,,,,,,,,,,,,,,,,,,,,,,,,,,,,,,,,,,,,,,,,,,,,,,,,,,,,,,,,,,,,,,,,,,,,,,,
		OtherSpecialCharges,"-1,600,000","6,800,000","-3,500,000","-3,400,000","-1,500,000","-4,300,000","241,900,000","-1,400,000","-1,700,000","200,000","-1,800,000","-2,500,000","-1,700,000","29,800,000","39,100,000","8,600,000",,"7,300,000","-4,800,000","111,500,000",,,,,,"-6,700,000",,"97,200,000",,,,,,,,,,,,,,,,,,"108,500,000","-2,100,000","-2,600,000","-2,600,000","12,900,000","-2,300,000","1,200,000","1,000,000",,,,,,,,,,,,,,,,,,,,,,,,,,,,,,,,,,,,,,,,,,,,,,,,,,,,,,,,,,,,,,,,,,,,,,,,,,,,,,,,,,,,,,,,,,,,,,
		GainOnSaleOfPPE,"-7,700,000","-800,000","1,100,000","100,000","-8,100,000","-411,000,000","-300,000","600,000","100,000","-100,000","200,000","100,000","-200,000","-800,000","-700,000",,"300,000","-5,600,000","0","100,000","0","600,000","100,000","200,000","100,000","-400,000","-1,100,000","8,500,000","5,000,000","12,200,000","2,900,000","700,000","15,700,000","7,300,000","9,800,000","200,000","200,000",,,,,,,,,,,,,,,,,,,,,,,,,,,,,,,,,,,,,,,,,,,,,,,,,,,,,,,,,,,,,,,,,,,,,,,,,,,,,,,,,,,,,,,,,,,,,,,,,,,,,,,,,,,,,,
	OtherNonOperatingIncomeExpenses,"35,200,000","9,100,000","9,700,000","8,300,000","8,100,000","411,500,000","-35,000,000","-80,700,000","-278,200,000","-7,600,000","-2,600,000","-4,000,000","-4,500,000","3,500,000","3,000,000","7,800,000","31,300,000","-9,900,000","4,800,000","3,800,000","1,200,000","-7,100,000","3,500,000","-6,100,000","700,000","-1,700,000","5,800,000","6,500,000","7,100,000","1,100,000","9,200,000","7,500,000","4,500,000","-20,000,000","4,700,000","13,300,000","4,100,000",,,,,,,,,,,,,,,,,,,,,,,,,,,,,,,,,,,,,,,,,,,,,,,,,,,,,,,,,,,,,,,,,,,,,,,,,,,,,,,,,,,,,,,,,,,,,,,,,,,,,,,,,,,,,,
PretaxIncome,"706,600,000","200,400,000","77,000,000","70,100,000","359,100,000","144,600,000","-237,800,000","1,200,000","60,700,000","-136,800,000","-3,600,000","369,100,000","277,900,000","-165,400,000","-434,000,000","30,000,000","338,800,000","165,000,000","16,500,000","-70,900,000","332,500,000","140,300,000","32,200,000","46,100,000","291,600,000","131,000,000","20,600,000","-42,700,000","426,200,000","236,600,000","57,400,000","118,000,000","429,100,000","235,700,000","77,400,000","104,800,000","333,600,000","190,000,000","31,500,000","108,200,000","296,400,000","31,500,000","53,400,000","69,500,000","312,700,000","57,700,000","27,800,000","43,400,000","307,100,000","145,200,000","-2,900,000","-2,600,000","256,800,000","195,000,000","28,500,000","30,500,000","301,500,000","92,600,000","13,500,000","44,800,000","333,200,000","142,300,000","39,400,000","34,900,000","269,300,000","92,300,000","-11,600,000","20,200,000","332,100,000","243,400,000","28,200,000","57,400,000","342,100,000","207,900,000","36,600,000","65,700,000","423,100,000","201,500,000","37,400,000","34,800,000","385,900,000","105,600,000","-15,400,000","-1,500,000","306,500,000","9,379,000","104,005,000","36,316,000","127,500,000","52,900,000","41,800,000","34,600,000","121,500,000","92,200,000","64,600,000","44,800,000","93,000,000","87,700,000","56,100,000","45,200,000","109,100,000","86,900,000","52,400,000","39,500,000","109,000,000","79,200,000","61,100,000","45,700,000","97,900,000","74,200,000","47,700,000","37,000,000","102,800,000",,,,,,,,,,,,,,,,,,,,,,,,,,,,,,,,,,
TaxProvision,"117,800,000","27,200,000","14,800,000","13,200,000","62,600,000","56,800,000","-64,900,000","5,900,000","-14,900,000","2,500,000","-10,200,000","72,200,000","59,000,000","-153,700,000","-94,500,000","5,500,000","62,700,000","217,400,000","2,500,000","-26,600,000","121,200,000","51,500,000","8,500,000","17,400,000","111,900,000","66,600,000","5,800,000","-15,300,000","150,900,000","82,300,000","25,900,000","39,500,000","162,700,000","82,700,000","27,900,000","32,700,000","118,200,000","63,400,000","11,500,000","37,700,000","102,900,000","8,300,000","17,100,000","30,000,000","107,900,000","21,900,000","-5,600,000","15,400,000","109,800,000","55,300,000","6,800,000","6,100,000","97,500,000","68,000,000","-4,100,000","9,500,000","112,100,000","27,700,000","3,700,000","16,600,000","124,100,000","49,100,000","13,500,000","13,400,000","96,500,000","19,500,000","-5,800,000","12,300,000","123,400,000","86,500,000","6,700,000","22,100,000","125,600,000","67,300,000","13,100,000","26,400,000","157,000,000","61,700,000","14,200,000","14,100,000","143,900,000","51,700,000","4,300,000","4,800,000","122,300,000","17,308,000","52,005,000","12,903,000","47,884,000","20,000,000","13,800,000","11,700,000","44,900,000","31,600,000","21,500,000","15,400,000","32,300,000","31,800,000","20,200,000","17,000,000","38,300,000","35,500,000","18,000,000","16,100,000","41,500,000","27,300,000","24,700,000","18,800,000","37,600,000","25,200,000","19,200,000","15,500,000","37,800,000",,,,,,,,,,,,,,,,,,,,,,,,,,,,,,,,,,
NetIncomeCommonStockholders,"529,800,000","152,200,000","49,400,000","46,500,000","281,700,000","70,700,000","-186,700,000","-18,500,000","61,800,000","-153,000,000","-7,200,000","283,100,000","205,100,000","-19,800,000","-345,100,000","23,200,000","276,100,000","-52,400,000","14,000,000","-44,400,000","211,300,000","88,800,000","27,200,000","28,600,000","179,700,000","59,400,000","-4,900,000","-36,400,000","268,400,000","154,200,000","31,400,000","78,200,000","266,200,000","151,800,000","48,100,000","71,700,000","260,500,000","134,000,000","19,300,000","69,400,000","193,400,000","20,300,000","34,700,000","38,900,000","205,200,000","33,400,000","33,200,000","28,100,000","197,300,000","89,500,000","-15,400,000","-4,800,000","148,400,000","-489,600,000","20,000,000","-202,300,000","99,300,000","67,000,000","11,000,000","26,700,000","216,700,000","62,500,000","25,800,000","21,000,000","172,900,000","68,000,000","-6,800,000","39,000,000","206,300,000","159,400,000","28,800,000","34,600,000","213,500,000","140,300,000","15,400,000","-324,900,000","254,900,000","82,100,000","23,200,000","25,000,000","242,200,000","55,500,000","-20,100,000","-8,000,000","188,800,000","1,871,000","52,000,000","23,413,000","79,616,000","32,900,000","28,000,000","22,900,000","76,600,000","60,600,000","43,100,000","29,400,000","60,700,000","55,900,000","35,900,000","28,200,000","70,800,000","51,400,000","34,400,000","23,400,000","67,400,000","51,100,000","35,600,000","26,100,000","59,500,000","48,200,000","27,700,000","20,700,000","64,200,000","47,800,000","26,500,000","20,900,000","57,800,000","48,200,000","20,000,000","17,800,000","47,400,000","40,900,000","24,500,000","19,500,000","45,300,000","27,400,000","24,700,000","17,900,000","42,500,000","37,800,000","19,900,000","17,800,000",,,,,,,,,,,,,,,
	NetIncome,"584,900,000","165,900,000","63,200,000","60,300,000","295,500,000","84,400,000","-172,900,000","-4,700,000","75,600,000","-139,300,000","6,600,000","296,900,000","218,900,000","-11,700,000","-339,500,000","24,500,000","276,100,000","-52,400,000","14,000,000","-44,400,000","211,300,000","88,800,000","27,200,000","28,600,000","179,700,000","59,400,000","-4,900,000","-36,400,000","268,400,000","154,200,000","31,400,000","78,200,000","266,200,000","151,800,000","48,100,000","71,700,000","260,500,000","134,000,000","19,300,000","69,400,000","193,400,000","20,300,000","34,700,000","38,900,000","205,200,000","33,400,000","33,200,000","28,100,000","197,300,000","89,500,000","-15,400,000","-4,800,000","148,400,000","-489,600,000","20,000,000","-202,300,000","99,300,000","67,000,000","11,000,000","26,700,000","216,700,000","62,500,000","25,800,000","21,000,000","173,900,000","68,000,000","-6,800,000","39,000,000","206,300,000","159,400,000","28,800,000","34,600,000","213,500,000","140,300,000","15,400,000","-324,900,000","254,900,000","82,100,000","23,200,000","25,000,000","242,200,000","55,500,000","-20,100,000","-8,000,000","188,800,000","1,871,000","52,000,000","23,413,000","79,616,000","32,900,000","28,000,000","22,900,000","76,600,000","60,600,000","43,100,000","29,400,000","60,700,000","55,900,000","35,900,000","28,200,000","70,800,000","51,400,000","34,400,000","23,400,000","67,500,000","51,900,000","36,400,000","26,900,000","60,300,000","49,000,000","28,500,000","21,500,000","65,000,000","48,600,000","27,300,000","21,700,000","58,600,000","49,000,000","20,800,000","18,600,000","48,200,000","41,700,000","25,300,000","20,300,000","46,100,000","30,700,000","27,900,000","21,100,000","45,700,000","40,900,000","23,300,000","21,300,000",,,,,,,,,,,,,,,
		NetIncomeIncludingNoncontrollingInterests,"588,800,000","173,200,000","62,200,000","56,900,000","296,500,000","87,800,000","-172,900,000","-4,700,000","75,600,000","-139,300,000","6,600,000","296,900,000","218,900,000","-11,700,000","-339,500,000","24,500,000","276,100,000","-52,400,000","14,000,000","-44,400,000","211,300,000","88,800,000","27,200,000","28,600,000","179,700,000","59,400,000","-4,900,000","-27,700,000","275,300,000","154,200,000","31,400,000","78,200,000","266,200,000","151,800,000","48,100,000","71,700,000","260,500,000","134,000,000","19,300,000","69,400,000","193,400,000","20,300,000","34,700,000","38,900,000","205,200,000","33,400,000","33,200,000","28,100,000","197,300,000","89,500,000","-15,400,000","-4,800,000","148,400,000","-489,600,000","20,000,000","-202,300,000","99,300,000","67,000,000","11,000,000","26,700,000","216,700,000","62,500,000","25,800,000","21,000,000","173,900,000","64,800,000","-5,800,000","40,100,000","207,400,000","156,100,000","29,900,000","35,700,000","213,500,000","136,900,000","16,500,000","-324,900,000","257,500,000","81,600,000","30,200,000","32,000,000","249,100,000","68,100,000","-15,000,000","-2,900,000","195,800,000","8,760,000","59,228,000","28,413,000","84,657,000","37,100,000","33,400,000","28,300,000","79,300,000","60,600,000","43,100,000","29,400,000","60,700,000","55,900,000","35,900,000","28,200,000","70,800,000","51,400,000","34,400,000","23,400,000","67,500,000","51,900,000","36,400,000","26,900,000","60,300,000","49,000,000","28,500,000","21,500,000","65,000,000","48,600,000","27,300,000","21,700,000","58,600,000","49,000,000","20,800,000","18,600,000","48,200,000","41,700,000","25,300,000","20,300,000","46,100,000","30,700,000","27,900,000","21,100,000","45,700,000","40,900,000","23,300,000","21,300,000","48,300,000","43,100,000","22,300,000","19,100,000","38,400,000","15,000,000","14,000,000","13,000,000","23,000,000","22,100,000","-86,700,000","16,200,000","34,300,000","33,200,000","22,700,000"
			NetIncomeContinuousOperations,"588,800,000","173,200,000","62,200,000","56,900,000","296,500,000","87,800,000","-172,900,000","-4,700,000","75,600,000","-139,300,000","6,600,000","296,900,000","218,900,000","-11,700,000","-339,500,000","24,500,000","276,100,000","-52,400,000","14,000,000","-44,300,000","211,300,000","88,800,000","23,700,000","28,700,000","179,700,000","64,400,000","14,800,000","-27,400,000","275,300,000","154,300,000","31,500,000","78,500,000","266,400,000","153,000,000","49,500,000","72,100,000","215,400,000","126,600,000","20,000,000","70,500,000","193,500,000","23,200,000","36,300,000","39,500,000","204,800,000","35,800,000","33,400,000","28,000,000","197,300,000","89,900,000","-9,700,000","-8,700,000","159,300,000","127,000,000","32,600,000","21,000,000","189,400,000","64,900,000","9,800,000","28,200,000","209,100,000","93,200,000","25,900,000","21,500,000","172,800,000","72,800,000","-5,800,000","7,900,000","208,700,000","156,900,000","21,500,000","35,300,000","216,500,000","140,600,000","23,500,000","39,300,000","266,100,000","139,800,000","23,200,000","20,700,000","242,000,000","53,900,000","-19,700,000","-6,300,000","184,200,000","-7,929,000","52,000,000","23,413,000","79,616,000","32,900,000","28,000,000","22,900,000","76,600,000","60,600,000","43,100,000","29,400,000","60,700,000","55,900,000","35,900,000","28,200,000","70,800,000","51,400,000","34,400,000","23,400,000","67,500,000","51,900,000","36,400,000","26,900,000","60,300,000","49,000,000","28,500,000","21,500,000","65,000,000","48,600,000","27,300,000","21,700,000","58,600,000","49,000,000","20,800,000","18,600,000","48,200,000","41,700,000","25,300,000","20,300,000","46,100,000","30,700,000","27,900,000","21,100,000","45,700,000","40,900,000","23,300,000","21,300,000","48,300,000","43,100,000","22,300,000","19,100,000","38,400,000","15,000,000","14,000,000","13,000,000","23,000,000","22,100,000","-86,700,000","16,200,000","34,300,000","33,200,000","22,700,000"
			NetIncomeDiscontinuousOperations,,,,,,,,,,,,,,,,,,"0","0","-100,000",,"0","3,500,000","-100,000","0","-5,000,000","-19,700,000","-300,000","0","-100,000","-100,000","-300,000","-200,000","-1,200,000","-1,400,000","-400,000","45,100,000","7,400,000","-700,000","-1,100,000","-100,000","-2,900,000","-1,600,000","-600,000","400,000","-2,400,000","-200,000","100,000","0","-400,000","-5,700,000","3,900,000","-10,900,000","-616,600,000","-12,600,000","-223,300,000","-90,100,000","2,100,000","1,200,000","-1,500,000","7,600,000","-30,700,000","-100,000","-500,000","700,000","-4,500,000","-1,000,000","31,100,000","-2,200,000","2,500,000","7,300,000","-700,000","-3,000,000","-300,000","-8,100,000","-364,200,000","-2,400,000","-57,700,000",,"4,300,000","200,000","1,600,000","-400,000","-1,700,000","600,000",,,,,,,,,,,,,,,,,,,,,,,,,,,,,,,,,,,,,,,,,,,,,,,,,,,,,,,,,,,,,,
			NetIncomeExtraordinary,,,,,,,,,,,,,,,,,,,,,,,,,,,,,,,,,,,,,,,,,,,,,,,,,,,,,,,,,,,,,,"0",,,"400,000",,,,,,,,,"0",,,"-8,800,000",,,,,"0",,,"4,000,000",,,,,,,,,,,,,,,,,,,,,,,,,,,,,,,,,,,,,,,,,,,,,,,,,,,,,,,,,,,,,,
			NetIncomeFromTaxLossCarryforward,,,,,,,,,,,,,,,,,,,,,,,,,,,,,,,,,,,,,,,,,,,,,,,,,,,,,,,,,,,,,,,,,,,,,"-200,000",,,,,,,,,,,,,,,,,,,,,,,,,,,,,,,,,,,,,,,,,,,,,,,,,,,,,,,,,,,,,,,,,,,,,,,,,,,,,,
		MinorityInterests,"-3,900,000","-7,300,000","1,000,000","3,400,000","-1,000,000",,,,,,,,,,,,,,,,,,,"0",,"0","0","-8,700,000","-6,900,000",,,,,,,,,,,,,,,,,,,,,,,,,,,,,,,,,,,,,,"-1,000,000","-1,100,000","-1,100,000",,"-1,100,000","-1,100,000",,"3,400,000","-1,100,000",,"-2,600,000","500,000","-7,000,000","-7,000,000","-6,900,000","-12,600,000","-5,100,000","-5,100,000","-7,000,000","-6,889,000","-7,228,000","-5,000,000","-5,041,000","-4,200,000","-5,400,000","-5,400,000","-2,700,000",,,,,,,,,,,,,,,,,,,,,,,,,,,,,,,,,,,,,,,,,,,,,,,,,,,,,,
	PreferredStockDividends,"55,100,000","13,700,000","13,800,000","13,800,000","13,800,000","13,700,000","13,800,000","13,800,000","13,800,000","13,700,000","13,800,000","13,800,000","13,800,000","8,100,000","5,600,000","1,300,000",,,,,,,,,,,,,,,,,,,,,,,,,,,,,,,,,,,,,,,,,,,,,,,,,"1,000,000",,,,,,,,,,,,,,,,,,,,,,,,,,,,,,,,,,,,,"0","0",,"100,000","800,000","800,000","800,000","800,000","800,000","800,000","800,000","800,000",,,,,,,,,,,,,,,,,,,,,,,,,,,,,,,,,,
	OtherunderPreferredStockDividend,,,,,,,,,,,,,,,,,,,,,,,,,,,,,,,,,,,,,,,,,,,,,,,,,,,,,,,,,,,,,,,,,,,,,,,,,,,,,,,,,,,,,,,,,,,,,,,,,,,,,,,,,,,,,,,,,,"800,000","800,000","800,000","800,000","800,000","800,000","800,000","800,000","800,000","800,000","800,000","800,000","3,300,000","3,200,000","3,200,000","3,200,000","3,100,000","3,400,000","3,500,000",,,,,,,,,,,,,,,
AverageDilutionEarnings,,,"600,000","400,000",,,,,,,,,,,,,,,,,,,,,,,,,,,,,,,,,,,,,,,,,,,,,,,,,,,,,,,,,,,,,,,,,,,,,,,,,,,,,,,,,,,,,,,,,,,,,,,,,,,,,,,,,,,,,,,,,,,,,,,,,,,,,,,,,,,,,,,,,,,,,,,
DilutedNIAvailtoComStockholders,"529,800,000","151,200,000","50,000,000","46,900,000","281,700,000","70,700,000","-186,700,000","-18,500,000","61,800,000","-153,000,000","-7,200,000","283,100,000","205,100,000","-19,800,000","-345,100,000","23,200,000","276,100,000","-52,400,000","14,000,000","-44,400,000","211,300,000","88,800,000","27,200,000","28,600,000","179,700,000","59,400,000","-4,900,000","-36,400,000","268,400,000","154,200,000","31,400,000","78,200,000","266,200,000","151,800,000","48,100,000","71,700,000","260,500,000","134,000,000","19,300,000","69,400,000","193,400,000","20,300,000","34,700,000","38,900,000","205,200,000","33,400,000","33,200,000","28,100,000","197,300,000","89,500,000","-15,400,000","-4,800,000","148,400,000","-489,600,000","20,000,000","-202,300,000","99,300,000","67,000,000","11,000,000","26,700,000","216,700,000","62,500,000","25,800,000","21,000,000","172,900,000","68,000,000","-6,800,000","39,000,000","206,300,000","159,400,000","28,800,000","34,600,000","213,500,000","140,300,000","15,400,000","-324,900,000","254,900,000","82,100,000","23,200,000","25,000,000","242,200,000","55,500,000","-20,100,000","-8,000,000","188,800,000","1,871,000","52,000,000","23,413,000","79,616,000","32,900,000","28,000,000","22,900,000","76,600,000","60,600,000","43,100,000","29,400,000","60,700,000","55,900,000","35,900,000","28,200,000","70,800,000","51,400,000","34,400,000","23,400,000","67,400,000","51,100,000","35,600,000","26,100,000","59,500,000","48,200,000","27,700,000","20,700,000","64,200,000","47,800,000","26,500,000","20,900,000","57,800,000","48,200,000","20,000,000","17,800,000","47,400,000","40,900,000","24,500,000","19,500,000","45,300,000","27,400,000","24,700,000","17,900,000","42,500,000","37,800,000","19,900,000","17,800,000",,,,,,,,,,,,,,,
BasicEPS,,,"0.13","0.12","0.72",,"-0.49","-0.05","0.16",,"-0.02","0.76","0.55",,"-0.95","0.07","0.82",,"0.04","-0.14","0.65",,"0.08","0.09","0.56","0.19","-0.02","-0.11","0.85",,"0.1","0.25","0.85",,"0.16","0.23","0.84",,"0.06","0.25","0.68",,"0.12","0.14","0.73",,"0.12","0.1","0.71",,"-0.05","-0.02","0.54",,"0.08","-0.74","0.36",,"0.04","0.1","0.79",,"0.1","0.08","0.63",,"-0.03","0.15","0.76",,"0.11","0.13","0.81",,"0.06","-1.24","1",,"0.11","0.12","1.18",,"-0.1","-0.04","0.92",,"0.43","0.19","0.64",,"0.22","0.18","0.62",,"0.36","0.24","0.49",,"0.29","0.22","0.59",,"0.28","0.19","0.54",,"0.28","0.21","0.46",,"0.22","0.16","0.49",,"0.2","0.16","0.44",,"0.15","0.13","0.35",,"0.19","0.15","0.33",,"0.18","0.13","0.31",,"0.14","0.12","0.33",,"0.15","0.09","0.22",,"0.05","0.05","0.11",,"-0.59","0.07","0.19",,"0.11"
DilutedEPS,,,"0.12","0.11","0.72",,"-0.49","-0.05","0.16",,"-0.02","0.75","0.55",,"-0.95","0.07","0.81",,"0.04","-0.14","0.65",,"0.08","0.09","0.56","0.19","-0.02","-0.11","0.85",,"0.1","0.25","0.85",,"0.16","0.23","0.83",,"0.06","0.23","0.66",,"0.12","0.14","0.72",,"0.12","0.1","0.71",,"-0.05","-0.02","0.54",,"0.07","-0.74","0.36",,"0.04","0.1","0.79",,"0.1","0.08","0.63",,"-0.03","0.14","0.76",,"0.11","0.13","0.81",,"0.06","-1.24","0.99",,"0.11","0.12","1.16",,"-0.1","-0.04","0.9",,"0.42","0.18","0.62",,"0.22","0.18","0.62",,"0.35","0.24","0.48",,"0.29","0.22","0.59",,"0.28","0.19","0.54",,"0.28","0.21","0.46",,"0.22","0.16","0.49",,"0.2","0.16","0.44",,"0.15","0.13","0.35",,"0.19","0.15","0.33",,"0.18","0.13","0.31",,"0.14","0.12","0.33",,"0.15","0.09","0.22",,"0.05","0.05","0.11",,"-0.59","0.07","0.19",,"0.11"
BasicAverageShares,,,"393,200,000","393,000,000","392,700,000",,"383,800,000","383,500,000","383,100,000",,"374,100,000","373,900,000","373,400,000",,"363,900,000","354,200,000","338,000,000",,"331,100,000","325,100,000","323,700,000",,"322,300,000","321,700,000","320,300,000","318,800,000","318,100,000","317,500,000","316,600,000",,"315,400,000","315,000,000","314,200,000",,"312,800,000","312,200,000","311,100,000",,"290,300,000","284,400,000","282,900,000",,"280,800,000","280,200,000","279,300,000",,"278,100,000","277,600,000","276,900,000",,"275,400,000","274,700,000","274,200,000",,"274,000,000","274,000,000","273,900,000",,"273,900,000","273,800,000","273,600,000",,"272,500,000","272,400,000","272,300,000",,"271,700,000","271,200,000","270,300,000",,"262,700,000","262,500,000","262,300,000",,"261,400,000","261,300,000","253,800,000",,"205,700,000","205,600,000","205,500,000",,"205,400,000","205,300,000","205,000,000",,"120,559,039","120,570,000","124,304,000",,"127,272,727","127,222,222","123,548,387",,"119,722,222","122,500,000","123,877,551",,"123,793,103","128,181,818","120,000,000",,"122,857,143","123,157,895","124,814,815",,"127,142,857","124,285,714","129,347,826",,"125,909,091","129,375,000","131,020,408",,"132,500,000","130,625,000","131,363,636",,"133,333,333","136,923,077","135,428,571",,"128,947,368","130,000,000","137,272,727",,"137,222,222","137,692,308","137,096,774",,"142,142,857","148,333,333","146,620,000",,"146,564,000","146,564,000","146,486,000",,"146,418,000","146,418,000","146,418,000",,"146,258,000","146,090,000","146,090,000",,"142,100,000"
DilutedAverageShares,,,"430,300,000","422,900,000","393,900,000",,"383,800,000","383,500,000","384,100,000",,"374,100,000","375,200,000","374,700,000",,"363,900,000","355,200,000","339,000,000",,"332,400,000","325,100,000","325,300,000",,"323,900,000","322,900,000","322,000,000","321,100,000","321,500,000","317,500,000","317,400,000",,"316,600,000","316,100,000","315,100,000",,"313,800,000","313,200,000","312,100,000",,"300,000,000","295,800,000","293,100,000",,"289,000,000","287,100,000","285,000,000",,"279,900,000","278,400,000","277,500,000",,"275,400,000","274,700,000","276,700,000",,"275,500,000","275,400,000","275,400,000",,"274,700,000","274,900,000","274,800,000",,"273,300,000","273,200,000","273,100,000",,"273,700,000","273,100,000","272,100,000",,"264,600,000","264,500,000","264,300,000",,"263,400,000","263,100,000","256,200,000",,"208,100,000","208,200,000","208,200,000",,"205,400,000","205,300,000","209,400,000",,"120,559,039","120,570,000","124,304,000",,"127,272,727","127,222,222","123,548,387",,"123,142,857","122,500,000","126,458,333",,"123,793,103","128,181,818","120,000,000",,"122,857,143","123,157,895","124,814,815",,"127,142,857","124,285,714","129,347,826",,"125,909,091","129,375,000","131,020,408",,"132,500,000","130,625,000","131,363,636",,"133,333,333","136,923,077","135,428,571",,"128,947,368","130,000,000","137,272,727",,"137,222,222","137,692,308","137,096,774",,"142,142,857","148,333,333","146,620,000",,"146,564,000","146,564,000","146,486,000",,"146,418,000","146,418,000","146,418,000",,"146,258,000","146,090,000","146,090,000",,"142,100,000"
TotalOperatingIncomeAsReported,"1,006,900,000","284,400,000","147,100,000","142,200,000","433,200,000","218,100,000","92,800,000","91,700,000","148,200,000","-38,000,000","91,000,000","463,500,000","374,200,000","-78,400,000","-315,900,000","118,400,000","400,600,000","270,000,000","99,600,000","124,500,000","416,500,000","224,900,000","113,700,000","138,200,000","381,400,000","219,500,000","109,700,000","165,100,000","530,100,000","351,300,000","157,800,000","219,600,000","533,700,000","344,100,000","176,400,000","193,500,000","428,100,000","297,500,000","137,200,000","208,600,000","399,400,000","195,100,000","147,500,000","163,300,000","399,200,000","255,400,000","123,300,000","139,200,000","403,200,000","249,900,000","99,600,000","103,900,000","348,300,000","293,400,000","104,500,000","115,000,000","392,800,000","198,900,000","110,300,000","139,600,000","433,100,000","256,700,000","136,400,000","130,900,000","368,500,000","324,700,000","93,200,000","119,400,000","437,200,000","340,100,000","127,700,000","157,800,000","443,300,000","294,400,000","148,900,000","176,000,000","482,700,000","339,800,000","178,400,000","162,300,000","495,000,000","242,200,000","146,400,000","148,000,000","472,200,000","192,225,000","107,320,000","89,347,000","178,908,000","122,500,000","101,500,000","81,600,000","155,900,000","127,500,000","95,800,000","77,900,000","116,100,000","119,400,000","85,700,000","73,300,000","127,800,000","118,500,000","73,800,000","65,400,000","135,300,000","108,100,000","87,400,000","71,000,000","122,700,000","92,700,000","71,200,000","62,100,000","128,900,000",,,,,,,,,,,,,,,,,,,,,,,,,,,,,,,,,,
TotalExpenses,"3,885,000,000","1,123,400,000","813,400,000","843,900,000","1,104,300,000","982,100,000","773,800,000","787,200,000","1,177,200,000","1,020,600,000","840,700,000","547,000,000","1,495,400,000","1,539,300,000","1,210,200,000","888,600,000","1,350,500,000","1,092,700,000","817,400,000","866,300,000","1,182,100,000","1,072,700,000","747,700,000","759,600,000","1,055,300,000","877,900,000","706,400,000","1,026,100,000","1,640,000,000","1,365,700,000","981,000,000","1,127,300,000","1,812,300,000","1,270,300,000","920,700,000","1,027,000,000","1,373,500,000","1,090,800,000","845,000,000","850,100,000","1,268,600,000","1,284,900,000","924,300,000","1,067,300,000","1,835,300,000","1,501,600,000","1,017,200,000","1,032,300,000","1,962,400,000","2,041,600,000","786,600,000","902,700,000","2,380,300,000","2,092,100,000","1,304,600,000","1,677,100,000","2,896,900,000","2,029,100,000","1,130,700,000","1,437,500,000","2,460,600,000","1,792,500,000","1,020,100,000","1,181,000,000","2,604,300,000","2,373,900,000","1,070,600,000","1,235,800,000","2,244,300,000","1,628,100,000","852,100,000","1,087,200,000","2,029,900,000","1,388,200,000","749,400,000","967,200,000","2,096,600,000","1,504,400,000","887,700,000","1,213,300,000","1,711,400,000","1,787,200,000","1,610,000,000","1,726,800,000","3,325,900,000","2,842,409,000","898,226,000","833,624,000","888,641,000","761,800,000","586,500,000","599,000,000","735,600,000","625,800,000","652,000,000","574,500,000","663,200,000","687,600,000","510,700,000","450,100,000","451,400,000","405,900,000","282,500,000","299,500,000","440,700,000","360,900,000","282,900,000","289,500,000","399,800,000","335,600,000","263,400,000","285,900,000","436,700,000",,,,,,,,,,,,,,,,,,,,,,,,,,,,,,,,,,
NetIncomeFromContinuingAndDiscontinuedOperation,"584,900,000","165,900,000","63,200,000","60,300,000","295,500,000","84,400,000","-172,900,000","-4,700,000","75,600,000","-139,300,000","6,600,000","296,900,000","218,900,000","-11,700,000","-339,500,000","24,500,000","276,100,000","-52,400,000","14,000,000","-44,400,000","211,300,000","88,800,000","27,200,000","28,600,000","179,700,000","59,400,000","-4,900,000","-36,400,000","268,400,000","154,200,000","31,400,000","78,200,000","266,200,000","151,800,000","48,100,000","71,700,000","260,500,000","134,000,000","19,300,000","69,400,000","193,400,000","20,300,000","34,700,000","38,900,000","205,200,000","33,400,000","33,200,000","28,100,000","197,300,000","89,500,000","-15,400,000","-4,800,000","148,400,000","-489,600,000","20,000,000","-202,300,000","99,300,000","67,000,000","11,000,000","26,700,000","216,700,000","62,500,000","25,800,000","21,000,000","173,500,000","68,300,000","-6,800,000","39,000,000","206,500,000","159,400,000","28,800,000","34,600,000","213,500,000","140,300,000","15,400,000","-324,900,000","263,700,000","82,100,000","23,200,000","25,000,000","242,200,000","55,500,000","-20,100,000","-8,000,000","184,800,000","1,871,000","52,000,000","23,413,000","79,616,000","32,900,000","28,000,000","22,900,000","76,600,000","60,600,000","43,100,000","29,400,000","60,700,000","55,900,000","35,900,000","28,200,000","70,800,000","51,400,000","34,400,000","23,400,000","67,500,000","51,900,000","36,400,000","26,900,000","60,300,000","49,000,000","28,500,000","21,500,000","65,000,000","48,600,000","27,300,000","21,700,000","58,600,000","49,000,000","20,800,000","18,600,000","48,200,000","41,700,000","25,300,000","20,300,000","46,100,000","30,700,000","27,900,000","21,100,000","45,700,000","40,900,000","23,300,000","21,300,000",,,,,,,,,,,,,,,
NormalizedIncome,"589,981,300","172,468,463.074","59,483,200","57,458,000","300,951,600","334,138,174.274","-164,800","-6,160,000","74,286,000","163,504,000","5,140,000","294,809,600","217,718,000","-7,612,000","-308,376,400","31,526,200","275,855,500","-44,660,000","14,000,000","25,325,000","211,300,000","83,926,443.336","23,626,400","28,575,400","179,638,400","60,620,000","15,589,800","20,845,400","265,170,000","146,343,702.451","29,615,000","78,034,500","256,650,300","136,252,439.542","43,228,000","71,962,400","215,270,800","130,131,473.684","18,158,730.159","67,698,243.993","192,259,615.385","87,128,888.889","35,484,269.663","39,110,000","203,097,153.822","102,374,350.087","32,750,000","26,322,580.645","195,693,845.653","108,288,636.364","-8,335,000","-7,920,000","158,679,672.897","125,502,051.282","16,870,000","19,003,278.689","189,085,903.814","75,693,304.536","6,896,296.296","26,122,767.857","209,915,816.327","106,757,554.462","26,425,888.325","23,163,323.782","174,981,656.146","169,971,830.986","-7,780,000","5,740,000","208,700,000","153,032,292.523","20,280,141.844","35,115,505.226","215,550,716.165","121,799,230.399","21,959,016.393","36,540,000","222,703,876.152","142,922,084.367","19,540,106.952","18,780,000","225,695,257.839","44,900,000","-13,340,000","-9,240,000","181,495,595.432","2,727,600","19,555,600","21,794,797.83","77,569,712.69","47,950,661.626","34,631,578.947","22,370,520.231","72,123,786.008","60,468,546.638","41,165,170.279","29,990,625","55,217,419.355","55,645,039.909","33,788,235.294","25,766,814.159","64,764,802.933","53,200,000","30,001,526.718","22,500,000","67,190,366.972","53,210,606.061","37,120,000","26,960,000","60,792,747.702","45,632,075.472","27,900,000","22,640,000","65,695,525.292","48,600,000","27,300,000","21,700,000","58,600,000","49,000,000","20,800,000","18,600,000","48,200,000","41,700,000","25,300,000","20,300,000","46,100,000","30,700,000","27,900,000","21,100,000","45,700,000","40,900,000","23,300,000","21,300,000",,,,,,,,,,,,,,,
InterestIncome,"4,000,000","1,300,000","1,100,000","700,000","900,000","1,100,000","1,300,000","1,400,000","1,700,000","2,300,000","2,100,000","1,200,000","2,100,000","2,400,000","1,400,000","1,100,000",,,,,,,,,,,,,,,,,,,,,,,,,,,,,,,,,,,,,,,,,,,,,,,,,,,,,,,,,,,,,,,,,,,,,,,,,,,,,,,,,,,,,,,,,,,,,,,,,,,,,,,,,,,,,,,,,,,,,,,,,,,,,,,,,,,
InterestExpense,"332,400,000","78,900,000","84,400,000","84,500,000","84,600,000","76,800,000","95,200,000","97,000,000","92,900,000","85,400,000","95,900,000","94,100,000","95,600,000","99,700,000","83,400,000","88,700,000","93,100,000","102,700,000","87,900,000","87,700,000","85,200,000","94,400,000","85,000,000","86,000,000","90,500,000","88,400,000","94,900,000","117,100,000","111,000,000","102,400,000","109,600,000","109,100,000","109,100,000","94,100,000","103,700,000","102,000,000","98,600,000",,,,,,,,,"97,800,000","97,600,000","98,400,000","98,700,000","98,600,000","104,800,000","105,300,000","90,500,000",,"100,200,000",,,,,"98,100,000",,"102,500,000",,,,"112,400,000",,"101,700,000",,,,,"102,700,000","117,700,000","113,600,000",,,,,"123,700,000",,,,,,"158,196,000",,,,,,,,,"34,000,000",,,,,,,,"28,400,000",,,,,,,,,,,,,,,,,,,,,,,,,,,,,,,,,,,,,,,,,,,,
NetInterestIncome,"-337,100,000","-86,300,000","-83,300,000","-83,800,000","-83,700,000","-84,500,000","-93,900,000","-95,600,000","-91,200,000","-91,000,000","-93,800,000","-92,900,000","-93,500,000","-85,700,000","-82,000,000","-87,600,000","-93,100,000","-87,800,000","-87,900,000","-87,700,000","-85,200,000","-84,600,000","-85,000,000","-86,000,000","-90,500,000","-93,500,000","-94,900,000","-117,100,000","-111,000,000","-115,800,000","-109,600,000","-109,100,000","-109,100,000","-106,900,000","-103,700,000","-102,000,000","-98,600,000","-103,900,000","-107,900,000","-103,200,000","-103,300,000","-92,500,000","-95,700,000","-94,400,000","-89,800,000","-91,200,000","-97,600,000","-98,400,000","-98,700,000","-91,800,000","-104,800,000","-105,300,000","-90,500,000",,"-100,200,000",,,,,"-98,100,000",,"-93,700,000",,,,"-112,400,000",,"-101,700,000",,,,,"-102,700,000","-117,700,000","-113,600,000",,,,,"-123,700,000",,,,,,"-158,196,000",,,,,,,,,"-34,000,000",,,,,,,,"-28,400,000",,,,,,,,,,,,,,,,,,,,,,,,,,,,,,,,,,,,,,,,,,,,
EBIT,"1,039,000,000","279,300,000","161,400,000","154,600,000","443,700,000","221,400,000","-142,600,000","98,200,000","153,600,000","-51,400,000","92,300,000","463,200,000","373,500,000","-65,700,000","-350,600,000","118,700,000","431,900,000","267,700,000","104,400,000","16,800,000","417,700,000","234,700,000","117,200,000","132,100,000","382,100,000","219,400,000","115,500,000","74,400,000","537,200,000","339,000,000","167,000,000","227,100,000","538,200,000","329,800,000","181,100,000","206,800,000","432,200,000","306,700,000","128,500,000","198,600,000","390,100,000","141,200,000","144,400,000","161,000,000","396,900,000","155,500,000","125,400,000","141,800,000","405,800,000","243,800,000","101,900,000","102,700,000","347,300,000","293,400,000","104,500,000","115,000,000","392,800,000","198,900,000","110,300,000","139,600,000","433,100,000","256,700,000","136,400,000","130,900,000","368,500,000","324,700,000","93,200,000","119,400,000","437,200,000","340,100,000","127,700,000","157,800,000","443,300,000","294,400,000","148,900,000","176,000,000","482,700,000","339,800,000","178,400,000","162,300,000","495,000,000","242,200,000","146,400,000","148,000,000","472,200,000","192,225,000","107,320,000","89,347,000","178,908,000","122,500,000","101,500,000","81,600,000","155,900,000","127,500,000","95,800,000","77,900,000","116,100,000","119,400,000","85,700,000","73,300,000","127,800,000","118,500,000","73,800,000","65,400,000","135,300,000","108,100,000","87,400,000","71,000,000","122,700,000","92,700,000","71,200,000","62,100,000","128,900,000","464,900,000","342,500,000","348,800,000","521,600,000","462,600,000","316,500,000","329,300,000","474,000,000","429,000,000","323,400,000","320,400,000","462,300,000","423,700,000","317,800,000","325,900,000","453,600,000","451,700,000","318,500,000","322,800,000","466,700,000","425,500,000","318,000,000","315,400,000","465,300,000","392,600,000","324,600,000","313,400,000","421,000,000","399,000,000","321,800,000","365,800,000","539,500,000","522,800,000","391,000,000"
EBITDA,"1,787,400,000"
ReconciledCostOfRevenue,"2,848,300,000","859,500,000","559,400,000","591,100,000","838,300,000","723,700,000","523,000,000","541,500,000","907,000,000","763,500,000","590,600,000","302,700,000","1,232,700,000","1,306,000,000","1,002,800,000","678,500,000","1,126,900,000","883,400,000","616,900,000","667,900,000","962,800,000","865,400,000","554,800,000","572,500,000","851,200,000","685,600,000","586,600,000","779,600,000","1,380,100,000","1,133,200,000","760,000,000","904,800,000","1,562,500,000","1,045,500,000","711,900,000","812,800,000","1,143,100,000","2,099,200,000","233,700,000","241,100,000","630,300,000","599,900,000","323,100,000","462,500,000","1,170,900,000","828,700,000","420,000,000","439,100,000","1,286,300,000","1,377,600,000","227,800,000","338,300,000","1,654,800,000",,,,,,,,,,,,,,,,,,,,,,,,,,,,,,,,,,"598,225,000","529,701,000","584,638,000","573,700,000","308,300,000","309,100,000","460,000,000","219,500,000","295,400,000","222,000,000","284,400,000","229,900,000","132,000,000","127,100,000","282,200,000","246,800,000","120,500,000","134,900,000","268,400,000","195,000,000","120,900,000","132,100,000","237,000,000","178,700,000","108,200,000","125,700,000","270,600,000",,,,,,,,,,,,,,,,,,,,,,,,,,,,,,,,,,
ReconciledDepreciation,"748,400,000","188,200,000","188,900,000","186,300,000","185,000,000","183,500,000","180,600,000","177,500,000","184,300,000","182,200,000","182,200,000","177,900,000","175,100,000","161,800,000","148,500,000","144,600,000","144,700,000","141,800,000","143,000,000","142,200,000","143,300,000","141,100,000","136,300,000","136,900,000","132,800,000","133,400,000","66,100,000","167,400,000","157,500,000","154,700,000","153,000,000","149,100,000","148,700,000","145,900,000","144,500,000","143,300,000","143,600,000","141,800,000","126,000,000","148,000,000","146,100,000","129,900,000","134,900,000","134,500,000","138,900,000","141,800,000","153,100,000","151,600,000","149,800,000","148,900,000","148,200,000","148,100,000","143,800,000","142,900,000","137,300,000","149,600,000","137,400,000","141,600,000","144,100,000","140,000,000","140,800,000","139,700,000","138,400,000","139,900,000","138,900,000","133,900,000","142,900,000","144,500,000","141,400,000","131,600,000","132,900,000","141,400,000","125,400,000","135,900,000","127,700,000","104,000,000","148,300,000","152,600,000","145,000,000","126,600,000","149,800,000","176,000,000","179,600,000","155,000,000","161,100,000","121,031,000","84,100,000","84,590,000","84,479,000",,,,,,,,,,,,,,,,,,,,,,,,,,,,,,,,,,,,,,,,,,,,,,,,,,,,,,,,,,
NetIncomeFromContinuingOperationNetMinorityInterest,"584,900,000","165,900,000","63,200,000","60,300,000","295,500,000","84,400,000","-172,900,000","-4,700,000","75,600,000","-139,300,000","6,600,000","296,900,000","218,900,000","-11,700,000","-339,500,000","24,500,000","276,100,000","-52,400,000","14,000,000","-44,300,000","211,300,000","88,800,000","23,700,000","28,700,000","179,700,000","64,400,000","14,800,000","-36,100,000","268,400,000","154,300,000","31,500,000","78,500,000","266,400,000","153,000,000","49,500,000","72,100,000","215,400,000","126,600,000","20,000,000","70,500,000","193,500,000","23,200,000","36,300,000","39,500,000","204,800,000","35,800,000","33,400,000","28,000,000","197,300,000","89,900,000","-9,700,000","-8,700,000","159,300,000","127,000,000","32,600,000","21,000,000","189,400,000","64,900,000","9,800,000","28,200,000","209,100,000","93,200,000","25,900,000","21,500,000","172,800,000","72,800,000","-5,800,000","7,900,000","208,700,000","156,900,000","21,500,000","35,300,000","216,500,000","140,600,000","23,500,000","39,300,000","266,100,000","139,800,000","23,200,000","20,700,000","242,000,000","53,900,000","-19,700,000","-6,300,000","184,200,000","-7,929,000","52,000,000","23,413,000","79,616,000","32,900,000","28,000,000","22,900,000","76,600,000","60,600,000","43,100,000","29,400,000","60,700,000","55,900,000","35,900,000","28,200,000","70,800,000","51,400,000","34,400,000","23,400,000","67,500,000","51,900,000","36,400,000","26,900,000","60,300,000","49,000,000","28,500,000","21,500,000","65,000,000","48,600,000","27,300,000","21,700,000","58,600,000","49,000,000","20,800,000","18,600,000","48,200,000","41,700,000","25,300,000","20,300,000","46,100,000","30,700,000","27,900,000","21,100,000","45,700,000","40,900,000","23,300,000","21,300,000",,,,,,,,,,,,,,,
TotalUnusualItemsExcludingGoodwill,"-6,100,000","-7,600,000","4,600,000","3,500,000","-6,600,000","-411,300,000","-237,600,000","2,000,000","1,800,000","-414,800,000","2,000,000","2,600,000","1,500,000","-5,600,000","-39,800,000","-8,600,000","300,000","-12,900,000","0","-111,400,000","0","7,700,000","100,000","200,000","100,000","6,300,000","-1,100,000","-88,700,000","5,000,000","12,200,000","2,900,000","700,000","15,700,000","25,800,000","9,800,000","200,000","200,000","-5,300,000","2,900,000","4,300,000","1,900,000","-86,800,000","1,200,000","600,000","2,600,000","-107,300,000","1,000,000","2,600,000","2,500,000","-29,700,000","-2,100,000","-1,200,000","1,000,000","2,300,000","24,200,000","2,900,000","500,000","-15,400,000","4,000,000","3,300,000","-1,300,000","-20,700,000","-800,000","-2,700,000","-3,400,000","-123,200,000","3,300,000","3,600,000",,"6,000,000","1,600,000","300,000","1,500,000","27,800,000","2,400,000","4,600,000","69,000,000","-4,500,000","5,900,000","3,200,000","26,000,000","15,000,000","-10,600,000","4,900,000","4,500,000","-17,761,000","54,074,000","2,510,000","3,277,000","-24,200,000","-9,900,000","800,000","7,100,000","200,000","2,900,000","-900,000","8,400,000","400,000","3,300,000","3,900,000","9,300,000","-3,000,000","6,700,000","1,500,000","500,000","-2,000,000","-1,200,000","-100,000","-800,000","5,100,000","1,000,000","-1,900,000","-1,100,000",,,,,,,,,,,,,,,,,,,,,,,,,,,,,,,,,,
TotalUnusualItems,"-6,100,000","-7,600,000","4,600,000","3,500,000","-6,600,000","-411,300,000","-237,600,000","2,000,000","1,800,000","-414,800,000","2,000,000","2,600,000","1,500,000","-5,600,000","-39,800,000","-8,600,000","300,000","-12,900,000","0","-111,400,000","0","7,700,000","100,000","200,000","100,000","6,300,000","-1,100,000","-88,700,000","5,000,000","12,200,000","2,900,000","700,000","15,700,000","25,800,000","9,800,000","200,000","200,000","-5,300,000","2,900,000","4,300,000","1,900,000","-86,800,000","1,200,000","600,000","2,600,000","-107,300,000","1,000,000","2,600,000","2,500,000","-29,700,000","-2,100,000","-1,200,000","1,000,000","2,300,000","24,200,000","2,900,000","500,000","-15,400,000","4,000,000","3,300,000","-1,300,000","-20,700,000","-800,000","-2,700,000","-3,400,000","-123,200,000","3,300,000","3,600,000",,"6,000,000","1,600,000","300,000","1,500,000","27,800,000","2,400,000","4,600,000","69,000,000","-4,500,000","5,900,000","3,200,000","26,000,000","15,000,000","-10,600,000","4,900,000","4,500,000","-17,761,000","54,074,000","2,510,000","3,277,000","-24,200,000","-9,900,000","800,000","7,100,000","200,000","2,900,000","-900,000","8,400,000","400,000","3,300,000","3,900,000","9,300,000","-3,000,000","6,700,000","1,500,000","500,000","-2,000,000","-1,200,000","-100,000","-800,000","5,100,000","1,000,000","-1,900,000","-1,100,000",,,,,,,,,,,,,,,,,,,,,,,,,,,,,,,,,,
NormalizedEBITDA,"1,793,500,000","475,100,000","345,700,000","337,400,000","635,300,000","816,200,000","275,600,000","273,700,000","336,100,000","545,600,000","272,500,000","638,500,000","547,100,000","101,700,000","-162,300,000","271,900,000","576,300,000","422,400,000","247,400,000","270,400,000","561,000,000","368,100,000","253,400,000","268,800,000","514,800,000","346,500,000","249,100,000","330,500,000","689,700,000","481,500,000","317,100,000","375,500,000","671,200,000","449,900,000","315,800,000","349,900,000","575,600,000","453,800,000","251,600,000","342,300,000","534,300,000","357,900,000","278,100,000","294,900,000","533,200,000","404,600,000","277,500,000","290,800,000","553,100,000","422,400,000","252,700,000","252,100,000","490,100,000","434,000,000","221,300,000","261,700,000","529,700,000","355,900,000","250,400,000","276,300,000","575,200,000","417,100,000","275,600,000","273,500,000","510,800,000","585,500,000","232,800,000","260,300,000","578,600,000","465,700,000","259,000,000","298,900,000","567,200,000","402,500,000","274,200,000","296,300,000","562,000,000","496,900,000","317,600,000","290,700,000","618,800,000","403,200,000","336,600,000","298,100,000","628,900,000","331,017,000","137,346,000","171,427,000","260,110,000","229,600,000","189,400,000","158,300,000","221,700,000","192,500,000","157,300,000","142,400,000","171,000,000","181,300,000","147,100,000","133,800,000","174,600,000","173,800,000","122,100,000","118,100,000","188,300,000","161,600,000","139,300,000","120,800,000","172,600,000","137,100,000","118,800,000","112,600,000","177,600,000","464,900,000","342,500,000","348,800,000","521,600,000","462,600,000","316,500,000","329,300,000","474,000,000","429,000,000","323,400,000","320,400,000","462,300,000","423,700,000","317,800,000","325,900,000","453,600,000","451,700,000","318,500,000","322,800,000","466,700,000","425,500,000","318,000,000","315,400,000","465,300,000","392,600,000","324,600,000","313,400,000","421,000,000","399,000,000","321,800,000","365,800,000","539,500,000","522,800,000","391,000,000"
TaxRateForCalcs,"0.167","0.136","0.192","0.188","0.174","0.393","0.273","0.27","0.27","0.27","0.27","0.196","0.212","0.27","0.218","0.183","0.185","0.4","0.152","0.375","0.365","0.367","0.264","0.377","0.384","0.4","0.282","0.358","0.354","0.348","0.35","0.335","0.379","0.351","0.36","0.312","0.354","0.334","0.365","0.348","0.347","0.263","0.32","0.35","0.345","0.38","0.35","0.355","0.358","0.381","0.35","0.35","0.38","0.349","0.35","0.311","0.372","0.299","0.274","0.371","0.372","0.345","0.343","0.384","0.358","0.211","0.4","0.4","0.372","0.355","0.238","0.385","0.367","0.324","0.358","0.4","0.371","0.306","0.38","0.4","0.373","0.4","0.4","0.4","0.399","0.4","0.4","0.355","0.376","0.378","0.33","0.338","0.37","0.343","0.333","0.344","0.347","0.363","0.36","0.376","0.351","0.4","0.344","0.4","0.381","0.345","0.4","0.4","0.384","0.34","0.4","0.4","0.368","0.4","0.4","0.4","0.4","0.4","0.4","0.4","0.4","0.4","0.4","0.4","0.4","0.4","0.4","0.4","0.4","0.4","0.4","0.4",,,,,,,,,,,,,,,
TaxEffectOfUnusualItems,"-1,018,700","-1,031,536.926","883,200","658,000","-1,148,400","-161,561,825.726","-64,864,800","540,000","486,000","-111,996,000","540,000","509,600","318,000","-1,512,000","-8,676,400","-1,573,800","55,500","-5,160,000","0","-41,775,000","0","2,826,443.336","26,400","75,400","38,400","2,520,000","-310,200","-31,754,600","1,770,000","4,243,702.451","1,015,000","234,500","5,950,300","9,052,439.542","3,528,000","62,400","70,800","-1,768,526.316","1,058,730.159","1,498,243.993","659,615.385","-22,871,111.111","384,269.663","210,000","897,153.822","-40,725,649.913","350,000","922,580.645","893,845.653","-11,311,363.636","-735,000","-420,000","379,672.897","802,051.282","8,470,000","903,278.689","185,903.814","-4,606,695.464","1,096,296.296","1,222,767.857","-484,183.673","-7,142,445.538","-274,111.675","-1,036,676.218","-1,218,343.854","-26,028,169.014","1,320,000","1,440,000","0","2,132,292.523","380,141.844","115,505.226","550,716.165","8,999,230.399","859,016.393","1,840,000","25,603,876.152","-1,377,915.633","2,240,106.952","1,280,000","9,695,257.839","6,000,000","-4,240,000","1,960,000","1,795,595.432","-7,104,400","21,629,600","891,797.83","1,230,712.69","-9,149,338.374","-3,268,421.053","270,520.231","2,623,786.008","68,546.638","965,170.279","-309,375","2,917,419.355","145,039.909","1,188,235.294","1,466,814.159","3,264,802.933","-1,200,000","2,301,526.718","600,000","190,366.972","-689,393.939","-480,000","-40,000","-307,252.298","1,732,075.472","400,000","-760,000","-404,474.708","0","0","0","0","0","0","0","0","0","0","0","0","0","0","0","0","0","0","0",,,,,,,,,,,,,,,