name,ttm,12/31/2021,09/30/2021,06/30/2021,03/31/2021,12/31/2020,09/30/2020,06/30/2020,03/31/2020,12/31/2019,09/30/2019,06/30/2019,03/31/2019,12/31/2018,09/30/2018,06/30/2018,03/31/2018,12/31/2017,09/30/2017,06/30/2017,03/31/2017,12/31/2016,09/30/2016,06/30/2016,03/31/2016,12/31/2015,09/30/2015,06/30/2015,03/31/2015,12/31/2014,09/30/2014,06/30/2014,03/31/2014,12/31/2013,09/30/2013,06/30/2013,03/31/2013,12/31/2012,09/30/2012,06/30/2012,03/31/2012,12/31/2011,09/30/2011,06/30/2011,03/31/2011,12/31/2010,09/30/2010,06/30/2010,03/31/2010,12/31/2009,09/30/2009,06/30/2009,03/31/2009,12/31/2008,09/30/2008,06/30/2008,03/31/2008,12/31/2007,09/30/2007,06/30/2007,03/31/2007,12/31/2006,09/30/2006,06/30/2006,03/31/2006,12/31/2005,09/30/2005,06/30/2005,03/31/2005,12/31/2004,09/30/2004,06/30/2004,03/31/2004,12/31/2003,09/30/2003,06/30/2003,03/31/2003,12/31/2002,09/30/2002,06/30/2002,03/31/2002,12/31/2001,09/30/2001,06/30/2001,03/31/2001,12/31/2000,09/30/2000,06/30/2000,03/31/2000,12/31/1999,09/30/1999,06/30/1999,03/31/1999,12/31/1998,09/30/1998,06/30/1998,03/31/1998,12/31/1997,09/30/1997,06/30/1997,03/31/1997,12/31/1996,09/30/1996,06/30/1996,03/31/1996,12/31/1995,09/30/1995,06/30/1995,03/31/1995,12/31/1994,09/30/1994,06/30/1994,03/31/1994,12/31/1993,09/30/1993,06/30/1993,03/31/1993,12/31/1992,09/30/1992,06/30/1992,03/31/1992,12/31/1991,09/30/1991,06/30/1991,03/31/1991,12/31/1990,09/30/1990,06/30/1990,03/31/1990,12/31/1989,09/30/1989,06/30/1989,03/31/1989,12/31/1988,09/30/1988,06/30/1988
TotalRevenue,"2,752,000,000","702,000,000","692,000,000","686,000,000","672,000,000","639,000,000","626,000,000","614,000,000","614,000,000","618,000,000","608,000,000","1,247,000,000","1,189,000,000","1,211,000,000","1,175,000,000","1,156,000,000","1,210,000,000","1,209,000,000","1,240,000,000","1,175,000,000","1,115,000,000","1,041,000,000","979,000,000","884,000,000","873,000,000","909,000,000","1,498,000,000","1,499,000,000","1,518,000,000","1,638,000,000","1,617,000,000","1,735,000,000","1,625,000,000","1,705,000,000","1,637,000,000","1,709,000,000","1,748,000,000","1,791,000,000","1,699,000,000","1,668,000,000","1,681,000,000","1,715,000,000","1,681,000,000","1,653,000,000","1,673,000,000","1,604,000,000","1,480,000,000","1,433,000,000","1,531,000,000","1,548,000,000","1,474,000,000","1,432,000,000","1,467,568,000","1,513,954,000","1,518,010,000","1,650,322,000","1,539,741,000","1,515,251,000","1,419,089,000","1,400,338,000","1,365,167,000","1,313,040,000","1,262,073,000","1,259,086,000","1,238,560,000","1,149,026,000","1,055,864,000","699,942,000","712,678,000","695,224,000","618,313,000","556,634,000","556,435,000","493,905,000","428,665,000","391,124,000","390,039,000","375,635,000","325,231,000","316,041,000","310,783,000","290,247,000","242,372,000","228,036,000","250,606,000","219,294,000","192,296,000","191,358,000","187,225,000","200,800,000","182,500,000","175,100,000","175,700,000","165,100,000","140,100,000","153,100,000","156,100,000","148,200,000","139,000,000","135,000,000","129,700,000","124,100,000","109,200,000","109,200,000","115,900,000","111,100,000","102,800,000","90,100,000","88,600,000","84,100,000","79,100,000","83,100,000","69,900,000","67,100,000","58,000,000","59,100,000","51,300,000","48,700,000","43,700,000","60,200,000","67,400,000","54,500,000","52,600,000","38,300,000","35,000,000","30,900,000","27,500,000","17,100,000","14,000,000","12,900,000","12,000,000","11,200,000","10,800,000","10,700,000","9,600,000","8,800,000"
	OperatingRevenue,"2,752,000,000","702,000,000","692,000,000","686,000,000","672,000,000","639,000,000","626,000,000","614,000,000","614,000,000","618,000,000","608,000,000","1,247,000,000","1,189,000,000","1,211,000,000","1,175,000,000","1,156,000,000","1,210,000,000","1,209,000,000","1,240,000,000","1,175,000,000","1,115,000,000","1,041,000,000","979,000,000","884,000,000","873,000,000","909,000,000","1,498,000,000","1,499,000,000","1,518,000,000","1,638,000,000","1,617,000,000","1,735,000,000","1,625,000,000","1,705,000,000","1,637,000,000","1,709,000,000","1,748,000,000","1,791,000,000","1,699,000,000","1,668,000,000","1,681,000,000","1,715,000,000","1,681,000,000","1,653,000,000","1,673,000,000","1,604,000,000","1,480,000,000","1,433,000,000","1,531,000,000","1,548,000,000","1,254,000,000","1,432,000,000","1,467,568,000","1,513,954,000","1,518,010,000","1,650,322,000","1,539,741,000","1,515,251,000","1,419,089,000","1,400,338,000","1,365,167,000","1,313,040,000","1,262,073,000","1,259,086,000","1,238,560,000","1,149,026,000","1,055,864,000","699,942,000","712,678,000","695,224,000","618,313,000","556,634,000","556,435,000","493,905,000","428,665,000","391,124,000","390,039,000","375,635,000","325,231,000","316,041,000","310,783,000","290,247,000","242,372,000","228,036,000","250,606,000","219,294,000","192,296,000","191,358,000","187,225,000","200,800,000","182,500,000","175,100,000","175,700,000","165,100,000","140,100,000","153,100,000","156,100,000","148,200,000","139,000,000","135,000,000","129,700,000","124,100,000","109,200,000","109,200,000","115,900,000","111,100,000","102,800,000","90,100,000","88,600,000","84,100,000","79,100,000","83,100,000","69,900,000","67,100,000","58,000,000","59,100,000","51,300,000","48,700,000","43,700,000","60,200,000","67,400,000","54,500,000","52,600,000","38,300,000","35,000,000","30,900,000","27,500,000","17,100,000","14,000,000","12,900,000","12,000,000","11,200,000","10,800,000","10,700,000","9,600,000","8,800,000"
CostOfRevenue,"406,000,000","105,000,000","100,000,000","102,000,000","99,000,000","87,000,000","90,000,000","86,000,000","97,000,000","103,000,000","100,000,000","272,000,000","279,000,000","266,000,000","256,000,000","249,000,000","264,000,000","249,000,000","262,000,000","257,000,000","259,000,000","235,000,000","210,000,000","149,000,000","147,000,000","150,000,000","264,000,000","254,000,000","287,000,000","279,000,000","278,000,000","309,000,000","282,000,000","283,000,000","284,000,000","300,000,000","308,000,000","299,000,000","284,000,000","284,000,000","287,000,000","271,000,000","265,000,000","259,000,000","270,000,000","264,000,000","246,000,000","265,000,000","276,000,000","258,000,000","259,000,000","312,000,000","307,039,000","298,836,000","309,070,000","311,982,000","306,379,000","299,161,000","304,526,000","310,264,000","296,095,000","314,723,000","304,235,000","300,773,000","508,675,000","183,442,000","183,970,000","105,782,000","72,237,000","121,498,000","109,219,000","100,261,000","97,558,000","87,608,000","74,810,000","67,578,000","68,225,000","65,280,000","61,159,000","55,452,000","56,029,000","52,565,000","43,895,000","42,121,000","33,296,000","23,759,000","17,558,000","17,270,000","22,360,000","24,300,000","19,800,000","22,700,000","23,300,000","16,500,000","13,800,000","13,200,000","15,000,000","15,700,000","15,500,000","14,500,000","17,700,000","15,100,000","12,600,000","14,900,000","18,100,000","4,400,000","11,100,000","10,100,000","11,100,000","9,500,000","8,600,000","12,300,000","700,000","10,200,000","8,900,000","10,000,000","5,500,000","10,500,000","10,700,000","11,000,000","15,000,000","12,500,000","13,500,000","7,400,000","6,600,000","5,200,000","4,800,000","2,600,000","1,500,000","2,000,000","1,800,000","1,800,000",,,,
GrossProfit,"2,346,000,000","597,000,000","592,000,000","584,000,000","573,000,000","552,000,000","536,000,000","528,000,000","517,000,000","515,000,000","508,000,000","975,000,000","910,000,000","945,000,000","919,000,000","907,000,000","946,000,000","960,000,000","978,000,000","918,000,000","856,000,000","806,000,000","769,000,000","735,000,000","726,000,000","759,000,000","1,234,000,000","1,245,000,000","1,231,000,000","1,359,000,000","1,339,000,000","1,426,000,000","1,343,000,000","1,422,000,000","1,353,000,000","1,409,000,000","1,440,000,000","1,492,000,000","1,415,000,000","1,384,000,000","1,394,000,000","1,444,000,000","1,416,000,000","1,394,000,000","1,403,000,000","1,340,000,000","1,234,000,000","1,168,000,000","1,255,000,000","1,290,000,000","1,215,000,000","1,120,000,000","1,160,529,000","1,215,118,000","1,208,940,000","1,338,340,000","1,233,362,000","1,216,090,000","1,114,563,000","1,090,074,000","1,069,072,000","998,317,000","957,838,000","958,313,000","729,885,000","965,584,000","871,894,000","594,160,000","640,441,000","573,726,000","509,094,000","456,373,000","458,877,000","406,297,000","353,855,000","323,546,000","321,814,000","310,355,000","264,072,000","260,589,000","254,754,000","237,682,000","198,477,000","185,915,000","217,310,000","195,535,000","174,738,000","174,088,000","164,865,000","176,500,000","162,700,000","152,400,000","152,400,000","148,600,000","126,300,000","139,900,000","141,100,000","132,500,000","123,500,000","120,500,000","112,000,000","109,000,000","96,600,000","94,300,000","97,800,000","106,700,000","91,700,000","80,000,000","77,500,000","74,600,000","70,500,000","70,800,000","69,200,000","56,900,000","49,100,000","49,100,000","45,800,000","38,200,000","33,000,000","49,200,000","52,400,000","42,000,000","39,100,000","30,900,000","28,400,000","25,700,000","22,700,000","14,500,000","12,500,000","10,900,000","10,200,000","9,400,000",,,,
OperatingExpense,"1,161,000,000","283,000,000","300,000,000","290,000,000","288,000,000","271,000,000","292,000,000","281,000,000","335,000,000","355,000,000","388,000,000","793,000,000","767,000,000","723,000,000","761,000,000","809,000,000","808,000,000","771,000,000","890,000,000","874,000,000","962,000,000","755,000,000","717,000,000","559,000,000","578,000,000","563,000,000","920,000,000","920,000,000","958,000,000","951,000,000","961,000,000","1,084,000,000","1,004,000,000","985,000,000","983,000,000","1,102,000,000","1,149,000,000","1,167,000,000","1,087,000,000","1,080,000,000","1,167,000,000","1,139,000,000","1,123,000,000","1,080,000,000","1,132,000,000","1,091,000,000","987,000,000","934,000,000","961,000,000","998,000,000","933,000,000","931,000,000","-6,135,284,000","7,942,215,000","982,725,000","1,042,399,000","903,294,000","997,011,000","1,046,096,000","936,878,000","924,250,000","842,472,000","815,302,000","810,794,000","753,621,000","745,321,000","715,317,000","347,355,000","359,725,000","344,439,000","315,061,000","285,993,000","292,381,000","251,239,000","237,231,000","229,605,000","223,184,000","209,640,000","190,159,000","176,546,000","222,327,000","215,709,000","205,228,000","205,095,000","187,670,000","149,378,000","128,315,000","128,767,000","123,644,000","133,100,000","130,600,000","121,900,000","118,100,000","116,100,000","114,400,000","140,400,000","111,300,000","106,500,000","100,800,000","98,700,000","93,700,000","94,300,000","97,000,000","91,900,000","89,400,000","119,500,000","77,100,000","66,600,000","64,700,000","62,800,000","59,600,000","59,800,000","58,300,000","69,800,000","45,400,000","47,000,000","36,200,000","44,400,000","49,900,000","40,200,000","42,300,000","33,100,000","35,600,000","25,900,000","21,900,000","20,000,000","24,500,000","11,700,000","10,200,000","8,800,000","8,100,000","7,600,000",,,,
	SellingGeneralAndAdministration,"816,000,000","202,000,000","213,000,000","201,000,000","200,000,000","182,000,000","211,000,000","198,000,000","247,000,000","263,000,000","281,000,000","501,000,000","480,000,000","462,000,000","479,000,000","519,000,000","497,000,000","494,000,000","594,000,000","582,000,000","657,000,000","508,000,000","483,000,000","375,000,000","385,000,000","376,000,000","610,000,000","617,000,000","640,000,000","657,000,000","658,000,000","747,000,000","699,000,000","705,000,000","706,000,000","770,000,000","811,000,000","847,000,000","768,000,000","759,000,000","854,000,000","824,000,000","803,000,000","770,000,000","834,000,000","801,000,000","712,000,000","665,000,000","684,000,000","727,000,000","660,000,000","648,000,000","627,170,000","664,216,000","681,821,000","755,585,000","716,384,000","710,580,000","681,567,000","654,375,000","665,181,000","572,418,000","542,917,000","543,918,000","548,567,000","494,847,000","461,053,000","241,497,000","260,975,000","256,487,000","229,464,000","212,217,000","221,404,000","188,726,000","176,879,000","168,209,000","167,974,000","158,825,000","142,150,000","130,522,000","125,965,000","125,046,000","115,256,000","116,108,000","124,267,000","98,390,000","85,072,000","86,976,000","87,505,000","93,300,000","85,900,000","82,300,000","80,300,000","81,600,000","80,900,000","79,000,000","80,600,000","77,700,000","70,300,000","70,700,000","58,000,000","66,400,000","68,100,000","62,300,000","43,600,000","66,500,000","52,800,000","43,200,000","-1,700,000","57,400,000","39,000,000","40,400,000","45,300,000","65,700,000","42,900,000","43,300,000","29,000,000","42,400,000","47,000,000","37,400,000","42,600,000","31,300,000","33,600,000","24,200,000","20,600,000","19,100,000","23,600,000","11,000,000","9,100,000","8,300,000","7,600,000","7,200,000",,,,
		GeneralAndAdministrativeExpense,"202,000,000","42,000,000","63,000,000","45,000,000","52,000,000","42,000,000","68,000,000","53,000,000","97,000,000","85,000,000","92,000,000","108,000,000","102,000,000","98,000,000","114,000,000","133,000,000","143,000,000","122,000,000","160,000,000","149,000,000","204,000,000","131,000,000","145,000,000","84,000,000","77,000,000","68,000,000","94,000,000","96,000,000","89,000,000","94,000,000","93,000,000","103,000,000","115,000,000","97,000,000","114,000,000","119,000,000","114,000,000","117,000,000","109,000,000","110,000,000","113,000,000","113,000,000","106,000,000","105,000,000","101,000,000","97,000,000","100,000,000","92,000,000","87,000,000","92,000,000","84,000,000","89,000,000",,,,,,,,,,,,,,,,,,,,,,,,,,,,,,,,,,,,,,,,,,,,,,,,,,,,,,,,,,,,,,,,,,,,,,,,,,,,,,,,,,,,
			OtherGandA,"202,000,000","42,000,000","63,000,000","45,000,000","52,000,000","42,000,000","68,000,000","53,000,000","97,000,000","85,000,000","92,000,000","108,000,000","102,000,000","98,000,000","114,000,000","133,000,000","143,000,000","122,000,000","160,000,000","149,000,000","204,000,000","131,000,000","145,000,000","84,000,000","77,000,000","68,000,000","94,000,000","96,000,000","89,000,000","94,000,000","93,000,000","103,000,000","115,000,000","97,000,000","114,000,000","119,000,000","114,000,000","117,000,000","109,000,000","110,000,000","113,000,000","113,000,000","106,000,000","105,000,000","101,000,000","97,000,000","100,000,000","92,000,000","87,000,000","92,000,000","84,000,000","89,000,000",,,,,,,,,,,,,,,,,,,,,,,,,,,,,,,,,,,,,,,,,,,,,,,,,,,,,,,,,,,,,,,,,,,,,,,,,,,,,,,,,,,,
		SellingAndMarketingExpense,"614,000,000","160,000,000","150,000,000","156,000,000","148,000,000","140,000,000","143,000,000","145,000,000","150,000,000","178,000,000","189,000,000","393,000,000","378,000,000","364,000,000","365,000,000","386,000,000","354,000,000","372,000,000","434,000,000","433,000,000","453,000,000","377,000,000","338,000,000","291,000,000","308,000,000","308,000,000","516,000,000","521,000,000","551,000,000","563,000,000","565,000,000","644,000,000","584,000,000","608,000,000","592,000,000","651,000,000","697,000,000","730,000,000","659,000,000","649,000,000","741,000,000","711,000,000","697,000,000","665,000,000","733,000,000","704,000,000","612,000,000","573,000,000","597,000,000","635,000,000","576,000,000","559,000,000",,,,,,,,,,,,,,,,,,,,,,,,,,,,,,,,,,,,,,,,,,,,,,,,,,,,,,,,,,,,,,,,,,,,,,,,,,,,,,,,,,,,
	ResearchAndDevelopment,"262,000,000","60,000,000","66,000,000","68,000,000","68,000,000","71,000,000","63,000,000","65,000,000","70,000,000","72,000,000","86,000,000","241,000,000","236,000,000","209,000,000","231,000,000","237,000,000","257,000,000","225,000,000","241,000,000","233,000,000","249,000,000","204,000,000","200,000,000","170,000,000","177,000,000","174,000,000","293,000,000","284,000,000","293,000,000","267,000,000","276,000,000","308,000,000","277,000,000","252,000,000","248,000,000","261,000,000","267,000,000","249,000,000","247,000,000","249,000,000","241,000,000","242,000,000","247,000,000","239,000,000","226,000,000","220,000,000","208,000,000","208,000,000","216,000,000","210,000,000","210,000,000","221,000,000","224,517,000","204,701,000","219,049,000","231,435,000","223,314,000","225,293,000","221,057,000","225,578,000","209,136,000","219,578,000","221,906,000","216,262,000","198,549,000","187,533,000","187,313,000","91,233,000","90,277,000","85,289,000","83,816,000","72,884,000","70,198,000","61,885,000","59,596,000","60,605,000","54,417,000","50,022,000","47,344,000","45,488,000","43,774,000","40,714,000","40,020,000","39,471,000","40,669,000","31,524,000","28,711,000","25,769,000","24,825,000","28,700,000","28,500,000","27,600,000","26,500,000","24,400,000","25,800,000","54,300,000","24,200,000","21,900,000","23,600,000","21,600,000","24,100,000","21,000,000","20,800,000","23,000,000","43,300,000","26,300,000","19,400,000","18,600,000",,,"14,600,000","14,900,000",,,,,,,,,,,,,,,,,,,,,,,,
	DepreciationAmortizationDepletionIncomeStatement,"83,000,000","21,000,000","21,000,000","21,000,000","20,000,000","18,000,000","18,000,000","18,000,000","18,000,000","20,000,000","21,000,000","51,000,000","51,000,000","52,000,000","51,000,000","53,000,000","54,000,000","52,000,000","55,000,000","59,000,000","56,000,000","43,000,000","34,000,000","14,000,000","16,000,000","13,000,000","17,000,000","19,000,000","25,000,000","27,000,000","27,000,000","29,000,000","28,000,000","28,000,000","29,000,000","71,000,000","71,000,000","71,000,000","72,000,000","72,000,000","72,000,000","73,000,000","73,000,000","71,000,000","72,000,000","70,000,000","67,000,000","61,000,000","61,000,000","61,000,000","63,000,000","62,000,000","61,784,000","60,647,000","55,651,000","55,379,000","56,284,000","54,996,000","56,926,000","56,925,000","49,933,000","50,476,000","50,479,000","50,614,000","-203,677,000","145,792,000","191,170,000","15,537,000","53,498,000","2,663,000","1,781,000","892,000","779,000","628,000","756,000","791,000","793,000","793,000","665,000","536,000","49,533,000","49,949,000","49,952,000","49,516,000","54,711,000","19,464,000","14,532,000","16,022,000","11,314,000","11,100,000","16,200,000","12,000,000","11,300,000","10,100,000","7,700,000","7,100,000","6,500,000","6,900,000","6,900,000","6,400,000","11,600,000","6,900,000","8,100,000","6,600,000","2,500,000","26,700,000","4,900,000","4,800,000","3,600,000","5,400,000","6,000,000","4,500,000","13,000,000","4,100,000","2,500,000","3,700,000","7,200,000","2,000,000","2,900,000","2,800,000","-300,000","1,800,000","2,000,000","1,700,000","1,300,000","900,000","900,000","700,000","1,100,000","500,000","500,000","400,000",,,,
		DepreciationAndAmortizationInIncomeStatement,"83,000,000","21,000,000","21,000,000","21,000,000","20,000,000","18,000,000","18,000,000","18,000,000","18,000,000","20,000,000","21,000,000","51,000,000","51,000,000","52,000,000","51,000,000","53,000,000","54,000,000","52,000,000","55,000,000","59,000,000","56,000,000","43,000,000","34,000,000","14,000,000","16,000,000","13,000,000","17,000,000","19,000,000","25,000,000","27,000,000","27,000,000","29,000,000","28,000,000","28,000,000","29,000,000","71,000,000","71,000,000","71,000,000","72,000,000","72,000,000","72,000,000","73,000,000","73,000,000","71,000,000","72,000,000","70,000,000","67,000,000","61,000,000","61,000,000","61,000,000","63,000,000","62,000,000","61,784,000","60,647,000","55,651,000","55,379,000","56,284,000","54,996,000","56,926,000","56,925,000","49,933,000","50,476,000","50,479,000","50,614,000","-203,677,000","145,792,000","191,170,000","15,537,000","53,498,000","2,663,000","1,781,000","892,000","779,000","628,000","756,000","791,000","793,000","793,000","665,000","536,000","49,533,000","49,949,000","49,952,000","49,516,000","54,711,000","19,464,000","14,532,000","16,022,000","11,314,000","11,100,000","16,200,000","12,000,000","11,300,000","10,100,000","7,700,000","7,100,000","6,500,000","6,900,000","6,900,000","6,400,000","11,600,000","6,900,000","8,100,000","6,600,000","2,500,000","26,700,000","4,900,000","4,800,000","3,600,000","5,400,000","6,000,000","4,500,000","13,000,000","4,100,000","2,500,000","3,700,000","7,200,000","2,000,000","2,900,000","2,800,000","-300,000","1,800,000","2,000,000","1,700,000","1,300,000","900,000","900,000","700,000","1,100,000","500,000","500,000","400,000",,,,
			Amortization,"83,000,000","21,000,000","21,000,000","21,000,000","20,000,000","18,000,000","18,000,000","18,000,000","18,000,000","20,000,000","21,000,000","51,000,000","51,000,000","52,000,000","51,000,000","53,000,000","54,000,000","52,000,000","55,000,000","59,000,000","56,000,000","43,000,000","34,000,000","14,000,000","16,000,000","13,000,000","17,000,000","19,000,000","25,000,000","27,000,000","27,000,000","29,000,000","28,000,000","28,000,000","29,000,000","71,000,000","71,000,000","71,000,000","72,000,000","72,000,000","72,000,000","73,000,000","73,000,000","71,000,000","72,000,000","70,000,000","67,000,000","61,000,000","61,000,000","61,000,000","63,000,000","62,000,000","61,784,000","60,647,000","55,651,000","55,379,000","56,284,000","54,996,000","56,926,000","56,925,000","49,933,000","50,476,000","50,479,000","50,614,000","-203,677,000","145,792,000","191,170,000","15,537,000","53,498,000","2,663,000","1,781,000","892,000","779,000","628,000","756,000","791,000","793,000","793,000","665,000","536,000","49,533,000","49,949,000","49,952,000","49,516,000",,,,,,,,,,,,,,,,,,,,,,,,,,,,,,,,,,,,,,,,,,,,,,,,,,,,
				AmortizationOfIntangiblesIncomeStatement,"83,000,000","21,000,000","21,000,000","21,000,000","20,000,000","18,000,000","18,000,000","18,000,000","18,000,000","20,000,000","21,000,000","51,000,000","51,000,000","52,000,000","51,000,000","53,000,000","54,000,000","52,000,000","55,000,000","59,000,000","56,000,000","43,000,000","34,000,000","14,000,000","16,000,000","13,000,000","17,000,000","19,000,000","25,000,000","27,000,000","27,000,000","29,000,000","28,000,000","28,000,000","29,000,000","71,000,000","71,000,000","71,000,000","72,000,000","72,000,000","72,000,000","73,000,000","73,000,000","71,000,000","72,000,000","70,000,000","67,000,000","61,000,000","61,000,000","61,000,000","63,000,000","62,000,000","61,784,000","60,647,000","55,651,000","55,379,000","56,284,000","54,996,000","56,926,000","56,925,000","49,933,000","50,476,000","50,479,000","50,614,000","-203,677,000","145,792,000","191,170,000","15,537,000","53,498,000","2,663,000","1,781,000","892,000","779,000","628,000","756,000","791,000","793,000","793,000","665,000","536,000","49,533,000","49,949,000","49,952,000","49,516,000",,,,,,,,,,,,,,,,,,,,,,,,,,,,,,,,,,,,,,,,,,,,,,,,,,,,
	OtherOperatingExpenses,,,,,,,,,,,,,,,,,,,,,,,,,,,,,,,,,,,,,,,,,,,,,,,,,,,,,"-7,048,755,000","7,012,651,000","26,204,000",,,"6,142,000","86,546,000",,,,,,"210,182,000","-82,851,000","-124,219,000","-912,000",,,,,"0",,,,,,,,,,,,,,,,,,,,,,,,,,,,,,,,,,,,,,,,,,,,,,,,,,,,,,,,,,,,,,,
OperatingIncome,"1,185,000,000","314,000,000","292,000,000","294,000,000","285,000,000","281,000,000","244,000,000","247,000,000","182,000,000","160,000,000","120,000,000","182,000,000","143,000,000","222,000,000","158,000,000","98,000,000","138,000,000","189,000,000","88,000,000","44,000,000","-106,000,000","51,000,000","52,000,000","176,000,000","148,000,000","196,000,000","314,000,000","325,000,000","273,000,000","408,000,000","378,000,000","342,000,000","339,000,000","437,000,000","370,000,000","307,000,000","291,000,000","325,000,000","328,000,000","304,000,000","227,000,000","305,000,000","293,000,000","314,000,000","271,000,000","249,000,000","247,000,000","234,000,000","294,000,000","292,000,000","282,000,000","189,000,000","7,295,813,000","-6,727,097,000","226,215,000","295,941,000","330,068,000","219,079,000","68,467,000","153,196,000","144,822,000","155,845,000","142,536,000","147,519,000","-23,736,000","220,263,000","156,577,000","246,805,000","280,716,000","229,287,000","194,033,000","170,380,000","166,496,000","155,058,000","116,624,000","93,941,000","98,630,000","100,715,000","73,913,000","84,043,000","32,427,000","21,973,000","-6,751,000","-19,180,000","29,640,000","46,157,000","46,423,000","45,321,000","41,221,000","43,400,000","32,100,000","30,500,000","34,300,000","32,500,000","11,900,000","-500,000","29,800,000","26,000,000","22,700,000","21,800,000","18,300,000","14,700,000","-400,000","2,400,000","8,400,000","-12,800,000","14,600,000","13,400,000","12,800,000","11,800,000","10,900,000","11,000,000","10,900,000","-12,900,000","3,700,000","2,100,000","9,600,000","-6,200,000","-16,900,000","9,000,000","10,100,000","8,900,000","3,500,000","5,000,000","6,500,000","5,700,000","-1,800,000","2,800,000","2,300,000","2,100,000","2,100,000","1,800,000","-25,100,000","10,700,000","9,600,000","8,800,000"
NetNonOperatingInterestIncomeExpense,"-129,000,000","-32,000,000","-31,000,000","-32,000,000","-34,000,000","-32,000,000","-36,000,000","-38,000,000","-26,000,000","-13,000,000","-38,000,000","-39,000,000","-38,000,000","-42,000,000","-41,000,000","-45,000,000","-49,000,000","-53,000,000","-52,000,000","-78,000,000","-67,000,000","-50,000,000","-48,000,000","-22,000,000","-15,000,000","-16,000,000","-16,000,000","-17,000,000","-16,000,000","-17,000,000","-16,000,000","-18,000,000","-16,000,000","-17,000,000","-17,000,000","-22,000,000","-34,000,000","-34,000,000","-33,000,000","-26,000,000","-25,000,000","-25,000,000","-24,000,000","-28,000,000","-34,000,000","-34,000,000","-34,000,000","-31,000,000","-31,000,000","-32,000,000","-30,000,000","-30,000,000",,,,,,,,,,,,,,,,,,,,,,,,,,,,,,,,,,,,,,,,,,,,,,,,,,,,,,,,,,,,,,,,,,,,,,,,,,,,,,,,,,,,
	InterestIncomeNonOperating,"1,000,000","0","0","0","1,000,000","0","1,000,000","2,000,000","24,000,000","38,000,000","8,000,000","10,000,000","13,000,000","11,000,000","11,000,000","7,000,000","8,000,000","5,000,000","5,000,000","6,000,000","7,000,000","5,000,000","4,000,000","5,000,000","4,000,000","1,000,000","3,000,000","3,000,000","3,000,000","3,000,000","3,000,000","3,000,000","3,000,000","3,000,000","3,000,000","3,000,000","3,000,000","4,000,000","2,000,000","3,000,000","3,000,000","2,000,000","4,000,000","4,000,000","3,000,000","3,000,000","2,000,000","2,000,000","2,000,000","1,000,000","1,000,000","2,000,000",,,,,,,,,,,,,,,,,,,,,,,,,,,,,,,,,,,,,,,,,,,,,,,,,,,,,,,,,,,,,,,,,,,,,,,,,,,,,,,,,,,,
	InterestExpenseNonOperating,"130,000,000","32,000,000","31,000,000","32,000,000","35,000,000","32,000,000","37,000,000","40,000,000","50,000,000","51,000,000","46,000,000","49,000,000","51,000,000","53,000,000","52,000,000","52,000,000","57,000,000","58,000,000","57,000,000","84,000,000","74,000,000","55,000,000","52,000,000","27,000,000","19,000,000","17,000,000","19,000,000","20,000,000","19,000,000","20,000,000","19,000,000","21,000,000","19,000,000","20,000,000","20,000,000","25,000,000","37,000,000","38,000,000","35,000,000","29,000,000","28,000,000","27,000,000","28,000,000","32,000,000","37,000,000","37,000,000","36,000,000","33,000,000","33,000,000","33,000,000","31,000,000","32,000,000",,,,,,,,,,,,,,,,,,,,,,,,,,,,,,,,,,,,,,,,,,,,,,,,,,,,,,,,,,,,,,,,,,,,,,,,,,,,,,,,,,,,
OtherIncomeExpense,"179,000,000","-21,000,000","172,000,000","-10,000,000","38,000,000","4,000,000","23,000,000","-110,000,000","101,000,000","263,000,000","-27,000,000","-35,000,000","-53,000,000","-83,000,000","-89,000,000","-122,000,000","-154,000,000","569,000,000","-105,000,000","-100,000,000","-75,000,000","-62,000,000","-54,000,000","-57,000,000","-17,000,000","-51,000,000","-109,000,000","-135,000,000","-114,000,000","-79,000,000","-29,000,000","-19,000,000","-25,000,000","-33,000,000","-102,000,000","-65,000,000","-28,000,000","-7,000,000","-22,000,000","-41,000,000","489,000,000","-7,000,000","-6,000,000","-16,000,000","-31,000,000","-38,000,000","-31,000,000","-39,000,000","-44,000,000","29,000,000","-23,000,000","-31,000,000","-415,274,000","-7,058,356,000","-55,522,000","-23,247,000","37,985,000","-31,795,000","-94,159,000","-17,734,000","-34,432,000",,"-6,220,000","-13,258,000","-6,113,000","-17,751,000","-290,705,000","-13,575,000","-4,868,000","-1,204,000","-2,051,000","-2,002,000","-150,000","4,359,000","1,829,000","-13,028,000","-4,075,000","-114,000","-1,211,000","-4,808,000","-9,404,000","-5,023,000","3,915,000","1,938,000","-20,558,000","-18,708,000","4,992,000","6,233,000","784,000","88,600,000","4,600,000","4,900,000","16,800,000","-4,500,000","-6,600,000","1,300,000","2,800,000","3,400,000","4,400,000","2,500,000","-8,100,000","1,900,000","1,800,000","1,300,000","-100,000","-23,700,000","1,800,000","1,700,000","1,700,000","1,000,000","600,000","-9,600,000","-400,000","-400,000","-300,000","-12,300,000","-12,300,000","300,000","300,000","300,000","300,000","300,000","300,000","300,000","300,000","400,000","400,000","500,000","400,000","400,000","400,000","100,000",,,,
	GainOnSaleOfSecurity,"1,000,000","1,000,000","1,000,000","1,000,000","-2,000,000","2,000,000","35,000,000","1,000,000","1,000,000","-5,000,000","1,000,000","-2,000,000","-2,000,000","-4,000,000","-3,000,000","-9,000,000",,,,,,,,,,,,,,,,,,,,,,,,,,,,,,,,,,,,,,,,,,,,,,,,,,,,,,,,,,,,,,,,,,,,,,,,,,,,,,,,,,,,,,,,,,,,,,,,,,,,,,,,,,,,,,,,,,,,,,,,
	EarningsFromEquityInterest,,,,,"0","0","0","0","0","-9,000,000","-11,000,000","-11,000,000","-17,000,000","-24,000,000","-34,000,000","-26,000,000",,,,,,,,,,,,,,,,,,,,,"0","0","0","0",,,,,,,,,,,,,,"-16,471,000","-10,746,000","-6,181,000",,,,,,,,,,,,,,,,,,,,,,,,,,,,,,,,,,,,,,,,,,,,,,,,,,,,,,,,,,,,,,,,,,,,,,,,,,,,,,,,
	SpecialIncomeCharges,"190,000,000","-12,000,000","170,000,000","-12,000,000","44,000,000","-1,000,000","21,000,000","-107,000,000","112,000,000","281,000,000","-17,000,000","-25,000,000","-36,000,000","-53,000,000","-56,000,000","-96,000,000","-137,000,000","565,000,000","-97,000,000","-88,000,000","-72,000,000","-67,000,000","-64,000,000","-70,000,000","-20,000,000","-50,000,000","-111,000,000","-124,000,000","-121,000,000","-81,000,000","-30,000,000","-20,000,000","-33,000,000","-32,000,000","-122,000,000","-83,000,000","-40,000,000","-27,000,000","-23,000,000","-35,000,000","489,000,000","-7,000,000","-6,000,000","-16,000,000","-31,000,000","-38,000,000","-31,000,000","-39,000,000","-44,000,000","29,000,000","-23,000,000","-31,000,000","-448,672,000","-7,041,885,000","-44,776,000","-17,066,000","37,985,000","-31,795,000","-94,159,000","-17,734,000","-34,432,000",,"-6,220,000","-13,258,000","-6,113,000","-17,751,000","-290,705,000","-13,575,000","-4,868,000","-1,204,000","-2,051,000","-2,002,000","-150,000","4,359,000","1,829,000","-13,028,000","-4,075,000","-114,000","-1,211,000","-4,808,000","-9,404,000","-5,023,000","3,915,000","1,938,000","-20,558,000","-18,708,000","4,992,000","6,233,000","784,000","88,600,000","4,600,000","4,900,000","16,800,000","-4,500,000","-6,600,000","1,300,000","2,800,000","3,400,000","4,400,000","2,500,000","-8,100,000","1,900,000","1,800,000","1,300,000","-100,000","-23,700,000","1,800,000","1,700,000","1,700,000","1,000,000","600,000","-9,600,000","-400,000","-400,000","-300,000","-12,300,000","-12,300,000","300,000","300,000","300,000","300,000","300,000","300,000","300,000","300,000","400,000","400,000","500,000","400,000","400,000","400,000","100,000",,,,
		RestructuringAndMergernAcquisition,"43,000,000","12,000,000","5,000,000","7,000,000","19,000,000","1,000,000","14,000,000","127,000,000","138,000,000","98,000,000","17,000,000","25,000,000","36,000,000","53,000,000","56,000,000","96,000,000","132,000,000","93,000,000","97,000,000","88,000,000","72,000,000","67,000,000","64,000,000","70,000,000","20,000,000","50,000,000","111,000,000","124,000,000","121,000,000","81,000,000","30,000,000","20,000,000","33,000,000","32,000,000","122,000,000","83,000,000","40,000,000","27,000,000","23,000,000","35,000,000","31,000,000","5,000,000","8,000,000","12,000,000","4,000,000","20,000,000","28,000,000","40,000,000","30,000,000","5,000,000","25,000,000","34,000,000","23,016,000","45,805,000","9,790,000","17,005,000","116,647,000","23,305,000","9,578,000","19,000,000","51,502,000",,"6,220,000","13,258,000","20,352,000","15,566,000","1,452,000","3,474,000","0",,"1,916,000","860,000","463,000","-126,000","2,000","568,000","6,657,000","-442,000","-1,179,000","6,053,000","9,005,000","9,377,000",,"2,046,000",,,,,,,,,,,,,,,,,,,,,,,,,,,,,,,,,,,,,,,,,,,,,,,,,,,,
		ImpairmentOfCapitalAssets,,,,,,,,,,,,,,,,,,,,,,,,,,,,,,,,,,,,,"0",,,,,,"0","19,000,000","28,000,000","0","1,000,000","0","17,000,000","10,000,000","0","3,000,000",,,,,,,,,,,,,,,,,,,,,,,,,,,,,,,,,,,,,,,,,,,,,,,,,,,,,,,,,,,,,,,,,,,,,,,,,,,,,,,,,,,,
		OtherSpecialCharges,"5,000,000",,,"5,000,000","0",,,"-20,000,000",,,,,,,,,,,,,,,,,,,,,,,,,,,,,,,"-1,000,000","6,000,000","-524,000,000","2,000,000","-2,000,000","4,000,000","-1,000,000","18,000,000","2,000,000","-1,000,000","-3,000,000","-44,000,000","-2,000,000","-6,000,000","-7,043,168,000","6,996,080,000","34,986,000","61,000","-154,632,000","8,490,000","84,581,000","-1,266,000",,,,,"-14,239,000","2,185,000","289,253,000","10,101,000","4,868,000",,"135,000","1,142,000","-313,000","-4,233,000","-1,831,000","12,460,000","-2,582,000","556,000","2,390,000","-1,245,000","399,000","-4,354,000",,"-3,984,000",,,,,,,,,,,,,,,,,,,,,,,,,,,,,,,,,,,,,,,,,,,,,,,,,,,,
		GainOnSaleOfBusiness,,,,,"0","0",,,"250,000,000","379,000,000",,,,,,,,,,,,,,,,,,,,,,,,,,,"0",,,,,,,,,,,,,,,,,,,,,,,,,,,,,,,,,,,,,,,,,,,,,,,,,,,,,,,,,,,,,,,,,,,,,,,,,,,,,,,,,,,,,,,,,,,,,,,,,,,
		GainOnSaleOfPPE,"238,000,000","0","175,000,000",,"63,000,000","0","35,000,000",,,,,,"0","0",,,"-5,000,000","658,000,000",,,,,,,,,,,,,,,,,,,,,,,,,,,,,,,,,,,,,,,,,,,,,,,,,,,,,,,,,,,,,,,,,,,,,,,,,,,,,,,,,,,,,,,,,,,,,,,,,,,,,,,,,,,,,,,,,,,,,,
	OtherNonOperatingIncomeExpenses,"-12,000,000","-10,000,000","1,000,000","1,000,000","-4,000,000","3,000,000","2,000,000","-4,000,000","263,000,000","-4,000,000","-2,000,000","3,000,000","2,000,000","-2,000,000","4,000,000","9,000,000","37,000,000","4,000,000","-8,000,000","-12,000,000","-3,000,000","5,000,000","10,000,000","13,000,000","3,000,000","-1,000,000","2,000,000","-11,000,000","7,000,000","2,000,000","1,000,000","1,000,000","8,000,000","-1,000,000","20,000,000","18,000,000","12,000,000","20,000,000","1,000,000","-6,000,000",,,,,,,,,,,,,,,,,,,,,,,,,,,,,,,,,,,,,,,,,,,,,,,,,,,,,,,,,,,,,,,,,,,,,,,,,,,,,,,,,,,,,,,,,,,,,,,,
PretaxIncome,"1,235,000,000","261,000,000","433,000,000","252,000,000","289,000,000","253,000,000","231,000,000","99,000,000","257,000,000","410,000,000","55,000,000","108,000,000","52,000,000","97,000,000","28,000,000","-69,000,000","-65,000,000","705,000,000","-69,000,000","-134,000,000","-248,000,000","-61,000,000","-50,000,000","97,000,000","116,000,000","129,000,000","189,000,000","173,000,000","143,000,000","312,000,000","333,000,000","305,000,000","298,000,000","387,000,000","251,000,000","220,000,000","229,000,000","284,000,000","273,000,000","237,000,000","664,000,000","273,000,000","263,000,000","270,000,000","206,000,000","177,000,000","182,000,000","164,000,000","219,000,000","289,000,000","229,000,000","128,000,000","-196,539,000","-6,758,166,000","213,233,000","287,294,000","283,169,000","205,946,000","73,416,000","149,992,000","123,143,000","174,433,000","178,829,000","155,217,000","198,191,000","135,343,000","-225,887,000","255,076,000","248,492,000","239,682,000","197,549,000","117,277,000","171,224,000","163,310,000","121,969,000","85,719,000","98,560,000","104,348,000","77,133,000","83,590,000","29,863,000","20,760,000","4,530,000","-9,655,000","-13,144,000","36,246,000","59,372,000","58,306,000","47,491,000","135,200,000","39,100,000","35,400,000","50,400,000","27,400,000","5,000,000","400,000","32,100,000","29,100,000","26,700,000","24,000,000","9,600,000","16,300,000","1,000,000","3,300,000","7,900,000",,"16,100,000","14,600,000","13,900,000","12,100,000","11,000,000","1,400,000","10,400,000","-13,300,000","3,500,000","-10,300,000","-2,100,000","-6,200,000","-17,000,000","9,300,000","10,300,000","9,100,000","3,700,000","5,200,000","7,000,000","6,000,000","-1,400,000","3,100,000","2,500,000","2,300,000","2,100,000","1,700,000",,,,
TaxProvision,"311,000,000","59,000,000","100,000,000","71,000,000","81,000,000","80,000,000","65,000,000","-50,000,000","108,000,000","57,000,000","20,000,000","82,000,000","22,000,000","38,000,000","36,000,000","-4,000,000","-7,000,000","-606,000,000","-53,000,000","-24,000,000","-71,000,000","-5,000,000","19,000,000","31,000,000","1,129,000,000","15,000,000","33,000,000","56,000,000","-33,000,000","90,000,000","89,000,000","69,000,000","81,000,000","104,000,000","10,000,000","63,000,000","41,000,000","72,000,000","80,000,000","65,000,000","132,000,000","32,000,000","67,000,000","67,000,000","30,000,000","35,000,000","44,000,000","-4,000,000","26,000,000","-23,000,000","67,000,000","42,000,000","33,175,000","31,620,000","62,414,000","94,421,000","96,783,000","74,056,000","23,048,000","54,786,000","50,710,000","60,711,000","55,395,000","60,426,000","79,378,000","44,609,000","25,441,000","56,443,000","128,810,000","76,105,000","61,926,000","55,128,000","54,295,000","51,834,000","38,536,000","26,938,000","30,417,000","32,616,000","25,139,000","27,021,000","25,084,000","20,660,000","16,342,000","11,563,000","14,304,000","22,372,000","20,259,000","19,909,000","15,943,000","46,200,000","13,300,000","11,700,000","13,400,000","11,200,000","2,700,000","5,700,000","8,000,000","7,300,000","6,100,000","5,500,000","1,400,000","2,400,000","100,000","300,000","0",,"3,200,000","2,900,000","3,500,000","3,000,000","3,000,000","400,000","3,200,000","-4,100,000","1,100,000","-3,200,000","-700,000","-2,100,000","-5,800,000","2,900,000","3,900,000","3,000,000","1,300,000","1,800,000","2,300,000","2,100,000","-500,000","1,000,000","500,000","500,000","500,000","500,000",,,,
EarningsFromEquityInterestNetOfTax,,,,,,,,,,,,,,,,,,,,,,,,,,,,,,,,,,,,,,,,"0","0","0","-14,000,000","-13,000,000","-10,000,000","-10,000,000","-4,000,000","-7,000,000","-2,000,000","-12,000,000",,"-13,000,000",,,,,,,,,,,,,,,,,,,,,,,,,,,,,,,,,,,,,,,,,,,,,,,,,,,,,,,,,,,,,,,,,,,,,,,,,,,,,,,,,,,,
NetIncomeCommonStockholders,"910,000,000","202,000,000","333,000,000","181,000,000","194,000,000","178,000,000","64,000,000","118,000,000","231,000,000","2,845,000,000","785,000,000","26,000,000","34,000,000","65,000,000","-8,000,000","-60,000,000","-59,000,000","1,342,000,000","-12,000,000","-133,000,000","-143,000,000","46,000,000","-144,000,000","135,000,000","2,045,000,000","170,000,000","156,000,000","117,000,000","176,000,000","222,000,000","244,000,000","236,000,000","217,000,000","283,000,000","241,000,000","157,000,000","188,000,000","212,000,000","193,000,000","172,000,000","559,000,000","240,000,000","182,000,000","191,000,000","168,000,000","132,000,000","136,000,000","161,000,000","191,000,000","300,000,000","150,000,000","73,000,000","-249,378,000","-6,806,257,000","140,073,000","186,692,000","186,386,000","131,890,000","50,368,000","95,206,000","72,433,000","113,722,000","123,434,000","94,791,000","118,813,000","90,734,000","-251,328,000","198,633,000","119,682,000","163,577,000","135,623,000","117,277,000","116,929,000","111,476,000","83,433,000","58,781,000","68,143,000","71,732,000","51,994,000","56,569,000","4,779,000","100,000","-11,812,000","-21,218,000","-27,448,000","13,874,000","39,113,000","38,397,000","31,548,000","89,000,000","25,800,000","23,700,000","37,000,000","16,200,000","2,300,000","-5,300,000","24,100,000","21,800,000","20,600,000","18,500,000","8,200,000","13,900,000","900,000","3,000,000","7,900,000","-36,900,000","12,900,000","11,700,000","10,400,000","9,100,000","8,000,000","1,000,000","7,200,000","-9,200,000","2,400,000","-7,100,000","-1,400,000","-4,100,000","-11,200,000","6,400,000","6,400,000","6,100,000","2,400,000","3,400,000","4,700,000","3,900,000","-900,000","2,100,000","2,000,000","1,800,000","1,600,000","1,200,000",,,,
	NetIncome,"910,000,000","202,000,000","333,000,000","181,000,000","194,000,000","178,000,000","64,000,000","118,000,000","231,000,000","2,845,000,000","785,000,000","26,000,000","34,000,000","65,000,000","-8,000,000","-60,000,000","-59,000,000","1,342,000,000","-12,000,000","-133,000,000","-143,000,000","46,000,000","-144,000,000","135,000,000","2,045,000,000","170,000,000","156,000,000","117,000,000","176,000,000","222,000,000","244,000,000","236,000,000","217,000,000","283,000,000","241,000,000","157,000,000","188,000,000","212,000,000","193,000,000","172,000,000","559,000,000","240,000,000","182,000,000","191,000,000","168,000,000","132,000,000","136,000,000","161,000,000","191,000,000","300,000,000","150,000,000","73,000,000","-249,378,000","-6,806,257,000","140,073,000","186,692,000","186,386,000","131,890,000","50,368,000","95,206,000","72,433,000","113,722,000","123,434,000","94,791,000","118,813,000","90,734,000","-251,328,000","198,633,000","119,682,000","163,577,000","135,623,000","117,277,000","116,929,000","111,476,000","83,433,000","58,781,000","68,143,000","71,732,000","51,994,000","56,569,000","4,779,000","100,000","-11,812,000","-21,218,000","-27,448,000","13,874,000","39,113,000","38,397,000","31,548,000","89,000,000","25,800,000","23,700,000","37,000,000","16,200,000","2,300,000","-5,300,000","24,100,000","21,800,000","20,600,000","18,500,000","8,200,000","13,900,000","900,000","3,000,000","7,900,000","-36,900,000","12,900,000","11,700,000","10,400,000","9,100,000","8,000,000","1,000,000","7,200,000","-9,200,000","2,400,000","-7,100,000","-1,400,000","-4,100,000","-11,200,000","6,400,000","6,400,000","6,100,000","2,400,000","3,400,000","4,700,000","3,900,000","-900,000","2,100,000","2,000,000","1,800,000","1,600,000","1,200,000",,,,
		NetIncomeIncludingNoncontrollingInterests,"910,000,000","202,000,000","333,000,000","181,000,000","194,000,000","178,000,000","64,000,000","118,000,000","231,000,000","2,845,000,000","785,000,000","26,000,000","34,000,000","65,000,000","-8,000,000","-60,000,000","-59,000,000","1,342,000,000","-12,000,000","-133,000,000","-143,000,000","46,000,000","-144,000,000","135,000,000","2,045,000,000","170,000,000","156,000,000","117,000,000","176,000,000","222,000,000","244,000,000","236,000,000","217,000,000","283,000,000","241,000,000","157,000,000","188,000,000","212,000,000","193,000,000","172,000,000","559,000,000","241,000,000","182,000,000","190,000,000","166,000,000","132,000,000","134,000,000","161,000,000","191,000,000","300,000,000","150,000,000","73,000,000","-249,378,000","-6,806,257,000","140,073,000","186,692,000","186,386,000","131,890,000","50,368,000","95,206,000","72,433,000","113,722,000","123,434,000","94,791,000","118,813,000","90,734,000","-251,328,000","198,633,000","119,682,000","163,577,000","135,623,000","117,277,000","116,929,000","111,476,000","83,433,000","58,781,000","68,143,000","71,732,000","51,994,000","56,569,000","4,779,000","100,000","-11,812,000","-21,218,000","-27,448,000","13,874,000","39,113,000","38,397,000","31,548,000","89,000,000","25,800,000","23,700,000","37,000,000","16,200,000","2,300,000","-5,300,000","24,100,000","21,800,000","20,600,000","18,500,000","8,200,000","13,900,000","900,000","3,000,000","7,900,000","-36,900,000","12,900,000","11,700,000","10,400,000","9,100,000","8,000,000","1,000,000","7,200,000","-9,200,000","2,400,000","-7,100,000","-1,400,000","-4,100,000","-11,200,000","6,400,000","6,400,000","6,100,000","2,400,000","3,400,000","4,700,000","3,900,000","-900,000","2,100,000","2,000,000","1,800,000","1,600,000","1,200,000","1,300,000","1,300,000","1,000,000","-500,000"
			NetIncomeContinuousOperations,"924,000,000","202,000,000","333,000,000","181,000,000","208,000,000","173,000,000","166,000,000","149,000,000","149,000,000","353,000,000","35,000,000","26,000,000","30,000,000","59,000,000","-8,000,000","-65,000,000","-58,000,000","1,311,000,000","-16,000,000","-110,000,000","-177,000,000","-56,000,000","-69,000,000","66,000,000","-1,013,000,000","114,000,000","156,000,000","117,000,000","176,000,000","222,000,000","244,000,000","236,000,000","217,000,000","283,000,000","241,000,000","157,000,000","188,000,000","212,000,000","193,000,000","172,000,000","559,000,000","241,000,000","182,000,000","190,000,000","166,000,000","132,000,000","134,000,000","161,000,000","191,000,000","300,000,000","150,000,000","73,000,000","-249,378,000","-6,806,257,000","140,073,000","186,692,000","186,386,000","131,890,000","50,368,000","95,206,000","72,433,000","113,722,000","123,434,000","94,791,000","118,813,000","90,734,000","-251,328,000","198,633,000","119,682,000","163,577,000","135,623,000","117,277,000","116,929,000","111,476,000","83,433,000","58,781,000","68,143,000","71,732,000","51,994,000","56,569,000","4,779,000","100,000","-11,812,000","-21,218,000","-27,448,000","13,874,000","39,113,000","38,397,000","31,548,000","89,000,000","25,800,000","23,700,000","37,000,000","16,200,000","2,300,000","-5,300,000","24,100,000","21,800,000","20,600,000","18,500,000","8,200,000","13,900,000","900,000","3,000,000","7,900,000","-36,900,000","12,900,000","11,700,000","10,400,000","9,100,000","8,000,000","1,000,000","7,200,000","-9,200,000","2,400,000","-7,100,000","-1,400,000","-4,100,000","-11,200,000","6,400,000","6,400,000","6,100,000","2,400,000","3,400,000","4,700,000","3,900,000","-900,000","2,100,000","2,000,000","1,800,000","1,600,000","1,200,000","1,300,000","1,300,000","1,000,000","-500,000"
			NetIncomeDiscontinuousOperations,"-14,000,000","0","0","0","-14,000,000","5,000,000","-102,000,000","-31,000,000","82,000,000","2,492,000,000","750,000,000","0","4,000,000","6,000,000","0","5,000,000","-1,000,000","31,000,000","4,000,000","-23,000,000","34,000,000","102,000,000","-75,000,000","69,000,000","3,058,000,000","56,000,000",,,,,,,,,,,,,,,,,,,,,,,,,,,,,,,,,,,,,,,,,,,,,,,,,,,,,,,,,,,,,,,,,,,,,,,,,,,,,,,,,,,,,,,,,,,,,,,,,,,,,,,,,,,,,,
		MinorityInterests,,,,,,,,,,,,,,,,,,,,,,,,,,,,,,,,,"0","0","0","0","0","0","0","0","0","-1,000,000","0","1,000,000","2,000,000","0","2,000,000",,,,,,,,,,,,,,,,,,,,,,,,,,,,,,,,,,,,,,,,,,,,,,,,,,,,,,,,,,,,,,,,,,,,,,,,,,,,,,,,,,,,,,,,,
DilutedNIAvailtoComStockholders,"910,000,000","202,000,000","333,000,000","181,000,000","194,000,000","178,000,000","64,000,000","118,000,000","231,000,000","2,845,000,000","785,000,000","26,000,000","34,000,000","65,000,000","-8,000,000","-60,000,000","-59,000,000","1,342,000,000","-12,000,000","-133,000,000","-143,000,000","46,000,000","-144,000,000","135,000,000","2,045,000,000","170,000,000","156,000,000","117,000,000","176,000,000","222,000,000","244,000,000","236,000,000","217,000,000","283,000,000","241,000,000","157,000,000","188,000,000","212,000,000","193,000,000","172,000,000","559,000,000","240,000,000","182,000,000","191,000,000","168,000,000","132,000,000","136,000,000","161,000,000","191,000,000","300,000,000","150,000,000","73,000,000","-249,378,000","-6,806,257,000","140,073,000","186,692,000","186,386,000","131,890,000","50,368,000","95,206,000","72,433,000","113,722,000","123,434,000","94,791,000","118,813,000","90,734,000","-251,328,000","198,633,000","119,682,000","163,577,000","135,623,000","117,277,000","116,929,000","111,476,000","83,433,000","58,781,000","68,143,000","71,732,000","51,994,000","56,569,000","4,779,000","100,000","-11,812,000","-21,218,000","-27,448,000","13,874,000","39,113,000","38,397,000","31,548,000","89,000,000","25,800,000","23,700,000","37,000,000","16,200,000","2,300,000","-5,300,000","24,100,000","21,800,000","20,600,000","18,500,000","8,200,000","13,900,000","900,000","3,000,000","7,900,000","-36,900,000","12,900,000","11,700,000","10,400,000","9,100,000","8,000,000","1,000,000","7,200,000","-9,200,000","2,400,000","-7,100,000","-1,400,000","-4,100,000","-11,200,000","6,400,000","6,400,000","6,100,000","2,400,000","3,400,000","4,700,000","3,900,000","-900,000","2,100,000","2,000,000","1,800,000","1,600,000","1,200,000",,,,
BasicEPS,,"0.35","0.57","0.31","0.33","0.3","0.11","0.2","0.39","4.58","1.27","0.04","0.05","0.1","-0.01","-0.1","-0.06","2.17","-0.02","-0.22","-0.23","0.07","-0.23","0.22","3.15","0.26","0.23","0.17","0.26","0.32","0.35","0.34","0.31","0.41","0.34","0.23","0.27","0.31","0.27","0.24",,"0.33","0.24","0.23",,"0.17","0.17","0.2",,"0.37","0.18","0.09",,"-8.23","0.17","0.22",,"0.15","0.06","0.11",,"0.12","0.13","0.09",,"0.08","-0.21","0.28",,"0.24","0.215","0.19",,"0.18","0.138","0.098",,"0.123","0.09","0.098",,"0","-0.02","-0.036",,"0.028","0.08","0.079",,"0.19","0.056","0.053",,"0.036","0.005","-0.011",,"0.049","0.046","0.041",,"0.031","0.003","0.008",,"-0.086","0.039","0.036",,"0.031","0.028","0.004",,"-0.039","0.011","-0.034",,"-0.021","-0.06","0.033",,"0.033","0.013","0.02",,"0.025","-0.006","0.02",,"0.018","0.016","0.015",,"-0.001","0.008","-0.01"
DilutedEPS,,"0.34","0.56","0.31","0.33","0.3","0.11","0.19","0.36","4.4","1.22","0.04","0.05","0.1","-0.01","-0.1","-0.06","2.01","-0.02","-0.22","-0.23","0.07","-0.23","0.22","3.15","0.25","0.23","0.17","0.25","0.32","0.35","0.34","0.31","0.4","0.34","0.22","0.26","0.3","0.27","0.24",,"0.32","0.24","0.22",,"0.17","0.17","0.2",,"0.37","0.18","0.09",,"-8.23","0.16","0.22",,"0.15","0.06","0.1",,"0.12","0.12","0.09",,"0.08","-0.21","0.27",,"0.22","0.19","0.165",,"0.16","0.123","0.09",,"0.11","0.083","0.09",,"0","-0.02","-0.036",,"0.026","0.076","0.075",,"0.176","0.054","0.051",,"0.035","0.005","-0.011",,"0.046","0.044","0.04",,"0.031","0.003","0.008",,"-0.086","0.038","0.035",,"0.031","0.028","0.004",,"-0.039","0.011","-0.034",,"-0.021","-0.06","0.033",,"0.033","0.013","0.02",,"0.025","-0.006","0.02",,"0.018","0.016","0.015",,"-0.001","0.008","-0.01"
BasicAverageShares,,"582,000,000","582,000,000","580,000,000","582,000,000","593,000,000","592,000,000","590,000,000","599,000,000","621,000,000","620,000,000","619,000,000","637,000,000","637,000,000","630,000,000","624,000,000","621,000,000","619,000,000","615,000,000","609,000,000","618,000,000","620,000,000","620,000,000","613,000,000","650,000,000","665,000,000","682,000,000","682,000,000","684,000,000","689,000,000","690,000,000","692,000,000","693,000,000","696,000,000","699,000,000","697,000,000","693,000,000","693,000,000","702,000,000","716,000,000",,"734,000,000","745,000,000","755,000,000",,"770,000,000","782,000,000","796,000,000",,"809,000,000","812,000,000","816,000,000",,"826,959,000","838,489,000","838,564,000",,"859,997,000","875,662,000","891,642,000",,"932,122,000","966,757,000","1,028,820,000",,"1,069,123,000","1,172,130,000","711,324,000",,"679,032,000","629,730,000","624,520,000",,"616,970,000","609,700,000","598,976,000",,"580,592,000","578,148,000","575,652,000",,"558,960,000","583,200,000","586,400,000",,"504,568,000","488,088,000","483,984,000",,"467,200,000","458,666,667","451,428,571",,"446,896,552","460,000,000","471,111,111",,"447,179,487","445,405,405","448,484,848",,"444,800,000","360,000,000","400,000,000",,"427,826,087","332,903,226","322,758,621",,"291,200,000","290,909,091","266,666,667",,"237,419,355","213,333,333","210,370,370",,"192,941,176","186,666,667","196,923,077",,"187,692,308","192,000,000","170,000,000",,"156,000,000","144,000,000","105,000,000",,"102,857,143","98,461,538","80,000,000",,,,
DilutedAverageShares,,"591,000,000","591,000,000","591,000,000","587,000,000","597,000,000","600,000,000","614,000,000","639,000,000","647,000,000","644,000,000","642,000,000","662,000,000","655,000,000","630,000,000","624,000,000","621,000,000","667,000,000","615,000,000","609,000,000","618,000,000","620,000,000","620,000,000","620,000,000","650,000,000","671,000,000","687,000,000","691,000,000","693,000,000","697,000,000","696,000,000","697,000,000","700,000,000","702,000,000","707,000,000","707,000,000","714,000,000","702,000,000","708,000,000","720,000,000",,"740,000,000","751,000,000","765,000,000",,"778,000,000","786,000,000","805,000,000",,"819,000,000","819,000,000","827,000,000",,"826,959,000","852,334,000","853,994,000",,"876,221,000","892,759,000","910,302,000",,"963,309,000","987,916,000","1,048,833,000",,"1,096,609,000","1,172,130,000","737,211,000",,"742,446,000","736,538,000","735,852,000",,"724,358,000","713,660,000","699,952,000",,"683,232,000","673,956,000","676,108,000",,"588,560,000","583,200,000","586,400,000",,"523,872,000","511,584,000","513,984,000",,"504,160,000","480,000,000","462,439,024",,"462,857,143","460,000,000","471,111,111",,"471,351,351","470,857,143","462,500,000",,"444,800,000","360,000,000","400,000,000",,"427,826,087","344,000,000","334,285,714",,"291,200,000","290,909,091","266,666,667",,"237,419,355","213,333,333","210,370,370",,"192,941,176","186,666,667","196,923,077",,"187,692,308","192,000,000","170,000,000",,"156,000,000","144,000,000","105,000,000",,"102,857,143","98,461,538","80,000,000",,,,
TotalOperatingIncomeAsReported,"1,142,000,000","302,000,000","287,000,000","287,000,000","266,000,000","280,000,000","230,000,000","120,000,000","44,000,000","62,000,000","103,000,000","157,000,000","107,000,000","169,000,000","102,000,000","2,000,000","6,000,000","96,000,000","-9,000,000","-44,000,000","-178,000,000","-16,000,000","-12,000,000","106,000,000","128,000,000","146,000,000","203,000,000","201,000,000","152,000,000","327,000,000","348,000,000","322,000,000","306,000,000","405,000,000","248,000,000","224,000,000","251,000,000","298,000,000","305,000,000","269,000,000","192,000,000","300,000,000","285,000,000","302,000,000","239,000,000","229,000,000","218,000,000","194,000,000","247,000,000","277,000,000","257,000,000","152,000,000","-192,369,000","-6,772,902,000","216,425,000","278,936,000","213,421,000","195,774,000","58,889,000","134,196,000","93,320,000","155,845,000","136,316,000","134,261,000","180,333,000","119,661,000","-258,347,000","232,318,000","231,822,000","228,069,000","192,117,000","167,258,000","164,923,000","153,584,000","115,622,000","93,373,000","91,973,000","101,157,000","70,392,000","77,990,000","23,422,000","12,596,000","-6,751,000","-21,226,000","-28,301,000","46,157,000","46,423,000","45,321,000","41,221,000","43,400,000","32,100,000","30,500,000","34,300,000","32,500,000","11,900,000","-500,000","29,800,000","26,000,000","22,700,000","21,800,000","18,300,000","14,700,000","-400,000","2,400,000","8,400,000","-12,800,000","14,600,000","13,400,000","12,800,000","11,800,000","10,900,000","11,000,000","10,900,000","-12,900,000","3,700,000","2,100,000","9,600,000","-6,200,000","-16,900,000","9,000,000","10,100,000","8,900,000","3,500,000","5,000,000","6,500,000","5,700,000","-1,800,000","2,800,000","2,300,000","2,100,000","2,100,000","1,800,000",,,,
TotalExpenses,"1,567,000,000","388,000,000","400,000,000","392,000,000","387,000,000","358,000,000","382,000,000","367,000,000","432,000,000","458,000,000","488,000,000","1,065,000,000","1,046,000,000","989,000,000","1,017,000,000","1,058,000,000","1,072,000,000","1,020,000,000","1,152,000,000","1,131,000,000","1,221,000,000","990,000,000","927,000,000","708,000,000","725,000,000","713,000,000","1,184,000,000","1,174,000,000","1,245,000,000","1,230,000,000","1,239,000,000","1,393,000,000","1,286,000,000","1,268,000,000","1,267,000,000","1,402,000,000","1,457,000,000","1,466,000,000","1,371,000,000","1,364,000,000","1,454,000,000","1,410,000,000","1,388,000,000","1,339,000,000","1,402,000,000","1,355,000,000","1,233,000,000","1,199,000,000","1,237,000,000","1,256,000,000","1,192,000,000","1,243,000,000","-5,828,245,000","8,241,051,000","1,291,795,000","1,354,381,000","1,209,673,000","1,296,172,000","1,350,622,000","1,247,142,000","1,220,345,000","1,157,195,000","1,119,537,000","1,111,567,000","1,262,296,000","928,763,000","899,287,000","453,137,000","431,962,000","465,937,000","424,280,000","386,254,000","389,939,000","338,847,000","312,041,000","297,183,000","291,409,000","274,920,000","251,318,000","231,998,000","278,356,000","268,274,000","249,123,000","247,216,000","220,966,000","173,137,000","145,873,000","146,037,000","146,004,000","157,400,000","150,400,000","144,600,000","141,400,000","132,600,000","128,200,000","153,600,000","126,300,000","122,200,000","116,300,000","113,200,000","111,400,000","109,400,000","109,600,000","106,800,000","107,500,000","123,900,000","88,200,000","76,700,000","75,800,000","72,300,000","68,200,000","72,100,000","59,000,000","80,000,000","54,300,000","57,000,000","41,700,000","54,900,000","60,600,000","51,200,000","57,300,000","45,600,000","49,100,000","33,300,000","28,500,000","25,200,000","29,300,000","14,300,000","11,700,000","10,800,000","9,900,000","9,400,000",,,,
NetIncomeFromContinuingAndDiscontinuedOperation,"910,000,000","202,000,000","333,000,000","181,000,000","194,000,000","178,000,000","64,000,000","118,000,000","231,000,000","2,845,000,000","785,000,000","26,000,000","34,000,000","65,000,000","-8,000,000","-60,000,000","-59,000,000","1,342,000,000","-12,000,000","-133,000,000","-143,000,000","46,000,000","-144,000,000","135,000,000","2,045,000,000","170,000,000","156,000,000","117,000,000","176,000,000","222,000,000","244,000,000","236,000,000","217,000,000","283,000,000","241,000,000","157,000,000","188,000,000","212,000,000","193,000,000","172,000,000","559,000,000","240,000,000","182,000,000","191,000,000","168,000,000","132,000,000","136,000,000","161,000,000","191,000,000","300,000,000","150,000,000","73,000,000","-249,378,000","-6,806,257,000","140,073,000","186,692,000","186,386,000","131,890,000","50,368,000","95,206,000","72,433,000","113,722,000","123,434,000","94,791,000","118,813,000","90,734,000","-251,328,000","198,633,000","119,682,000","163,577,000","135,623,000","117,277,000","116,929,000","111,476,000","83,433,000","58,781,000","68,143,000","71,732,000","51,994,000","56,569,000","4,779,000","100,000","-11,812,000","-21,218,000","-27,448,000","13,874,000","39,113,000","38,397,000","31,548,000","89,000,000","25,800,000","23,700,000","37,000,000","16,200,000","2,300,000","-5,300,000","24,100,000","21,800,000","20,600,000","18,500,000","8,200,000","13,900,000","900,000","3,000,000","7,900,000","-36,900,000","12,900,000","11,700,000","10,400,000","9,100,000","8,000,000","1,000,000","7,200,000","-9,200,000","2,400,000","-7,100,000","-1,400,000","-4,100,000","-11,200,000","6,400,000","6,400,000","6,100,000","2,400,000","3,400,000","4,700,000","3,900,000","-900,000","2,100,000","2,000,000","1,800,000","1,600,000","1,200,000",,,,
NormalizedIncome,"781,097,975.709","210,470,000","201,330,000","188,920,000","177,771,626.298","172,320,000","150,880,000","226,380,000","66,510,000","115,640,000","45,240,000","45,710,000","57,740,000","93,770,000","35,070,000","33,700,000","89,230,769.231","972,000,000","42,200,000","-37,840,000","-125,612,903.226","5,640,000","-30,600,000","113,600,000","-1,001,000,000","158,000,000","248,130,000","201,320,000","248,600,000","279,510,000","265,900,000","251,400,000","241,030,201.342","306,360,000","358,120,000","215,930,000","220,838,427.948","232,250,000","209,330,000","197,550,000","167,210,843.373","246,179,487.179","186,471,482.89","203,029,629.63","194,485,436.893","162,485,875.706","159,505,494.505","186,350,000","229,776,255.708","281,150,000","166,270,742.358","93,828,125","42,258,800","-2,229,031,750","171,742,917.621","198,149,150.577","161,383,714.404","152,251,854.807","114,967,004.468","106,462,488.373","94,813,800","113,722,000","127,727,260.489","102,887,658.729","122,480,800","102,634,277.325","-76,905,000","209,204,135.564","122,602,800","164,398,700.036","137,031,069.76","118,478,200","117,031,435.114","108,500,530.745","82,181,870.967","67,714,828.766","70,960,397.778","71,810,367.079","52,810,313.822","59,822,783.371","10,421,400","3,113,800","-14,161,000","-22,380,800","-15,113,200","25,098,800","35,824,377.484","34,292,302.353","31,027,193.279","30,676,035.503","22,764,705.882","20,419,491.525","24,666,666.667","18,900,000","6,260,000","-6,080,000","21,997,819.315","19,252,920.962","17,205,243.446","16,572,916.667","15,118,750","12,279,754.601","-720,000","1,818,181.818","8,000,000","-22,680,000","11,457,763.975","10,337,671.233","9,128,057.554","8,347,933.884","7,563,636.364","7,857,142.857","7,476,923.077","-8,923,308.271","2,605,714.286","1,378,640.777","6,800,000","-4,298,387.097","-11,397,647.059","6,193,548.387","6,213,592.233","5,898,901.099","2,205,405.405","3,203,846.154","4,498,571.429","3,640,000","-1,157,142.857","1,761,290.323","1,680,000","1,486,956.522","1,295,238.095","1,129,411.765",,,,
InterestIncome,"1,000,000","0","0","0","1,000,000","0","1,000,000","2,000,000","24,000,000","38,000,000","8,000,000","10,000,000","13,000,000","11,000,000","11,000,000","7,000,000","8,000,000","5,000,000","5,000,000","6,000,000","7,000,000","5,000,000","4,000,000","5,000,000","4,000,000","1,000,000","3,000,000","3,000,000","3,000,000","3,000,000","3,000,000","3,000,000","3,000,000","3,000,000","3,000,000","3,000,000","3,000,000","4,000,000","2,000,000","3,000,000","3,000,000","2,000,000","4,000,000","4,000,000","3,000,000","3,000,000","2,000,000","2,000,000","2,000,000","1,000,000","1,000,000","2,000,000",,,,,,,,,,,,,,,,,,,,,,,,,,,,,,,,,,,,,,,,,,,,,,,,,,,,,,,,,,,,,,,,,,,,,,,,,,,,,,,,,,,,
InterestExpense,"130,000,000","32,000,000","31,000,000","32,000,000","35,000,000","32,000,000","37,000,000","40,000,000","50,000,000","51,000,000","46,000,000","49,000,000","51,000,000","53,000,000","52,000,000","52,000,000","57,000,000","58,000,000","57,000,000","84,000,000","74,000,000","55,000,000","52,000,000","27,000,000","19,000,000","17,000,000","19,000,000","20,000,000","19,000,000","20,000,000","19,000,000","21,000,000","19,000,000","20,000,000","20,000,000","25,000,000","37,000,000","38,000,000","35,000,000","29,000,000","28,000,000","27,000,000","28,000,000","32,000,000","37,000,000","37,000,000","36,000,000","33,000,000","33,000,000","33,000,000","31,000,000","32,000,000",,,,,,,,,,,,,,,,,,,,,,,,,,,,,,,,,,,,,,,,,,,,,,,,,,,,,,,,,,,,,,,,,,,,,,,,,,,,,,,,,,,,
NetInterestIncome,"-129,000,000","-32,000,000","-31,000,000","-32,000,000","-34,000,000","-32,000,000","-36,000,000","-38,000,000","-26,000,000","-13,000,000","-38,000,000","-39,000,000","-38,000,000","-42,000,000","-41,000,000","-45,000,000","-49,000,000","-53,000,000","-52,000,000","-78,000,000","-67,000,000","-50,000,000","-48,000,000","-22,000,000","-15,000,000","-16,000,000","-16,000,000","-17,000,000","-16,000,000","-17,000,000","-16,000,000","-18,000,000","-16,000,000","-17,000,000","-17,000,000","-22,000,000","-34,000,000","-34,000,000","-33,000,000","-26,000,000","-25,000,000","-25,000,000","-24,000,000","-28,000,000","-34,000,000","-34,000,000","-34,000,000","-31,000,000","-31,000,000","-32,000,000","-30,000,000","-30,000,000",,,,,,,,,,,,,,,,,,,,,,,,,,,,,,,,,,,,,,,,,,,,,,,,,,,,,,,,,,,,,,,,,,,,,,,,,,,,,,,,,,,,
EBIT,"1,365,000,000","293,000,000","464,000,000","284,000,000","324,000,000","285,000,000","268,000,000","139,000,000","307,000,000","461,000,000","101,000,000","157,000,000","103,000,000","150,000,000","80,000,000","-17,000,000","-8,000,000","763,000,000","-12,000,000","-50,000,000","-174,000,000","-6,000,000","2,000,000","124,000,000","135,000,000","146,000,000","208,000,000","193,000,000","162,000,000","332,000,000","352,000,000","326,000,000","317,000,000","407,000,000","271,000,000","245,000,000","266,000,000","322,000,000","308,000,000","266,000,000","692,000,000","300,000,000","291,000,000","302,000,000","243,000,000","214,000,000","218,000,000","197,000,000","252,000,000","322,000,000","260,000,000","160,000,000","-219,532,000","-6,727,097,000","226,215,000","295,941,000","330,068,000","219,079,000","68,467,000","153,196,000","144,822,000","155,845,000","142,536,000","147,519,000","-23,736,000","220,263,000","156,577,000","246,805,000","280,716,000","229,287,000","194,033,000","170,380,000","166,496,000","155,058,000","116,624,000","93,941,000","98,630,000","100,715,000","73,913,000","84,043,000","32,427,000","21,973,000","-6,751,000","-19,180,000","29,640,000","46,157,000","46,423,000","45,321,000","41,221,000","43,400,000","32,100,000","30,500,000","34,300,000","32,500,000","11,900,000","-500,000","29,800,000","26,000,000","22,700,000","21,800,000","18,300,000","14,700,000","-400,000","2,400,000","8,400,000","-12,800,000","14,600,000","13,400,000","12,800,000","11,800,000","10,900,000","11,000,000","10,900,000","-12,900,000","3,700,000","2,100,000","9,600,000","-6,200,000","-16,900,000","9,000,000","10,100,000","8,900,000","3,500,000","5,000,000","6,500,000","5,700,000","-1,800,000","2,800,000","2,300,000","2,100,000","2,100,000","1,800,000","-25,100,000","10,700,000","9,600,000","8,800,000"
EBITDA,"1,510,000,000"
ReconciledCostOfRevenue,"344,000,000","89,000,000","86,000,000","87,000,000","82,000,000","77,000,000","69,000,000","58,000,000","61,000,000","67,000,000","28,000,000","165,000,000","172,000,000","166,000,000","154,000,000","150,000,000","204,000,000","136,000,000","147,000,000","125,000,000","141,000,000","127,000,000","111,000,000","91,000,000","88,000,000","141,000,000","181,000,000","171,000,000","207,000,000","199,000,000","194,000,000","222,000,000","196,000,000","201,000,000","202,000,000","215,000,000","222,000,000","211,000,000","196,000,000","194,000,000","190,000,000","182,000,000","174,000,000","169,000,000","181,000,000","225,000,000","246,000,000","265,000,000","63,000,000","202,000,000","97,000,000","153,000,000","157,867,000","144,648,000","153,210,000","167,305,000","156,958,000","153,246,000","157,404,000","153,744,000","116,490,000","174,336,000","156,916,000","158,143,000","138,794,000","138,874,000","138,468,000","90,939,000","82,236,000","96,571,000","77,985,000","73,299,000","65,569,000","67,322,000","40,650,000","39,741,000","44,055,000","39,987,000","37,870,000","35,263,000","32,890,000","31,391,000","30,778,000","25,634,000","17,184,000","23,759,000","17,558,000","17,270,000","22,360,000","24,300,000","19,800,000","22,700,000","23,300,000","16,500,000","13,800,000","13,200,000","15,000,000","15,700,000","15,500,000","14,500,000","17,700,000","15,100,000","12,600,000","14,900,000","18,100,000","4,400,000","11,100,000","10,100,000","11,100,000","10,800,000","7,000,000","12,300,000","700,000","9,500,000","7,600,000","10,000,000","5,500,000","10,500,000","10,700,000","11,000,000","15,000,000","12,900,000","13,100,000","7,400,000","6,600,000","5,000,000","4,600,000","2,600,000","1,500,000","2,000,000","1,800,000","1,800,000",,,,
ReconciledDepreciation,"145,000,000","37,000,000","35,000,000","36,000,000","37,000,000","28,000,000","39,000,000","46,000,000","54,000,000","56,000,000","93,000,000","158,000,000","158,000,000","152,000,000","153,000,000","152,000,000","114,000,000","165,000,000","170,000,000","191,000,000","174,000,000","151,000,000","133,000,000","72,000,000","75,000,000","22,000,000","100,000,000","102,000,000","105,000,000","107,000,000","111,000,000","116,000,000","114,000,000","110,000,000","111,000,000","156,000,000","157,000,000","159,000,000","160,000,000","162,000,000","169,000,000","162,000,000","164,000,000","161,000,000","161,000,000","109,000,000","67,000,000","61,000,000","274,000,000","117,000,000","225,000,000","221,000,000","210,956,000","214,835,000","211,511,000","200,056,000","205,705,000","200,911,000","204,048,000","213,445,000","229,538,000","190,863,000","197,798,000","193,244,000","166,204,000","190,360,000","236,672,000","30,380,000","43,499,000","27,590,000","33,015,000","27,854,000","32,768,000","20,914,000","34,916,000","28,628,000","24,963,000","26,086,000","23,954,000","20,725,000","72,672,000","71,123,000","63,069,000","66,003,000","70,823,000","19,464,000","14,532,000","16,022,000","11,314,000","11,100,000","16,200,000","12,000,000","11,300,000","10,100,000","7,700,000","7,100,000","6,500,000","6,900,000","6,900,000","6,400,000","11,600,000","6,900,000","8,100,000","6,600,000","2,500,000","26,700,000","4,900,000","4,800,000","3,600,000","4,100,000","7,600,000","4,500,000","13,000,000","4,800,000","3,800,000","3,700,000","7,200,000","2,000,000","2,900,000","2,800,000","-300,000","1,400,000","2,400,000","1,700,000","1,300,000","1,100,000","1,100,000","700,000","1,100,000","500,000","500,000","400,000",,,,
NetIncomeFromContinuingOperationNetMinorityInterest,"924,000,000","202,000,000","333,000,000","181,000,000","208,000,000","173,000,000","166,000,000","149,000,000","149,000,000","353,000,000","35,000,000","26,000,000","30,000,000","59,000,000","-8,000,000","-65,000,000","-58,000,000","1,311,000,000","-16,000,000","-110,000,000","-177,000,000","-56,000,000","-69,000,000","66,000,000","-1,013,000,000","114,000,000","156,000,000","117,000,000","176,000,000","222,000,000","244,000,000","236,000,000","217,000,000","283,000,000","241,000,000","157,000,000","188,000,000","212,000,000","193,000,000","172,000,000","559,000,000","240,000,000","182,000,000","191,000,000","168,000,000","132,000,000","136,000,000","161,000,000","191,000,000","300,000,000","150,000,000","73,000,000","-249,378,000","-6,806,257,000","140,073,000","186,692,000","186,386,000","131,890,000","50,368,000","95,206,000","72,433,000","113,722,000","123,434,000","94,791,000","118,813,000","90,734,000","-251,328,000","198,633,000","119,682,000","163,577,000","135,623,000","117,277,000","116,929,000","111,476,000","83,433,000","58,781,000","68,143,000","71,732,000","51,994,000","56,569,000","4,779,000","100,000","-11,812,000","-21,218,000","-27,448,000","13,874,000","39,113,000","38,397,000","31,548,000","89,000,000","25,800,000","23,700,000","37,000,000","16,200,000","2,300,000","-5,300,000","24,100,000","21,800,000","20,600,000","18,500,000","8,200,000","13,900,000","900,000","3,000,000","7,900,000","-36,900,000","12,900,000","11,700,000","10,400,000","9,100,000","8,000,000","1,000,000","7,200,000","-9,200,000","2,400,000","-7,100,000","-1,400,000","-4,100,000","-11,200,000","6,400,000","6,400,000","6,100,000","2,400,000","3,400,000","4,700,000","3,900,000","-900,000","2,100,000","2,000,000","1,800,000","1,600,000","1,200,000",,,,
TotalUnusualItemsExcludingGoodwill,"191,000,000","-11,000,000","171,000,000","-11,000,000","42,000,000","1,000,000","21,000,000","-106,000,000","113,000,000","276,000,000","-16,000,000","-27,000,000","-38,000,000","-57,000,000","-59,000,000","-105,000,000","-165,000,000","565,000,000","-97,000,000","-88,000,000","-72,000,000","-67,000,000","-64,000,000","-70,000,000","-20,000,000","-50,000,000","-111,000,000","-124,000,000","-121,000,000","-81,000,000","-30,000,000","-20,000,000","-33,000,000","-32,000,000","-122,000,000","-83,000,000","-40,000,000","-27,000,000","-23,000,000","-35,000,000","489,000,000","-7,000,000","-6,000,000","-16,000,000","-31,000,000","-38,000,000","-31,000,000","-39,000,000","-44,000,000","29,000,000","-23,000,000","-31,000,000","-448,672,000","-7,041,885,000","-44,776,000","-17,066,000","37,985,000","-31,795,000","-94,159,000","-17,734,000","-34,432,000",,"-6,220,000","-13,258,000","-6,113,000","-17,751,000","-290,705,000","-13,575,000","-4,868,000","-1,204,000","-2,051,000","-2,002,000","-150,000","4,359,000","1,829,000","-13,028,000","-4,075,000","-114,000","-1,211,000","-4,808,000","-9,404,000","-5,023,000","3,915,000","1,938,000","-20,558,000","-18,708,000","4,992,000","6,233,000","784,000","88,600,000","4,600,000","4,900,000","16,800,000","-4,500,000","-6,600,000","1,300,000","2,800,000","3,400,000","4,400,000","2,500,000","-8,100,000","1,900,000","1,800,000","1,300,000","-100,000","-23,700,000","1,800,000","1,700,000","1,700,000","1,000,000","600,000","-9,600,000","-400,000","-400,000","-300,000","-12,300,000","-12,300,000","300,000","300,000","300,000","300,000","300,000","300,000","300,000","300,000","400,000","400,000","500,000","400,000","400,000","400,000","100,000",,,,
TotalUnusualItems,"191,000,000","-11,000,000","171,000,000","-11,000,000","42,000,000","1,000,000","21,000,000","-106,000,000","113,000,000","276,000,000","-16,000,000","-27,000,000","-38,000,000","-57,000,000","-59,000,000","-105,000,000","-165,000,000","565,000,000","-97,000,000","-88,000,000","-72,000,000","-67,000,000","-64,000,000","-70,000,000","-20,000,000","-50,000,000","-111,000,000","-124,000,000","-121,000,000","-81,000,000","-30,000,000","-20,000,000","-33,000,000","-32,000,000","-122,000,000","-83,000,000","-40,000,000","-27,000,000","-23,000,000","-35,000,000","489,000,000","-7,000,000","-6,000,000","-16,000,000","-31,000,000","-38,000,000","-31,000,000","-39,000,000","-44,000,000","29,000,000","-23,000,000","-31,000,000","-448,672,000","-7,041,885,000","-44,776,000","-17,066,000","37,985,000","-31,795,000","-94,159,000","-17,734,000","-34,432,000",,"-6,220,000","-13,258,000","-6,113,000","-17,751,000","-290,705,000","-13,575,000","-4,868,000","-1,204,000","-2,051,000","-2,002,000","-150,000","4,359,000","1,829,000","-13,028,000","-4,075,000","-114,000","-1,211,000","-4,808,000","-9,404,000","-5,023,000","3,915,000","1,938,000","-20,558,000","-18,708,000","4,992,000","6,233,000","784,000","88,600,000","4,600,000","4,900,000","16,800,000","-4,500,000","-6,600,000","1,300,000","2,800,000","3,400,000","4,400,000","2,500,000","-8,100,000","1,900,000","1,800,000","1,300,000","-100,000","-23,700,000","1,800,000","1,700,000","1,700,000","1,000,000","600,000","-9,600,000","-400,000","-400,000","-300,000","-12,300,000","-12,300,000","300,000","300,000","300,000","300,000","300,000","300,000","300,000","300,000","400,000","400,000","500,000","400,000","400,000","400,000","100,000",,,,
NormalizedEBITDA,"1,319,000,000","341,000,000","328,000,000","331,000,000","319,000,000","312,000,000","286,000,000","291,000,000","248,000,000","241,000,000","210,000,000","342,000,000","299,000,000","359,000,000","292,000,000","240,000,000","271,000,000","363,000,000","255,000,000","229,000,000","72,000,000","212,000,000","199,000,000","266,000,000","230,000,000","218,000,000","419,000,000","419,000,000","388,000,000","520,000,000","493,000,000","462,000,000","464,000,000","549,000,000","504,000,000","484,000,000","463,000,000","508,000,000","491,000,000","463,000,000","372,000,000","469,000,000","461,000,000","479,000,000","435,000,000","361,000,000","316,000,000","297,000,000","570,000,000","410,000,000","508,000,000","412,000,000","440,096,000","529,623,000","482,502,000","513,063,000","497,788,000","451,785,000","366,674,000","384,375,000","408,792,000","346,708,000","346,554,000","354,021,000","148,581,000","428,374,000","683,954,000","290,760,000","339,082,000","258,081,000","229,099,000","200,236,000","199,414,000","171,613,000","149,711,000","135,597,000","127,668,000","126,915,000","99,078,000","109,576,000","114,503,000","98,119,000","52,403,000","44,885,000","121,021,000","84,329,000","55,963,000","55,110,000","51,751,000","-34,100,000","43,700,000","37,600,000","28,800,000","47,100,000","26,200,000","5,300,000","33,500,000","29,500,000","25,200,000","25,700,000","38,000,000","19,700,000","5,900,000","7,700,000","11,000,000","37,600,000","17,700,000","16,500,000","14,700,000","16,200,000","17,900,000","25,100,000","24,300,000","-7,700,000","7,800,000","18,100,000","29,100,000","-4,500,000","-14,300,000","11,500,000","9,500,000","10,400,000","5,600,000","6,400,000","7,500,000","6,400,000","-1,100,000","3,000,000","3,000,000","2,200,000","2,200,000","2,100,000","-25,100,000","10,700,000","9,600,000","8,800,000"
TaxRateForCalcs,"0.252","0.23","0.23","0.28","0.28","0.32","0.28","0.27","0.27","0.14","0.36","0.27","0.27","0.39","0.27","0.06","0.108","0.4","0.4","0.18","0.286","0.08","0.4","0.32","0.4","0.12","0.17","0.32","0.4","0.29","0.27","0.23","0.272","0.27","0.04","0.29","0.179","0.25","0.29","0.27","0.199","0.117","0.255","0.248","0.146","0.198","0.242","0.35","0.119","0.35","0.293","0.328","0.35","0.35","0.293","0.329","0.342","0.36","0.314","0.365","0.35","0.348","0.31","0.389","0.4","0.33","0.4","0.221","0.4","0.318","0.313","0.4","0.317","0.317","0.316","0.314","0.309","0.313","0.326","0.323","0.4","0.4","0.4","0.4","0.4","0.4","0.341","0.341","0.336","0.342","0.34","0.331","0.266","0.4","0.4","0.4","0.249","0.251","0.228","0.229","0.146","0.147","0.1","0.091","0","0.4","0.199","0.199","0.252","0.248","0.273","0.286","0.308","0.308","0.314","0.311","0.333","0.339","0.341","0.312","0.379","0.33","0.351","0.346","0.329","0.35","0.357","0.323","0.2","0.217","0.238","0.294",,,,
TaxEffectOfUnusualItems,"48,097,975.709","-2,530,000","39,330,000","-3,080,000","11,771,626.298","320,000","5,880,000","-28,620,000","30,510,000","38,640,000","-5,760,000","-7,290,000","-10,260,000","-22,230,000","-15,930,000","-6,300,000","-17,769,230.769","226,000,000","-38,800,000","-15,840,000","-20,612,903.226","-5,360,000","-25,600,000","-22,400,000","-8,000,000","-6,000,000","-18,870,000","-39,680,000","-48,400,000","-23,490,000","-8,100,000","-4,600,000","-8,969,798.658","-8,640,000","-4,880,000","-24,070,000","-7,161,572.052","-6,750,000","-6,670,000","-9,450,000","97,210,843.373","-820,512.821","-1,528,517.11","-3,970,370.37","-4,514,563.107","-7,514,124.294","-7,494,505.495","-13,650,000","-5,223,744.292","10,150,000","-6,729,257.642","-10,171,875","-157,035,200","-2,464,659,750","-13,106,082.379","-5,608,849.423","12,982,714.404","-11,433,145.193","-29,559,995.532","-6,477,511.627","-12,051,200","0","-1,926,739.511","-5,161,341.271","-2,445,200","-5,850,722.675","-116,282,000","-3,003,864.436","-1,947,200","-382,299.964","-642,930.24","-800,800","-47,564.886","1,383,530.745","577,870.967","-4,094,171.234","-1,257,602.222","-35,632.921","-394,686.178","-1,554,216.629","-3,761,600","-2,009,200","1,566,000","775,200","-8,223,200","-7,483,200","1,703,377.484","2,128,302.353","263,193.279","30,276,035.503","1,564,705.882","1,619,491.525","4,466,666.667","-1,800,000","-2,640,000","520,000","697,819.315","852,920.962","1,005,243.446","572,916.667","-1,181,250","279,754.601","180,000","118,181.818","0","-9,480,000","357,763.975","337,671.233","428,057.554","247,933.884","163,636.364","-2,742,857.143","-123,076.923","-123,308.271","-94,285.714","-3,821,359.223","-4,100,000","101,612.903","102,352.941","93,548.387","113,592.233","98,901.099","105,405.405","103,846.154","98,571.429","140,000","142,857.143","161,290.323","80,000","86,956.522","95,238.095","29,411.765",,,,