name,ttm,12/31/2021,09/30/2021,06/30/2021,03/31/2021,12/31/2020,09/30/2020,06/30/2020,03/31/2020,12/31/2019,09/30/2019,06/30/2019,03/31/2019,12/31/2018,09/30/2018,06/30/2018,03/31/2018,12/31/2017,09/30/2017,06/30/2017,03/31/2017,12/31/2016,09/30/2016,06/30/2016,03/31/2016,12/31/2015,09/30/2015,06/30/2015,03/31/2015,12/31/2014,09/30/2014,06/30/2014,03/31/2014,12/31/2013,09/30/2013,06/30/2013,03/31/2013,12/31/2012,09/30/2012,06/30/2012,03/31/2012,12/31/2011,09/30/2011,06/30/2011,03/31/2011,12/31/2010,09/30/2010,06/30/2010,03/31/2010,12/31/2009,09/30/2009,06/30/2009,03/31/2009,12/31/2008,09/30/2008,06/30/2008,03/31/2008,12/31/2007,09/30/2007,06/30/2007,03/31/2007,12/31/2006,09/30/2006,06/30/2006,03/31/2006,12/31/2005,09/30/2005,06/30/2005,03/31/2005,12/31/2004,09/30/2004,06/30/2004,03/31/2004,12/31/2003,09/30/2003,06/30/2003,03/31/2003,12/31/2002,09/30/2002,06/30/2002,03/31/2002,12/31/2001,09/30/2001,06/30/2001,03/31/2001,12/31/2000,09/30/2000,06/30/2000,03/31/2000,12/31/1999,09/30/1999,06/30/1999,03/31/1999,12/31/1998,09/30/1998,06/30/1998,03/31/1998,12/31/1997,09/30/1997,06/30/1997,03/31/1997,12/31/1996,09/30/1996,06/30/1996,03/31/1996,12/31/1995,09/30/1995,06/30/1995,03/31/1995,12/31/1994,09/30/1994,06/30/1994,03/31/1994,12/31/1993,09/30/1993,06/30/1993,03/31/1993,12/31/1992,09/30/1992,06/30/1992,03/31/1992,12/31/1991,09/30/1991,06/30/1991,03/31/1991,12/31/1990,09/30/1990,06/30/1990,03/31/1990,12/31/1989,09/30/1989,06/30/1989,03/31/1989,12/31/1988,09/30/1988,06/30/1988,03/31/1988,12/31/1987,09/30/1987,06/30/1987,03/31/1987,12/31/1986,09/30/1986,06/30/1986,03/31/1986,12/31/1985,09/30/1985
TotalRevenue,"35,667,000,000","8,639,000,000","8,720,000,000","9,151,000,000","9,157,000,000","10,212,000,000","9,083,000,000","8,884,000,000","8,620,000,000","8,721,000,000","8,475,000,000","8,456,000,000","8,189,000,000","8,156,000,000","8,085,000,000","7,119,000,000","6,735,000,000","6,634,000,000","6,527,000,000","6,375,000,000","6,267,000,000","6,397,000,000","6,155,000,000","6,000,000,000","5,956,000,000","5,694,000,000","5,979,000,000","5,896,000,000","5,957,000,000","6,108,000,000","5,984,000,000","6,039,000,000","5,848,000,000","6,157,000,000","6,106,000,000","6,294,000,000","6,104,000,000","6,476,000,000","6,270,000,000","6,274,000,000","6,198,000,000","6,506,000,000","6,612,000,000","6,560,000,000","6,734,000,000","8,607,000,000","8,714,000,000","8,826,000,000","8,610,000,000","7,752,000,000","8,726,000,000","8,957,000,000","8,320,000,000","9,154,000,000","8,381,000,000","8,628,000,000","7,724,000,000","8,824,000,000","7,928,000,000","7,929,000,000","7,344,000,000","8,021,000,000","7,433,000,000","7,601,000,000","7,184,000,000","7,860,000,000","7,446,000,000","7,962,000,000","7,453,000,000","7,846,000,000","7,408,000,000","7,374,000,000","7,105,000,000","7,094,000,000","6,619,000,000","6,627,000,000","5,866,000,000","4,830,000,000","4,214,000,000","4,396,000,000","4,086,000,000","4,304,000,000","3,605,000,000","3,663,000,000","1,986,000,000","2,229,000,000","1,731,000,000","1,856,000,000","2,080,000,000","2,506,000,000","2,122,000,000","2,274,000,000","2,093,000,000","2,536,000,000","2,213,000,000","2,139,000,000","2,014,000,000","2,510,000,000","2,297,000,000","2,087,000,000","1,964,000,000","2,282,000,000","2,043,000,000","2,143,000,000","1,603,000,000","1,812,000,000","1,630,000,000","1,759,000,000","1,617,000,000","1,880,000,000","1,927,000,000","1,686,000,000","1,218,000,000","1,256,000,000","1,220,000,000","1,312,000,000","1,275,000,000","1,514,100,000","1,293,600,000","1,441,800,000","1,300,500,000","1,567,300,000","1,555,100,000","1,325,000,000","1,246,800,000","1,521,100,000","1,277,400,000","1,414,100,000","853,900,000","1,325,000,000","1,245,600,000","1,397,100,000","1,280,700,000","1,726,000,000","1,356,500,000","1,345,700,000","1,368,900,000","1,766,500,000","1,459,000,000","1,420,000,000","1,400,000,000","1,658,400,000","1,260,000,000","1,400,000,000","1,300,000,000","1,531,400,000","1,213,300,000"
	OperatingRevenue,"35,667,000,000","8,639,000,000","8,720,000,000","9,151,000,000","9,157,000,000","10,212,000,000","9,083,000,000","8,884,000,000","8,620,000,000","8,721,000,000","8,475,000,000","8,456,000,000","8,189,000,000","8,156,000,000","8,085,000,000","7,119,000,000","6,735,000,000","6,634,000,000","6,527,000,000","6,375,000,000","6,267,000,000","6,397,000,000","6,155,000,000","6,000,000,000","5,956,000,000","5,694,000,000","5,979,000,000","5,896,000,000","5,957,000,000","6,108,000,000","5,984,000,000","6,039,000,000","5,848,000,000","6,157,000,000","6,106,000,000","6,294,000,000","6,104,000,000","6,476,000,000","6,270,000,000","6,274,000,000","6,198,000,000","6,506,000,000","6,612,000,000","6,560,000,000","6,734,000,000","8,607,000,000","8,714,000,000","8,826,000,000","8,610,000,000","7,752,000,000","8,726,000,000","8,957,000,000","8,320,000,000","9,154,000,000","8,381,000,000","8,628,000,000","7,724,000,000","8,824,000,000","7,928,000,000","7,929,000,000","7,344,000,000","8,021,000,000","7,433,000,000","7,601,000,000","7,184,000,000","7,860,000,000","7,446,000,000","7,962,000,000","7,453,000,000","7,846,000,000","7,408,000,000","7,374,000,000","7,105,000,000","7,094,000,000","6,619,000,000","6,627,000,000","5,866,000,000","4,830,000,000","4,214,000,000","4,396,000,000","4,086,000,000","4,304,000,000","3,605,000,000","3,663,000,000","1,986,000,000","2,229,000,000","1,731,000,000","1,856,000,000","2,080,000,000","2,506,000,000","2,122,000,000","2,274,000,000","2,093,000,000","2,536,000,000","2,213,000,000","2,139,000,000","2,014,000,000","2,510,000,000","2,297,000,000","2,087,000,000","1,964,000,000","2,282,000,000","2,043,000,000","2,143,000,000","1,603,000,000","1,812,000,000","1,630,000,000","1,759,000,000","1,617,000,000","1,880,000,000","1,927,000,000","1,686,000,000","1,218,000,000","1,256,000,000","1,220,000,000","1,312,000,000","1,275,000,000","1,514,100,000","1,293,600,000","1,441,800,000","1,300,500,000","1,567,300,000","1,555,100,000","1,325,000,000","1,246,800,000","1,521,100,000","1,277,400,000","1,414,100,000","853,900,000","1,325,000,000","1,245,600,000","1,397,100,000","1,280,700,000","1,726,000,000","1,356,500,000","1,345,700,000","1,368,900,000","1,766,500,000","1,459,000,000","1,420,000,000","1,400,000,000","1,658,400,000","1,260,000,000","1,400,000,000","1,300,000,000","1,531,400,000","1,213,300,000"
CostOfRevenue,"28,399,000,000","7,088,000,000","6,786,000,000","7,108,000,000","7,417,000,000","8,122,000,000","7,243,000,000","7,058,000,000","6,898,000,000","6,615,000,000","6,748,000,000","6,726,000,000","6,493,000,000","6,487,000,000","6,090,000,000","5,557,000,000","5,170,000,000","5,221,000,000","5,016,000,000","4,854,000,000","4,758,000,000","4,920,000,000","4,667,000,000","4,583,000,000","4,561,000,000","4,378,000,000","4,522,000,000","4,442,000,000","4,542,000,000","4,653,000,000","4,635,000,000","4,629,000,000","4,461,000,000","4,828,000,000","4,761,000,000","4,906,000,000","4,787,000,000","4,915,000,000","4,962,000,000","4,920,000,000","4,841,000,000","5,070,000,000","5,198,000,000","5,163,000,000","5,355,000,000","7,004,000,000","7,188,000,000","7,340,000,000","7,077,000,000","6,381,000,000","7,303,000,000","7,530,000,000","6,916,000,000","7,326,000,000","6,825,000,000","7,025,000,000","6,522,000,000","7,182,000,000","6,330,000,000","6,361,000,000","5,948,000,000","6,593,000,000","6,100,000,000","6,155,000,000","5,894,000,000","6,421,000,000","6,332,000,000","6,641,000,000","6,196,000,000","6,558,000,000","6,227,000,000","6,282,000,000","6,042,000,000","6,094,000,000","5,580,000,000","5,685,000,000","4,963,000,000","3,947,000,000","3,440,000,000","3,587,000,000","3,386,000,000","3,563,000,000","3,089,000,000","3,019,000,000","1,548,000,000","1,447,000,000","1,191,000,000","1,220,000,000","1,426,000,000","1,779,000,000","1,491,000,000","1,674,000,000","1,519,000,000","1,729,000,000","1,667,000,000","1,615,000,000","1,450,000,000","1,596,000,000","1,770,000,000","1,526,000,000","1,483,000,000","1,559,000,000","1,504,000,000","1,531,000,000","1,203,000,000","1,316,000,000","1,205,000,000","1,285,000,000","1,233,000,000","1,485,000,000","1,473,000,000","1,274,000,000","978,000,000","1,101,000,000","940,000,000","1,064,000,000","1,043,000,000","1,281,000,000","1,172,400,000","1,191,900,000","1,062,300,000","1,249,700,000","1,303,200,000","1,075,400,000","1,011,700,000","1,276,300,000","1,043,000,000","1,177,400,000","761,100,000",,,,,,,,,,,,,,,,,,
GrossProfit,"7,268,000,000","1,551,000,000","1,934,000,000","2,043,000,000","1,740,000,000","2,090,000,000","1,840,000,000","1,826,000,000","1,722,000,000","2,106,000,000","1,727,000,000","1,730,000,000","1,696,000,000","1,669,000,000","1,995,000,000","1,562,000,000","1,565,000,000","1,413,000,000","1,511,000,000","1,521,000,000","1,509,000,000","1,477,000,000","1,488,000,000","1,417,000,000","1,395,000,000","1,316,000,000","1,457,000,000","1,454,000,000","1,415,000,000","1,455,000,000","1,349,000,000","1,410,000,000","1,387,000,000","1,329,000,000","1,345,000,000","1,388,000,000","1,317,000,000","1,561,000,000","1,308,000,000","1,354,000,000","1,357,000,000","1,436,000,000","1,414,000,000","1,397,000,000","1,379,000,000","1,603,000,000","1,526,000,000","1,486,000,000","1,533,000,000","1,371,000,000","1,423,000,000","1,427,000,000","1,404,000,000","1,828,000,000","1,556,000,000","1,603,000,000","1,202,000,000","1,642,000,000","1,598,000,000","1,568,000,000","1,396,000,000","1,428,000,000","1,333,000,000","1,446,000,000","1,290,000,000","1,439,000,000","1,114,000,000","1,321,000,000","1,257,000,000","1,288,000,000","1,181,000,000","1,092,000,000","1,063,000,000","1,000,000,000","1,039,000,000","942,000,000","903,000,000","883,000,000","774,000,000","809,000,000","700,000,000","741,000,000","516,000,000","644,000,000","438,000,000","782,000,000","540,000,000","636,000,000","654,000,000","727,000,000","631,000,000","600,000,000","574,000,000","807,000,000","546,000,000","524,000,000","564,000,000","914,000,000","527,000,000","561,000,000","481,000,000","723,000,000","539,000,000","612,000,000","400,000,000","496,000,000","425,000,000","474,000,000","384,000,000","395,000,000","454,000,000","412,000,000","240,000,000","155,000,000","280,000,000","248,000,000","232,000,000","233,100,000","121,200,000","249,900,000","238,200,000","317,600,000","251,900,000","249,600,000","235,100,000","244,800,000","234,400,000","236,700,000","92,800,000",,,,,,,,,,,,,,,,,,
OperatingExpense,"3,597,000,000","809,000,000","891,000,000","999,000,000","898,000,000","938,000,000","855,000,000","832,000,000","788,000,000","970,000,000","776,000,000","784,000,000","760,000,000","744,000,000","817,000,000","739,000,000","711,000,000","646,000,000","666,000,000","666,000,000","677,000,000","646,000,000","662,000,000","620,000,000","656,000,000","627,000,000","663,000,000","641,000,000","635,000,000","693,000,000","580,000,000","590,000,000","542,000,000","561,000,000","555,000,000","582,000,000","558,000,000","737,000,000","572,000,000","580,000,000","561,000,000","637,000,000","589,000,000","556,000,000","568,000,000","815,000,000","725,000,000","770,000,000","768,000,000","851,000,000","768,000,000","774,000,000","749,000,000","3,980,000,000","785,000,000","797,000,000","738,000,000","882,000,000","791,000,000","824,000,000","715,000,000","806,000,000","787,000,000","764,000,000","695,000,000","905,000,000","681,000,000","705,000,000","662,000,000","716,000,000","643,000,000","609,000,000","629,000,000","612,000,000","608,000,000","551,000,000","575,000,000","472,000,000","461,000,000","453,000,000","387,000,000","427,000,000","291,000,000","369,000,000","248,000,000","530,000,000","298,000,000","319,000,000","340,000,000","474,000,000","369,000,000","362,000,000","358,000,000","704,000,000","308,000,000","316,000,000","537,000,000","668,000,000","322,000,000","340,000,000","299,000,000","577,000,000","374,000,000","404,000,000","261,000,000","375,000,000","294,000,000","307,000,000","267,000,000","517,000,000","349,000,000","279,000,000","157,000,000","195,000,000","197,000,000","155,000,000","149,000,000","134,400,000","160,300,000","160,700,000","158,000,000","220,700,000","152,100,000","173,300,000","156,600,000","160,400,000","147,300,000","170,000,000","54,400,000",,,,,,,,,,,,,,,,,,
	SellingGeneralAndAdministration,"3,597,000,000","809,000,000","891,000,000","999,000,000","898,000,000","938,000,000","855,000,000","832,000,000","788,000,000","970,000,000","776,000,000","784,000,000","760,000,000","744,000,000","817,000,000","739,000,000","711,000,000","646,000,000","666,000,000","666,000,000","677,000,000","646,000,000","662,000,000","620,000,000","656,000,000","627,000,000","663,000,000","641,000,000","635,000,000","693,000,000","580,000,000","590,000,000","542,000,000","561,000,000","555,000,000","582,000,000","558,000,000","737,000,000","572,000,000","580,000,000","561,000,000","637,000,000","589,000,000","556,000,000","568,000,000","815,000,000","725,000,000","770,000,000","768,000,000","851,000,000","768,000,000","774,000,000","749,000,000","920,000,000","785,000,000","797,000,000","738,000,000","882,000,000","791,000,000","824,000,000","715,000,000","806,000,000","787,000,000","764,000,000","695,000,000","905,000,000","681,000,000","705,000,000","662,000,000","751,000,000","643,000,000","609,000,000","629,000,000","612,000,000","608,000,000","551,000,000","575,000,000","472,000,000","461,000,000","453,000,000","387,000,000","427,000,000","291,000,000","369,000,000","248,000,000","430,000,000","211,000,000","220,000,000","245,000,000","373,000,000","274,000,000","259,000,000","268,000,000","600,000,000","206,000,000","221,000,000","445,000,000","553,000,000","222,000,000","230,000,000","206,000,000","483,000,000","272,000,000","304,000,000","191,000,000","300,000,000","230,000,000","232,000,000","201,000,000","449,000,000","267,000,000","203,000,000","116,000,000","131,000,000","119,000,000","117,000,000","118,000,000","92,900,000","119,400,000","122,900,000","119,800,000","177,100,000","107,800,000","131,500,000","115,000,000","112,800,000","100,800,000","123,900,000","26,900,000",,,,,,,,,,,,,,,,,,
		GeneralAndAdministrativeExpense,"3,597,000,000","809,000,000","891,000,000","999,000,000","898,000,000","938,000,000","855,000,000","832,000,000","788,000,000","970,000,000","776,000,000","784,000,000","760,000,000","744,000,000","817,000,000","739,000,000","711,000,000","646,000,000","666,000,000","666,000,000","677,000,000","646,000,000","662,000,000","620,000,000","656,000,000","627,000,000","663,000,000","641,000,000","635,000,000","693,000,000","580,000,000","590,000,000","542,000,000","561,000,000","555,000,000","582,000,000","558,000,000",,,,,,,,,,,,,,,,,,,,,,,,,,,,,,,,,,,,,,,,,,,,,,,,,,,,,,,,,,,,,,,,,,,,,,,,,,,,,,,,,,,,,,,,,,,,,,,,,,,,,,,,,,,,,,
			OtherGandA,"3,597,000,000","809,000,000","891,000,000","999,000,000","898,000,000","938,000,000","855,000,000","832,000,000","788,000,000","970,000,000","776,000,000","784,000,000","760,000,000","744,000,000","817,000,000","739,000,000","711,000,000","646,000,000","666,000,000","666,000,000","677,000,000","646,000,000","662,000,000","620,000,000","656,000,000","627,000,000","663,000,000","641,000,000","635,000,000","693,000,000","580,000,000","590,000,000","542,000,000","561,000,000","555,000,000","582,000,000","558,000,000",,,,,,,,,,,,,,,,,,,,,,,,,,,,,,,,,,,,,,,,,,,,,,,,,,,,,,,,,,,,,,,,,,,,,,,,,,,,,,,,,,,,,,,,,,,,,,,,,,,,,,,,,,,,,,
	DepreciationAmortizationDepletionIncomeStatement,,,,,,,,,,,,,,,,,,,,,,,,,,,,,,,,,,,,,,,,,,,,,,,,,,,,,,,,,,,,,,,,,,,,,,,,,,,,,,,,,,,,,,"100,000,000","87,000,000","99,000,000","95,000,000","101,000,000","95,000,000","103,000,000","90,000,000","104,000,000","102,000,000","95,000,000","92,000,000","115,000,000","100,000,000","110,000,000","93,000,000","94,000,000","102,000,000","100,000,000","70,000,000","75,000,000","64,000,000","75,000,000","66,000,000","68,000,000","82,000,000","76,000,000","41,000,000","64,000,000","78,000,000","38,000,000","31,000,000","41,500,000","40,900,000","37,800,000","38,200,000","43,600,000","44,300,000","41,800,000","41,600,000","47,600,000","46,500,000","46,100,000","27,500,000",,,,,,,,,,,,,,,,,,
		DepreciationAndAmortizationInIncomeStatement,,,,,,,,,,,,,,,,,,,,,,,,,,,,,,,,,,,,,,,,,,,,,,,,,,,,,,,,,,,,,,,,,,,,,,,,,,,,,,,,,,,,,,"100,000,000","87,000,000","99,000,000","95,000,000","101,000,000","95,000,000","103,000,000","90,000,000","104,000,000","102,000,000","95,000,000","92,000,000","115,000,000","100,000,000","110,000,000","93,000,000","94,000,000","102,000,000","100,000,000","70,000,000","75,000,000","64,000,000","75,000,000","66,000,000","68,000,000","82,000,000","76,000,000","41,000,000","64,000,000","78,000,000","38,000,000","31,000,000","41,500,000","40,900,000","37,800,000","38,200,000","43,600,000","44,300,000","41,800,000","41,600,000","47,600,000","46,500,000","46,100,000","27,500,000",,,,,,,,,,,,,,,,,,
OperatingIncome,"3,671,000,000","742,000,000","1,043,000,000","1,044,000,000","842,000,000","1,152,000,000","985,000,000","994,000,000","934,000,000","1,136,000,000","951,000,000","946,000,000","936,000,000","925,000,000","1,178,000,000","823,000,000","854,000,000","767,000,000","845,000,000","855,000,000","832,000,000","831,000,000","826,000,000","797,000,000","739,000,000","689,000,000","794,000,000","813,000,000","780,000,000","762,000,000","769,000,000","820,000,000","845,000,000","768,000,000","790,000,000","806,000,000","759,000,000","824,000,000","736,000,000","774,000,000","796,000,000","799,000,000","825,000,000","841,000,000","811,000,000","788,000,000","801,000,000","716,000,000","765,000,000","520,000,000","655,000,000","653,000,000","655,000,000","-2,152,000,000","771,000,000","806,000,000","464,000,000","760,000,000","807,000,000","744,000,000","681,000,000","622,000,000","546,000,000","682,000,000","595,000,000","534,000,000","433,000,000","616,000,000","595,000,000","572,000,000","538,000,000","483,000,000","434,000,000","388,000,000","431,000,000","391,000,000","328,000,000","411,000,000","313,000,000","356,000,000","313,000,000","314,000,000","225,000,000","275,000,000","190,000,000","252,000,000","242,000,000","317,000,000","314,000,000","253,000,000","262,000,000","238,000,000","216,000,000","103,000,000","238,000,000","208,000,000","27,000,000","246,000,000","205,000,000","221,000,000","182,000,000","146,000,000","165,000,000","208,000,000","139,000,000","121,000,000","131,000,000","167,000,000","117,000,000","-122,000,000","105,000,000","133,000,000","83,000,000","-40,000,000","83,000,000","93,000,000","83,000,000","98,700,000","-39,100,000","89,200,000","80,200,000","96,900,000","99,800,000","76,300,000","78,500,000","84,400,000","87,100,000","66,700,000","38,400,000","-3,900,100,000","1,245,600,000","1,397,100,000","1,280,700,000","-4,045,900,000","1,356,500,000","1,345,700,000","1,368,900,000","-4,118,800,000","1,459,000,000","1,420,000,000","1,400,000,000","-3,879,200,000","1,260,000,000","1,400,000,000","1,300,000,000","-3,217,400,000","1,213,300,000"
NetNonOperatingInterestIncomeExpense,"-556,000,000","-133,000,000","-132,000,000","-136,000,000","-155,000,000","-160,000,000","-154,000,000","-154,000,000","-125,000,000","-130,000,000","-123,000,000","-137,000,000","-138,000,000","-142,000,000","-133,000,000","-144,000,000","-143,000,000","-136,000,000","-73,000,000","-76,000,000","-75,000,000","-77,000,000","-74,000,000","-74,000,000","-76,000,000","-75,000,000","-75,000,000","-75,000,000","-76,000,000","-74,000,000","-69,000,000","-70,000,000","-69,000,000","-74,000,000","-70,000,000","-60,000,000","-53,000,000","-54,000,000","-53,000,000","-52,000,000","-53,000,000","-53,000,000","-57,000,000","-53,000,000","-58,000,000","-65,000,000","-68,000,000","-68,000,000","-80,000,000","-62,000,000","-76,000,000","-70,000,000","-73,000,000",,,,,,,,,,,,,,,,,,,,,,,,,,,,,,,,,,,,,,,,,,,,,,,,,,,,,,,,,,,,,,,,,,,,,,,,,,,,,,,,,,,,,,,,,,,,,,
	InterestExpenseNonOperating,"556,000,000","133,000,000","132,000,000","136,000,000","155,000,000","160,000,000","154,000,000","154,000,000","125,000,000","130,000,000","123,000,000","137,000,000","138,000,000","142,000,000","133,000,000","144,000,000","143,000,000","136,000,000","73,000,000","76,000,000","75,000,000","77,000,000","74,000,000","74,000,000","76,000,000","75,000,000","75,000,000","75,000,000","76,000,000","74,000,000","69,000,000","70,000,000","69,000,000","74,000,000","70,000,000","60,000,000","53,000,000","54,000,000","53,000,000","52,000,000","53,000,000","53,000,000","57,000,000","53,000,000","58,000,000","65,000,000","68,000,000","68,000,000","80,000,000","62,000,000","76,000,000","70,000,000","73,000,000",,,,,,,,,,,,,,,,,,,,,,,,,,,,,,,,,,,,,,,,,,,,,,,,,,,,,,,,,,,,,,,,,,,,,,,,,,,,,,,,,,,,,,,,,,,,,,
OtherIncomeExpense,"5,823,000,000","2,736,000,000","364,000,000","394,000,000","2,329,000,000","-687,000,000","336,000,000","363,000,000","244,000,000","-1,575,000,000","227,000,000","219,000,000","236,000,000","2,000,000","192,000,000","170,000,000","160,000,000","53,000,000","13,000,000","28,000,000","16,000,000","-6,000,000","17,000,000","7,000,000","13,000,000","7,000,000","10,000,000","-2,000,000",,"13,000,000","-6,000,000","6,000,000","10,000,000","13,000,000",,"-22,000,000","6,000,000","17,000,000","12,000,000","5,000,000","13,000,000","36,000,000","-13,000,000",,"5,000,000","-204,000,000","13,000,000","-10,000,000","7,000,000","2,000,000","41,000,000","13,000,000","8,000,000","-3,094,000,000","45,000,000","5,000,000","15,000,000","10,000,000","2,000,000","-15,000,000","-9,000,000","134,000,000","1,000,000","-9,000,000","-1,000,000","16,000,000","95,000,000","7,000,000","82,000,000","-25,000,000","-6,000,000","3,000,000","10,000,000","7,000,000","-5,000,000","11,000,000","17,000,000","14,000,000","-9,000,000","13,000,000","12,000,000","-29,000,000","16,000,000","31,000,000","17,000,000","-22,000,000","41,000,000","2,000,000","2,000,000","-5,000,000","5,000,000","-4,000,000","3,000,000","-43,000,000","5,000,000","-2,000,000","9,000,000","-2,000,000","25,000,000","2,000,000","2,000,000","-44,000,000","17,000,000","14,000,000","9,000,000","3,000,000","5,000,000","-3,000,000","5,000,000","-24,000,000","-8,000,000","6,000,000","1,000,000","-9,000,000","-4,000,000","-3,000,000","5,000,000","-4,500,000","800,000","-800,000","2,500,000","-300,000","1,800,000","1,200,000","3,000,000","1,800,000","800,000","-200,000","12,200,000",,,,,,,,,,,,,,,,,,
	SpecialIncomeCharges,"1,980,000,000","0","0","0","1,980,000,000",,,,,,,,,,,,,,,,,,,,,,,,,,,,,,,,,"-30,000,000","12,000,000","5,000,000","13,000,000","36,000,000","-13,000,000",,"5,000,000","-204,000,000","13,000,000","-10,000,000","7,000,000","2,000,000","41,000,000","13,000,000","8,000,000","-3,094,000,000","45,000,000","5,000,000","15,000,000","10,000,000","2,000,000","-15,000,000","-9,000,000","134,000,000","1,000,000","-9,000,000","-1,000,000","16,000,000","95,000,000","7,000,000","82,000,000","-25,000,000","-6,000,000","3,000,000","10,000,000","7,000,000","-5,000,000","11,000,000","17,000,000","14,000,000","-9,000,000","13,000,000","12,000,000","-29,000,000","16,000,000","31,000,000","17,000,000","-22,000,000","41,000,000","2,000,000","2,000,000","-5,000,000","5,000,000","-4,000,000","3,000,000","-43,000,000","5,000,000","-2,000,000","9,000,000","-2,000,000","25,000,000","2,000,000","2,000,000","-44,000,000","17,000,000","14,000,000","9,000,000","3,000,000","5,000,000","-3,000,000","5,000,000","-24,000,000","-8,000,000","6,000,000","1,000,000","-9,000,000","-4,000,000","-3,000,000","5,000,000","-4,500,000","800,000","-800,000","2,500,000","-300,000","1,800,000","1,200,000","3,000,000","1,800,000","800,000","-200,000","12,200,000",,,,,,,,,,,,,,,,,,
		GainOnSaleOfBusiness,"1,980,000,000","0","0","0","1,980,000,000",,,,,,,,,,,,,,,,,,,,,,,,,,,,,,,,,,,,,,,,,,,,,,,,,,,,,,,,,,,,,,,,,,,,,,,,,,,,,,,,,,,,,,,,,,,,,,,,,,,,,,,,,,,,,,,,,,,,,,,,,,,,,,,,,,,,,,,,,,,,,,
	OtherNonOperatingIncomeExpenses,"3,843,000,000","2,736,000,000","364,000,000","394,000,000","349,000,000","-687,000,000","336,000,000","363,000,000","244,000,000","-1,575,000,000","227,000,000","219,000,000","236,000,000","2,000,000","192,000,000","170,000,000","160,000,000","53,000,000","13,000,000","28,000,000","16,000,000","-6,000,000","17,000,000","7,000,000","13,000,000","7,000,000","10,000,000","-2,000,000",,"13,000,000","-6,000,000","6,000,000","10,000,000","13,000,000",,"-22,000,000","6,000,000",,,,,,,,,,,,,,,,,,,,,,,,,,,,,,,,,,,,,,,,,,,,,,,,,,,,,,,,,,,,,,,,,,,,,,,,,,,,,,,,,,,,,,,,,,,,,,,,,,,,,,,,,,,,,,
PretaxIncome,"8,938,000,000","3,345,000,000","1,275,000,000","1,302,000,000","3,016,000,000","305,000,000","1,167,000,000","1,203,000,000","1,053,000,000","-569,000,000","1,055,000,000","1,028,000,000","1,034,000,000","785,000,000","1,237,000,000","849,000,000","871,000,000","684,000,000","785,000,000","807,000,000","773,000,000","748,000,000","769,000,000","730,000,000","676,000,000","621,000,000","729,000,000","736,000,000","704,000,000","701,000,000","694,000,000","756,000,000","786,000,000","707,000,000","720,000,000","724,000,000","712,000,000","787,000,000","695,000,000","727,000,000","756,000,000","782,000,000","755,000,000","788,000,000","758,000,000","519,000,000","746,000,000","638,000,000","692,000,000","460,000,000","620,000,000","596,000,000","590,000,000","-2,258,000,000","742,000,000","739,000,000","409,000,000","699,000,000","731,000,000","652,000,000","590,000,000","687,000,000","474,000,000","589,000,000","517,000,000","459,000,000","435,000,000","554,000,000","596,000,000","422,000,000","442,000,000","390,000,000","347,000,000","294,000,000","324,000,000","300,000,000","213,000,000","334,000,000","198,000,000","264,000,000","216,000,000","214,000,000","133,000,000","192,000,000","160,000,000","219,000,000","240,000,000","273,000,000","270,000,000","215,000,000","203,000,000","180,000,000","164,000,000","0","184,000,000","147,000,000","-19,000,000","184,000,000","162,000,000","158,000,000","120,000,000","29,000,000","113,000,000","140,000,000","102,000,000","93,000,000","100,000,000","128,000,000","88,000,000","-182,000,000","62,000,000","106,000,000","79,000,000","-57,000,000","69,000,000","80,000,000","78,000,000","81,700,000","-49,400,000","76,600,000","71,100,000","79,700,000","82,400,000","55,900,000","59,200,000","63,300,000","63,900,000","43,400,000","24,700,000",,,,,,,,,,,,,,,,,,
TaxProvision,"1,933,000,000","635,000,000","212,000,000","265,000,000","821,000,000","-25,000,000","181,000,000","198,000,000","185,000,000","-160,000,000","122,000,000","167,000,000","171,000,000","128,000,000","93,000,000","160,000,000","132,000,000","506,000,000","140,000,000","255,000,000","133,000,000","223,000,000","167,000,000","213,000,000","120,000,000","162,000,000","213,000,000","205,000,000","220,000,000","195,000,000","221,000,000","245,000,000","207,000,000","229,000,000","223,000,000","236,000,000","223,000,000","254,000,000","236,000,000","247,000,000","250,000,000","232,000,000","235,000,000","268,000,000","262,000,000","143,000,000","257,000,000","-73,000,000","230,000,000","157,000,000","133,000,000","202,000,000","201,000,000","278,000,000","233,000,000","256,000,000","146,000,000","242,000,000","241,000,000","192,000,000","203,000,000","230,000,000","168,000,000","147,000,000","160,000,000","128,000,000","147,000,000","188,000,000","198,000,000","150,000,000","151,000,000","101,000,000","119,000,000","91,000,000","100,000,000","93,000,000","39,000,000","108,000,000","57,000,000","82,000,000","67,000,000","83,000,000","54,000,000","78,000,000","57,000,000","75,000,000","90,000,000","98,000,000","97,000,000","77,000,000","75,000,000","67,000,000","60,000,000","3,000,000","68,000,000","54,000,000","-7,000,000","67,000,000","64,000,000","58,000,000","45,000,000","12,000,000","43,000,000","54,000,000","41,000,000","35,000,000","39,000,000","49,000,000","34,000,000","-61,000,000","23,000,000","41,000,000","27,000,000","-22,000,000","43,000,000","27,000,000","26,000,000","26,400,000","-16,900,000","25,600,000","23,900,000","-59,200,000","28,600,000","19,700,000","19,900,000","20,600,000","21,500,000","14,100,000","8,200,000",,,,,,,,,,,,,,,,,,
NetIncomeCommonStockholders,"7,005,000,000","2,710,000,000","1,063,000,000","1,037,000,000","2,195,000,000","330,000,000","986,000,000","1,005,000,000","868,000,000","-409,000,000","933,000,000","861,000,000","863,000,000","657,000,000","1,144,000,000","689,000,000","739,000,000","178,000,000","645,000,000","552,000,000","640,000,000","525,000,000","602,000,000","517,000,000","556,000,000","459,000,000","516,000,000","531,000,000","484,000,000","506,000,000","473,000,000","511,000,000","579,000,000","478,000,000","497,000,000","488,000,000","489,000,000","533,000,000","459,000,000","480,000,000","506,000,000","548,000,000","520,000,000","520,000,000","530,000,000","376,000,000","497,000,000","711,000,000","469,000,000","413,000,000","490,000,000","394,000,000","389,000,000","-2,533,000,000","512,000,000","495,000,000","264,000,000","454,000,000","489,000,000","460,000,000","387,000,000","453,000,000","302,000,000","430,000,000","358,000,000","331,000,000","293,000,000","367,000,000","409,000,000","272,000,000","278,000,000","295,000,000","232,000,000","224,000,000","184,000,000","199,000,000","253,000,000","217,000,000","-65,000,000","176,000,000","143,000,000","125,000,000","73,000,000","108,000,000","103,000,000","125,000,000","132,000,000","178,000,000","173,000,000","138,000,000","128,000,000","113,000,000","88,000,000","-3,000,000","116,000,000","93,000,000","-12,000,000","117,000,000","98,000,000","100,000,000","75,000,000","17,000,000","70,000,000","86,000,000","61,000,000","58,000,000","61,000,000","79,000,000","54,000,000","-121,000,000","39,000,000","65,000,000","52,000,000","-35,000,000","26,000,000","53,000,000","52,000,000","55,300,000","-32,500,000","51,000,000","47,200,000","138,900,000","53,800,000","36,200,000","39,300,000","42,700,000","42,400,000","29,300,000","16,500,000",,,,,,,,,,,,,,,,,,
	NetIncome,"7,005,000,000","2,710,000,000","1,063,000,000","1,037,000,000","2,195,000,000","330,000,000","986,000,000","1,005,000,000","868,000,000","-409,000,000","933,000,000","861,000,000","863,000,000","657,000,000","1,144,000,000","689,000,000","739,000,000","178,000,000","645,000,000","552,000,000","640,000,000","525,000,000","602,000,000","517,000,000","556,000,000","459,000,000","516,000,000","531,000,000","484,000,000","506,000,000","473,000,000","511,000,000","579,000,000","478,000,000","497,000,000","488,000,000","489,000,000","533,000,000","459,000,000","480,000,000","506,000,000","548,000,000","520,000,000","520,000,000","530,000,000","376,000,000","497,000,000","711,000,000","469,000,000","413,000,000","490,000,000","394,000,000","389,000,000","-2,533,000,000","512,000,000","495,000,000","264,000,000","454,000,000","489,000,000","460,000,000","387,000,000","453,000,000","302,000,000","430,000,000","358,000,000","331,000,000","293,000,000","367,000,000","409,000,000","272,000,000","278,000,000","295,000,000","232,000,000","224,000,000","184,000,000","205,000,000","253,000,000","224,000,000","-59,000,000","182,000,000","149,000,000","131,000,000","79,000,000","114,000,000","103,000,000","125,000,000","132,000,000","178,000,000","173,000,000","138,000,000","128,000,000","113,000,000","88,000,000","-3,000,000","116,000,000","93,000,000","-12,000,000","117,000,000","98,000,000","100,000,000","75,000,000","17,000,000","70,000,000","86,000,000","61,000,000","58,000,000","61,000,000","79,000,000","54,000,000","-121,000,000","39,000,000","65,000,000","52,000,000","-35,000,000","26,000,000","53,000,000","52,000,000","55,300,000","-32,500,000","51,000,000","47,200,000","138,900,000","53,800,000","36,200,000","39,300,000","42,700,000","42,400,000","29,300,000","16,500,000",,,,,,,,,,,,,,,,,,
		NetIncomeIncludingNoncontrollingInterests,"7,005,000,000","2,710,000,000","1,063,000,000","1,037,000,000","2,195,000,000","330,000,000","986,000,000","1,005,000,000","868,000,000","-409,000,000","933,000,000","861,000,000","863,000,000","657,000,000","1,144,000,000","689,000,000","739,000,000","178,000,000","645,000,000","552,000,000","640,000,000","525,000,000","602,000,000","517,000,000","556,000,000","459,000,000","516,000,000","531,000,000","484,000,000","506,000,000","473,000,000","511,000,000","579,000,000","478,000,000","497,000,000","488,000,000","489,000,000","533,000,000","459,000,000","480,000,000","506,000,000","548,000,000","520,000,000","520,000,000","530,000,000","376,000,000","497,000,000","711,000,000","469,000,000","413,000,000","490,000,000","394,000,000","389,000,000","-2,533,000,000","512,000,000","495,000,000","264,000,000","454,000,000","489,000,000","460,000,000","387,000,000","453,000,000","302,000,000","430,000,000","358,000,000","331,000,000","293,000,000","367,000,000","409,000,000","272,000,000","278,000,000","295,000,000","232,000,000","224,000,000","184,000,000","205,000,000","253,000,000","224,000,000","-59,000,000","182,000,000","149,000,000","131,000,000","79,000,000","114,000,000","103,000,000","125,000,000","132,000,000","178,000,000","173,000,000","138,000,000","128,000,000","113,000,000","88,000,000","-3,000,000","116,000,000","93,000,000","-12,000,000","117,000,000","98,000,000","100,000,000","75,000,000","17,000,000","70,000,000","86,000,000","61,000,000","58,000,000","61,000,000","79,000,000","54,000,000","-121,000,000","39,000,000","65,000,000","52,000,000","-35,000,000","26,000,000","53,000,000","52,000,000","55,300,000","-32,500,000","51,000,000","47,200,000","138,900,000","53,800,000","36,200,000","39,300,000","42,700,000","42,400,000","29,300,000","16,500,000","-33,600,000","21,500,000","-78,100,000","9,700,000","-86,100,000","28,800,000","21,900,000","4,500,000","34,900,000","34,100,000","-15,400,000","40,600,000","9,300,000","-30,500,000","23,100,000","39,300,000","29,200,000","47,800,000"
			NetIncomeContinuousOperations,"7,005,000,000","2,710,000,000","1,063,000,000","1,037,000,000","2,195,000,000","330,000,000","986,000,000","1,005,000,000","868,000,000","-409,000,000","933,000,000","861,000,000","863,000,000","657,000,000","1,144,000,000","689,000,000","739,000,000","178,000,000","645,000,000","552,000,000","640,000,000","525,000,000","602,000,000","517,000,000","556,000,000","459,000,000","516,000,000","531,000,000","484,000,000","506,000,000","473,000,000","511,000,000","579,000,000","478,000,000","497,000,000","488,000,000","489,000,000","533,000,000","459,000,000","480,000,000","506,000,000","550,000,000","520,000,000","520,000,000","496,000,000","376,000,000","489,000,000","711,000,000","462,000,000","303,000,000","487,000,000","394,000,000","389,000,000","-2,536,000,000","509,000,000","483,000,000","263,000,000","457,000,000","490,000,000","460,000,000","387,000,000","457,000,000","306,000,000","442,000,000","357,000,000","331,000,000","288,000,000","366,000,000","398,000,000","272,000,000","291,000,000","289,000,000","228,000,000","203,000,000","224,000,000","207,000,000","174,000,000","226,000,000","141,000,000","182,000,000","149,000,000","131,000,000","79,000,000","114,000,000","103,000,000","144,000,000","150,000,000","175,000,000","173,000,000","138,000,000","128,000,000","113,000,000","104,000,000","-3,000,000","116,000,000","93,000,000","-12,000,000","117,000,000","98,000,000","100,000,000","75,000,000","17,000,000","70,000,000","86,000,000","61,000,000","58,000,000","61,000,000","79,000,000","54,000,000","-121,000,000","39,000,000","65,000,000","52,000,000","-35,000,000","26,000,000","53,000,000","52,000,000","55,300,000","-32,500,000","51,000,000","47,200,000","138,900,000","53,800,000","36,200,000","39,300,000","42,700,000","42,400,000","29,300,000","16,500,000","-33,600,000","21,500,000","-78,100,000","9,700,000","-86,100,000","28,800,000","21,900,000","4,500,000","34,900,000","34,100,000","-15,400,000","40,600,000","9,300,000","-30,500,000","23,100,000","39,300,000","29,200,000","47,800,000"
			NetIncomeDiscontinuousOperations,,,,,,,,,,,,,,,,,,,,,,,,,,,,,,,,,,,,,,"0","0","0","0","-2,000,000",,"0","34,000,000","0","8,000,000","0","7,000,000","110,000,000","3,000,000","0","0","3,000,000","3,000,000","12,000,000","1,000,000","-3,000,000","-1,000,000",,,"-4,000,000","-4,000,000","-12,000,000","1,000,000",,"5,000,000","1,000,000","11,000,000","-10,000,000",,"6,000,000","4,000,000","21,000,000",,"-2,000,000","79,000,000","-2,000,000","-200,000,000",,,,,,,"-19,000,000","-18,000,000","3,000,000",,,,,,,,,,,,,,,,,,,,,,,,,,,,,,,,,,,,,,,,,,,,,,,,,,,,,,,,,,,
			NetIncomeExtraordinary,,,,,,,,,,,,,,,,,,,,,,,,,,,,,,,,,,,,,,,,,,,,,,,,,,,,,,,,,,,,,,,,,,,,,,,,,,,"-40,000,000",,,"0",,,,,,,,,,,,"0",,,"-16,000,000",,,,,,,,,,,,,,,,,,,,,,,,,,,,,,,,,,,,,,,,,,,,,,,,,,,,,,
			NetIncomeFromTaxLossCarryforward,,,,,,,,,,,,,,,,,,,,,,,,,,,,,,,,,,,,,,,,,,,,,,,,,,,,,,,,,,,,,,,,,,,,,,,"-13,000,000",,,,,,,,,,,,,,,,,,,,,,,,,,,,,,,,,,,,,,,,,,,,,,,,,,,,,,,,,,,,,,,,,,,,,,,,,,,,
	PreferredStockDividends,,,,,,,,,,,,,,,,,,,,,,,,,,,,,,,,,,,,,,,,,,,,,,,,,,,,,,,,,,,,,,,,,,,,,,,,,,"0",,"6,000,000",,"7,000,000","6,000,000","6,000,000","6,000,000","6,000,000","6,000,000","6,000,000",,,,,,,,,,,,,,,,,,,,,,,,,,,,,,,,,,,,,,,,,,,,,,,,,,,,,,,,,,,,,,,
DilutedNIAvailtoComStockholders,"7,005,000,000","2,710,000,000","1,063,000,000","1,037,000,000","2,195,000,000","330,000,000","986,000,000","1,005,000,000","868,000,000","-409,000,000","933,000,000","861,000,000","863,000,000","657,000,000","1,144,000,000","689,000,000","739,000,000","178,000,000","645,000,000","552,000,000","640,000,000","525,000,000","602,000,000","517,000,000","556,000,000","459,000,000","516,000,000","531,000,000","484,000,000","506,000,000","473,000,000","511,000,000","579,000,000","478,000,000","497,000,000","488,000,000","489,000,000","533,000,000","459,000,000","480,000,000","506,000,000","548,000,000","520,000,000","520,000,000","530,000,000","376,000,000","497,000,000","711,000,000","469,000,000","413,000,000","490,000,000","394,000,000","389,000,000","-2,533,000,000","512,000,000","495,000,000","264,000,000","454,000,000","489,000,000","460,000,000","387,000,000","453,000,000","302,000,000","430,000,000","358,000,000","331,000,000","293,000,000","367,000,000","409,000,000","272,000,000","278,000,000","295,000,000","232,000,000","224,000,000","184,000,000","199,000,000","253,000,000","217,000,000","-65,000,000","176,000,000","143,000,000","125,000,000","73,000,000","108,000,000","103,000,000","125,000,000","132,000,000","178,000,000","173,000,000","138,000,000","128,000,000","113,000,000","88,000,000","-3,000,000","116,000,000","93,000,000","-12,000,000","117,000,000","98,000,000","100,000,000","75,000,000","17,000,000","70,000,000","86,000,000","61,000,000","58,000,000","61,000,000","79,000,000","54,000,000","-121,000,000","39,000,000","65,000,000","52,000,000","-35,000,000","26,000,000","53,000,000","52,000,000","55,300,000","-32,500,000","51,000,000","47,200,000","138,900,000","53,800,000","36,200,000","39,300,000","42,700,000","42,400,000","29,300,000","16,500,000",,,,,,,,,,,,,,,,,,
BasicEPS,,,"6.65","6.44","13.46",,"5.91","6.02","5.18",,"5.52","5.07","5.08",,"6.57","3.95","4.24",,"3.7","3.16","3.66",,"3.38","2.87","3.07",,"2.78","2.77","2.45",,"2.29","2.41","2.68",,"2.18","2.09","2.07",,"1.86","1.91","2",,"1.89","1.84","1.82",,"1.69","2.37","1.55",,"1.55","1.22","1.19",,"1.53","1.46","0.78",,"1.44","1.34","1.12",,"0.88","1.25","1.04",,"0.82","1.02","1.13",,"0.78","0.82","0.645",,"0.5","0.545","0.675",,"-0.29","0.78","0.645",,"0.425","0.645","0.715",,"0.935","1.275","1.235",,"0.92","0.825","0.635",,"0.84","0.68","-0.09",,"0.73","0.81","0.635",,"0.59","0.79","0.585",,"0.625","0.795","0.55",,"0.395","0.665","0.525",,"0.27","0.56","0.545",,"-0.345","0.54","0.5",,"0.57","0.385","0.42",,"0.45","0.315","0.235",,"0.23","-0.835","0.105",,"0.305","0.235","0.05",,"0.365","-0.165","0.435",,"-0.37","0.245","0.425",,"0.515"
DilutedEPS,,,"6.63","6.42","13.43",,"5.89","6.01","5.15",,"5.49","5.06","5.06",,"6.54","3.93","4.21",,"3.68","3.15","3.63",,"3.35","2.85","3.03",,"2.75","2.74","2.41",,"2.26","2.37","2.63",,"2.14","2.05","2.03",,"1.82","1.88","1.96",,"1.86","1.81","1.79",,"1.67","2.34","1.53",,"1.53","1.21","1.17",,"1.51","1.44","0.76",,"1.41","1.31","1.1",,"0.86","1.23","1.02",,"0.81","1","1.11",,"0.76","0.81","0.635",,"0.5","0.54","0.67",,"-0.29","0.765","0.635",,"0.42","0.64","0.71",,"0.93","1.275","1.235",,"0.915","0.82","0.63",,"0.835","0.67","-0.09",,"0.72","0.795","0.625",,"0.57","0.775","0.575",,"0.625","0.795","0.55",,"0.395","0.665","0.525",,"0.27","0.56","0.545",,"-0.345","0.54","0.5",,"0.57","0.385","0.42",,"0.45","0.315","0.235",,"0.23","-0.835","0.105",,"0.305","0.235","0.05",,"0.365","-0.165","0.435",,"-0.37","0.245","0.425",,"0.515"
BasicAverageShares,,,"159,800,000","161,000,000","163,100,000",,"166,800,000","166,900,000","167,700,000",,"169,100,000","169,700,000","170,000,000",,"174,100,000","174,500,000","174,300,000",,"174,200,000","174,500,000","174,800,000",,"178,100,000","180,100,000","181,300,000",,"185,800,000","191,800,000","197,700,000",,"206,200,000","212,400,000","216,300,000",,"228,200,000","234,000,000","236,400,000",,"247,200,000","250,800,000","253,100,000",,"274,900,000","282,600,000","291,800,000",,"293,500,000","299,600,000","302,500,000",,"317,100,000","322,000,000","326,900,000",,"334,200,000","339,000,000","338,800,000",,"340,200,000","343,300,000","345,300,000",,"344,700,000","344,000,000","343,300,000",,"356,200,000","358,500,000","360,700,000",,"357,510,000","359,756,098","361,320,000",,"366,000,000","365,860,000","365,400,000",,"226,140,000","225,680,000","222,560,000",,"170,800,000","166,800,000","144,400,000",,"141,600,000","139,800,000","139,800,000",,"139,130,435","136,969,697","138,582,677",,"138,095,238","136,764,706","133,333,333",,"134,246,575","123,456,790","118,110,236",,"118,644,068","108,860,759","104,273,504",,"97,600,000","99,371,069","98,181,818",,"98,734,177","98,200,000","98,200,000",,"96,296,296","94,642,857","95,412,844",,"94,202,899","94,444,444","94,400,000",,"94,385,965","94,025,974","93,571,429",,"94,222,222","93,015,873","70,212,766",,"94,002,000","93,792,000","93,964,000",,"93,964,000","93,964,000","93,642,000",,"93,622,000","93,174,000","93,156,000",,"93,138,000","92,944,000","92,598,000",,"92,590,000"
DilutedAverageShares,,,"160,400,000","161,500,000","163,500,000",,"167,300,000","167,300,000","168,400,000",,"169,900,000","170,300,000","170,700,000",,"174,900,000","175,400,000","175,400,000",,"175,300,000","175,500,000","176,100,000",,"179,600,000","181,500,000","183,400,000",,"187,900,000","193,700,000","200,500,000",,"209,200,000","215,200,000","220,400,000",,"232,600,000","237,500,000","241,000,000",,"252,100,000","254,700,000","258,000,000",,"279,300,000","287,200,000","296,900,000",,"297,600,000","303,800,000","306,100,000",,"320,600,000","325,800,000","332,100,000",,"340,100,000","344,100,000","349,300,000",,"352,600,000","355,300,000","358,300,000",,"351,000,000","350,100,000","350,800,000",,"362,200,000","365,200,000","367,000,000",,"365,789,474","364,197,531","365,200,000",,"369,020,000","368,740,000","368,520,000",,"230,420,000","229,640,000","225,520,000",,"172,800,000","168,100,000","145,520,000",,"141,600,000","139,800,000","139,800,000",,"139,890,710","137,804,878","139,682,540",,"138,922,156","138,805,970","133,333,333",,"136,111,111","125,786,164","120,000,000",,"122,807,018","110,967,742","106,086,957",,"97,600,000","99,371,069","98,181,818",,"98,734,177","98,200,000","98,200,000",,"96,296,296","94,642,857","95,412,844",,"94,202,899","94,444,444","94,400,000",,"94,385,965","94,025,974","93,571,429",,"94,222,222","93,015,873","70,212,766",,"94,002,000","93,792,000","93,964,000",,"93,964,000","93,964,000","93,642,000",,"93,622,000","93,174,000","93,156,000",,"93,138,000","92,944,000","92,598,000",,"92,590,000"
TotalOperatingIncomeAsReported,"5,651,000,000","742,000,000","1,043,000,000","1,044,000,000","2,822,000,000","1,152,000,000","985,000,000","994,000,000","934,000,000","1,136,000,000","951,000,000","946,000,000","936,000,000","925,000,000","1,178,000,000","823,000,000","854,000,000","767,000,000","845,000,000","855,000,000","832,000,000","831,000,000","826,000,000","797,000,000","739,000,000","689,000,000","794,000,000","813,000,000","780,000,000","762,000,000","769,000,000","820,000,000","845,000,000","768,000,000","790,000,000","806,000,000","759,000,000","824,000,000","736,000,000","774,000,000","796,000,000","799,000,000","825,000,000","841,000,000","811,000,000","788,000,000","801,000,000","716,000,000","765,000,000","520,000,000","655,000,000","653,000,000","655,000,000","-2,152,000,000","771,000,000","806,000,000","464,000,000","760,000,000","807,000,000","744,000,000","681,000,000","622,000,000","546,000,000","682,000,000","595,000,000","534,000,000","433,000,000","616,000,000","595,000,000","572,000,000","538,000,000","483,000,000","434,000,000","388,000,000","431,000,000","391,000,000","328,000,000","411,000,000","313,000,000","356,000,000","313,000,000","314,000,000","225,000,000","275,000,000","-58,000,000","252,000,000","242,000,000","317,000,000","314,000,000","253,000,000","262,000,000","238,000,000","216,000,000","103,000,000","238,000,000","208,000,000","27,000,000","246,000,000","205,000,000","221,000,000","182,000,000","146,000,000","165,000,000","208,000,000","139,000,000","121,000,000","131,000,000","167,000,000","117,000,000","-122,000,000","105,000,000","133,000,000","83,000,000","-40,000,000","83,000,000","93,000,000","83,000,000","98,700,000","-39,100,000","89,200,000","80,200,000","96,900,000","99,800,000","76,300,000","78,500,000","84,400,000","87,100,000","66,700,000","38,400,000",,,,,,,,,,,,,,,,,,
TotalExpenses,"31,996,000,000","7,897,000,000","7,677,000,000","8,107,000,000","8,315,000,000","9,060,000,000","8,098,000,000","7,890,000,000","7,686,000,000","7,585,000,000","7,524,000,000","7,510,000,000","7,253,000,000","7,231,000,000","6,907,000,000","6,296,000,000","5,881,000,000","5,867,000,000","5,682,000,000","5,520,000,000","5,435,000,000","5,566,000,000","5,329,000,000","5,203,000,000","5,217,000,000","5,005,000,000","5,185,000,000","5,083,000,000","5,177,000,000","5,346,000,000","5,215,000,000","5,219,000,000","5,003,000,000","5,389,000,000","5,316,000,000","5,488,000,000","5,345,000,000","5,652,000,000","5,534,000,000","5,500,000,000","5,402,000,000","5,707,000,000","5,787,000,000","5,719,000,000","5,923,000,000","7,819,000,000","7,913,000,000","8,110,000,000","7,845,000,000","7,232,000,000","8,071,000,000","8,304,000,000","7,665,000,000","11,306,000,000","7,610,000,000","7,822,000,000","7,260,000,000","8,064,000,000","7,121,000,000","7,185,000,000","6,663,000,000","7,399,000,000","6,887,000,000","6,919,000,000","6,589,000,000","7,326,000,000","7,013,000,000","7,346,000,000","6,858,000,000","7,274,000,000","6,870,000,000","6,891,000,000","6,671,000,000","6,706,000,000","6,188,000,000","6,236,000,000","5,538,000,000","4,419,000,000","3,901,000,000","4,040,000,000","3,773,000,000","3,990,000,000","3,380,000,000","3,388,000,000","1,796,000,000","1,977,000,000","1,489,000,000","1,539,000,000","1,766,000,000","2,253,000,000","1,860,000,000","2,036,000,000","1,877,000,000","2,433,000,000","1,975,000,000","1,931,000,000","1,987,000,000","2,264,000,000","2,092,000,000","1,866,000,000","1,782,000,000","2,136,000,000","1,878,000,000","1,935,000,000","1,464,000,000","1,691,000,000","1,499,000,000","1,592,000,000","1,500,000,000","2,002,000,000","1,822,000,000","1,553,000,000","1,135,000,000","1,296,000,000","1,137,000,000","1,219,000,000","1,192,000,000","1,415,400,000","1,332,700,000","1,352,600,000","1,220,300,000","1,470,400,000","1,455,300,000","1,248,700,000","1,168,300,000","1,436,700,000","1,190,300,000","1,347,400,000","815,500,000",,,,,,,,,,,,,,,,,,
NetIncomeFromContinuingAndDiscontinuedOperation,"7,005,000,000","2,710,000,000","1,063,000,000","1,037,000,000","2,195,000,000","330,000,000","986,000,000","1,005,000,000","868,000,000","-409,000,000","933,000,000","861,000,000","863,000,000","657,000,000","1,144,000,000","689,000,000","739,000,000","178,000,000","645,000,000","552,000,000","640,000,000","525,000,000","602,000,000","517,000,000","556,000,000","459,000,000","516,000,000","531,000,000","484,000,000","506,000,000","473,000,000","511,000,000","579,000,000","478,000,000","497,000,000","488,000,000","489,000,000","533,000,000","459,000,000","480,000,000","506,000,000","548,000,000","520,000,000","520,000,000","530,000,000","376,000,000","497,000,000","711,000,000","469,000,000","413,000,000","490,000,000","394,000,000","389,000,000","-2,533,000,000","512,000,000","495,000,000","264,000,000","454,000,000","489,000,000","460,000,000","387,000,000","453,000,000","302,000,000","430,000,000","358,000,000","314,000,000","293,000,000","367,000,000","409,000,000","262,000,000","291,000,000","295,000,000","232,000,000","224,000,000","224,000,000","205,000,000","253,000,000","224,000,000","-59,000,000","182,000,000","149,000,000","131,000,000","79,000,000","114,000,000","103,000,000","125,000,000","132,000,000","178,000,000","173,000,000","138,000,000","128,000,000","113,000,000","104,000,000","-3,000,000","116,000,000","93,000,000","-12,000,000","117,000,000","98,000,000","100,000,000","75,000,000","17,000,000","70,000,000","86,000,000","61,000,000","58,000,000","61,000,000","79,000,000","54,000,000","-121,000,000","39,000,000","65,000,000","52,000,000","-35,000,000","26,000,000","53,000,000","52,000,000","55,300,000","-32,500,000","51,000,000","47,200,000","138,900,000","53,800,000","36,200,000","39,300,000","42,700,000","42,400,000","29,300,000","16,500,000",,,,,,,,,,,,,,,,,,
NormalizedIncome,"5,452,680,000","2,710,000,000","1,063,000,000","1,037,000,000","753,560,000","330,000,000","986,000,000","1,005,000,000","868,000,000","-409,000,000","933,000,000","861,000,000","863,000,000","657,000,000","1,144,000,000","689,000,000","739,000,000","178,000,000","645,000,000","552,000,000","640,000,000","525,000,000","602,000,000","517,000,000","556,000,000","459,000,000","516,000,000","531,000,000","484,000,000","506,000,000","473,000,000","511,000,000","579,000,000","478,000,000","497,000,000","488,000,000","489,000,000","553,317,662.008","451,074,820.144","476,698,762.036","497,298,941.799","524,680,306.905","528,953,642.384","520,000,000","492,728,232.19","523,791,907.514","480,478,552.279","717,500,000","457,326,589.595","301,682,608.696","454,795,161.29","385,406,040.268","383,725,423.729","-524,900,000","478,130,727.763","479,732,070.365","253,354,523.227","450,462,088.698","488,659,370.725","470,582,822.086","392,903,389.831","367,861,717.613","305,354,430.38","448,753,820.034","357,690,522.244","319,461,873.638","225,103,448.276","361,375,451.264","343,241,610.738","288,113,744.076","294,950,226.244","286,776,923.077","221,429,394.813","198,166,666.667","227,456,790.123","199,410,000","160,112,676.056","216,526,946.108","147,409,090.909","173,037,878.788","140,722,222.222","148,752,336.449","69,400,000","95,400,000","92,056,250","158,465,753.425","124,375,000","173,717,948.718","171,718,518.519","141,209,302.326","124,847,290.64","115,511,111.111","102,097,560.976","40,000,000","112,847,826.087","94,265,306.122","-17,684,210.526","118,271,739.13","82,876,543.21","98,734,177.215","73,750,000","43,400,000","59,469,026.549","77,400,000","55,600,000","56,129,032.258","57,950,000","80,851,562.5","50,931,818.182","-105,043,956.044","44,032,258.065","61,320,754.717","51,341,772.152","-29,473,684.211","28,400,000","54,987,500","48,666,666.667","58,345,899.633","-33,026,315.789","51,532,637.076","45,540,365.682","139,080,000","52,624,757.282","35,422,898.032","37,308,445.946","41,485,781.991","41,869,170.579","29,435,023.041","8,350,202.429",,,,,,,,,,,,,,,,,,
InterestExpense,"556,000,000","133,000,000","132,000,000","136,000,000","155,000,000","160,000,000","154,000,000","154,000,000","125,000,000","130,000,000","123,000,000","137,000,000","138,000,000","142,000,000","133,000,000","144,000,000","143,000,000","136,000,000","73,000,000","76,000,000","75,000,000","77,000,000","74,000,000","74,000,000","76,000,000","75,000,000","75,000,000","75,000,000","76,000,000","74,000,000","69,000,000","70,000,000","69,000,000","74,000,000","70,000,000","60,000,000","53,000,000","54,000,000","53,000,000","52,000,000","53,000,000","53,000,000","57,000,000","53,000,000","58,000,000","65,000,000","68,000,000","68,000,000","80,000,000","62,000,000","76,000,000","70,000,000","73,000,000",,,,,,,,,,,,,,,,,,,,,,,,,,,,,,,,,,,,,,,,,,,,,,,,,,,,,,,,,,,,,,,,,,,,,,,,,,,,,,,,,,,,,,,,,,,,,,
NetInterestIncome,"-556,000,000","-133,000,000","-132,000,000","-136,000,000","-155,000,000","-160,000,000","-154,000,000","-154,000,000","-125,000,000","-130,000,000","-123,000,000","-137,000,000","-138,000,000","-142,000,000","-133,000,000","-144,000,000","-143,000,000","-136,000,000","-73,000,000","-76,000,000","-75,000,000","-77,000,000","-74,000,000","-74,000,000","-76,000,000","-75,000,000","-75,000,000","-75,000,000","-76,000,000","-74,000,000","-69,000,000","-70,000,000","-69,000,000","-74,000,000","-70,000,000","-60,000,000","-53,000,000","-54,000,000","-53,000,000","-52,000,000","-53,000,000","-53,000,000","-57,000,000","-53,000,000","-58,000,000","-65,000,000","-68,000,000","-68,000,000","-80,000,000","-62,000,000","-76,000,000","-70,000,000","-73,000,000",,,,,,,,,,,,,,,,,,,,,,,,,,,,,,,,,,,,,,,,,,,,,,,,,,,,,,,,,,,,,,,,,,,,,,,,,,,,,,,,,,,,,,,,,,,,,,
EBIT,"9,494,000,000","3,478,000,000","1,407,000,000","1,438,000,000","3,171,000,000","465,000,000","1,321,000,000","1,357,000,000","1,178,000,000","-439,000,000","1,178,000,000","1,165,000,000","1,172,000,000","927,000,000","1,370,000,000","993,000,000","1,014,000,000","820,000,000","858,000,000","883,000,000","848,000,000","825,000,000","843,000,000","804,000,000","752,000,000","696,000,000","804,000,000","811,000,000","780,000,000","775,000,000","763,000,000","826,000,000","855,000,000","781,000,000","790,000,000","784,000,000","765,000,000","841,000,000","748,000,000","779,000,000","809,000,000","835,000,000","812,000,000","841,000,000","816,000,000","584,000,000","814,000,000","706,000,000","772,000,000","522,000,000","696,000,000","666,000,000","663,000,000","-2,152,000,000","771,000,000","806,000,000","464,000,000","760,000,000","807,000,000","744,000,000","681,000,000","622,000,000","546,000,000","682,000,000","595,000,000","534,000,000","433,000,000","616,000,000","595,000,000","572,000,000","538,000,000","483,000,000","434,000,000","388,000,000","431,000,000","391,000,000","328,000,000","411,000,000","313,000,000","356,000,000","313,000,000","314,000,000","225,000,000","275,000,000","190,000,000","252,000,000","242,000,000","317,000,000","314,000,000","253,000,000","262,000,000","238,000,000","216,000,000","103,000,000","238,000,000","208,000,000","27,000,000","246,000,000","205,000,000","221,000,000","182,000,000","146,000,000","165,000,000","208,000,000","139,000,000","121,000,000","131,000,000","167,000,000","117,000,000","-122,000,000","105,000,000","133,000,000","83,000,000","-40,000,000","83,000,000","93,000,000","83,000,000","98,700,000","-39,100,000","89,200,000","80,200,000","96,900,000","99,800,000","76,300,000","78,500,000","84,400,000","87,100,000","66,700,000","38,400,000","-3,900,100,000","1,245,600,000","1,397,100,000","1,280,700,000","-4,045,900,000","1,356,500,000","1,345,700,000","1,368,900,000","-4,118,800,000","1,459,000,000","1,420,000,000","1,400,000,000","-3,879,200,000","1,260,000,000","1,400,000,000","1,300,000,000","-3,217,400,000","1,213,300,000"
EBITDA,"10,733,000,000"
ReconciledCostOfRevenue,"28,399,000,000","7,088,000,000","6,786,000,000","7,108,000,000","7,417,000,000","8,122,000,000","7,243,000,000","7,058,000,000","6,898,000,000","6,615,000,000","6,748,000,000","6,726,000,000","6,493,000,000","6,487,000,000","6,090,000,000","5,557,000,000","5,170,000,000","5,221,000,000","5,016,000,000","4,854,000,000","4,758,000,000","4,920,000,000","4,667,000,000","4,583,000,000","4,561,000,000","4,378,000,000","4,522,000,000","4,442,000,000","4,542,000,000","4,653,000,000","4,635,000,000","4,629,000,000","4,461,000,000","4,828,000,000","4,761,000,000","4,906,000,000","4,787,000,000","4,915,000,000","4,962,000,000","4,920,000,000","4,841,000,000","5,070,000,000","5,198,000,000","5,163,000,000","5,355,000,000","7,004,000,000","7,188,000,000","7,340,000,000","7,077,000,000","6,381,000,000","7,303,000,000","7,530,000,000","6,916,000,000","7,326,000,000","6,825,000,000","7,025,000,000","6,522,000,000","7,182,000,000","6,330,000,000","6,361,000,000","5,948,000,000","6,593,000,000","6,100,000,000","6,155,000,000","5,894,000,000","6,421,000,000","6,332,000,000","6,641,000,000","6,196,000,000","6,558,000,000","6,227,000,000","6,282,000,000","6,042,000,000","6,094,000,000","5,580,000,000","5,685,000,000","4,963,000,000","3,947,000,000","3,440,000,000","3,587,000,000","3,386,000,000","3,563,000,000","3,089,000,000","3,019,000,000","1,548,000,000","1,447,000,000","1,191,000,000","1,220,000,000","1,426,000,000","1,779,000,000","1,491,000,000","1,674,000,000","1,519,000,000","1,729,000,000","1,667,000,000","1,615,000,000","1,450,000,000","1,596,000,000","1,770,000,000","1,526,000,000","1,483,000,000","1,559,000,000","1,503,000,000","1,531,000,000","1,203,000,000","1,316,000,000","1,205,000,000","1,285,000,000","1,233,000,000","1,485,000,000","1,473,000,000","1,274,000,000","978,000,000","1,101,000,000","940,000,000","1,064,000,000","1,043,000,000","1,281,000,000","1,172,400,000","1,192,300,000","1,062,300,000","1,249,700,000","1,303,200,000","1,075,400,000","1,011,700,000","1,276,300,000","1,042,600,000","1,158,900,000","761,100,000",,,,,,,,,,,,,,,,,,
ReconciledDepreciation,"1,239,000,000","331,000,000","314,000,000","300,000,000","294,000,000","345,000,000","317,000,000","308,000,000","297,000,000","281,000,000","258,000,000","245,000,000","234,000,000","266,000,000","253,000,000","159,000,000","122,000,000","153,000,000","111,000,000","107,000,000","104,000,000","134,000,000","113,000,000","106,000,000","103,000,000","138,000,000","113,000,000","117,000,000","99,000,000","140,000,000","105,000,000","108,000,000","109,000,000","150,000,000","120,000,000","115,000,000","110,000,000","139,000,000","128,000,000","123,000,000","120,000,000","157,000,000","132,000,000","134,000,000","121,000,000","201,000,000","183,000,000","175,000,000","179,000,000","157,000,000",,,"137,000,000","197,000,000","184,000,000","185,000,000","195,000,000","205,000,000","175,000,000","173,000,000","166,000,000","183,000,000","165,000,000","170,000,000","173,000,000","212,000,000","188,000,000","182,000,000","173,000,000","185,000,000","191,000,000","172,000,000","169,000,000","168,000,000","163,000,000","131,000,000","173,000,000","127,000,000","105,000,000","153,000,000","140,000,000","176,000,000","203,000,000","167,000,000","99,000,000","100,000,000","87,000,000","99,000,000","95,000,000","101,000,000","95,000,000","103,000,000","90,000,000","104,000,000","102,000,000","95,000,000","92,000,000","115,000,000","100,000,000","110,000,000","93,000,000","94,000,000","103,000,000","100,000,000","70,000,000","75,000,000","64,000,000","75,000,000","66,000,000","68,000,000","82,000,000","76,000,000","41,000,000","64,000,000","78,000,000","38,000,000","31,000,000","41,500,000","40,900,000","37,400,000","38,200,000","43,600,000","44,300,000","41,800,000","41,600,000","47,600,000","46,900,000","64,600,000","27,500,000",,,,,,,,,,,,,,,,,,
NetIncomeFromContinuingOperationNetMinorityInterest,"7,005,000,000","2,710,000,000","1,063,000,000","1,037,000,000","2,195,000,000","330,000,000","986,000,000","1,005,000,000","868,000,000","-409,000,000","933,000,000","861,000,000","863,000,000","657,000,000","1,144,000,000","689,000,000","739,000,000","178,000,000","645,000,000","552,000,000","640,000,000","525,000,000","602,000,000","517,000,000","556,000,000","459,000,000","516,000,000","531,000,000","484,000,000","506,000,000","473,000,000","511,000,000","579,000,000","478,000,000","497,000,000","488,000,000","489,000,000","533,000,000","459,000,000","480,000,000","506,000,000","550,000,000","520,000,000","520,000,000","496,000,000","376,000,000","489,000,000","711,000,000","462,000,000","303,000,000","487,000,000","394,000,000","389,000,000","-2,536,000,000","509,000,000","483,000,000","263,000,000","457,000,000","490,000,000","460,000,000","387,000,000","457,000,000","306,000,000","442,000,000","357,000,000","331,000,000","288,000,000","366,000,000","398,000,000","272,000,000","291,000,000","289,000,000","228,000,000","203,000,000","224,000,000","207,000,000","174,000,000","226,000,000","141,000,000","182,000,000","149,000,000","131,000,000","79,000,000","114,000,000","103,000,000","144,000,000","150,000,000","175,000,000","173,000,000","138,000,000","128,000,000","113,000,000","104,000,000","-3,000,000","116,000,000","93,000,000","-12,000,000","117,000,000","98,000,000","100,000,000","75,000,000","17,000,000","70,000,000","86,000,000","61,000,000","58,000,000","61,000,000","79,000,000","54,000,000","-121,000,000","39,000,000","65,000,000","52,000,000","-35,000,000","26,000,000","53,000,000","52,000,000","55,300,000","-32,500,000","51,000,000","47,200,000","138,900,000","53,800,000","36,200,000","39,300,000","42,700,000","42,400,000","29,300,000","16,500,000",,,,,,,,,,,,,,,,,,
TotalUnusualItemsExcludingGoodwill,"1,980,000,000","0","0","0","1,980,000,000",,,,,,,,,,,,,,,,,,,,,,,,,,,,,,,,,"-30,000,000","12,000,000","5,000,000","13,000,000","36,000,000","-13,000,000",,"5,000,000","-204,000,000","13,000,000","-10,000,000","7,000,000","2,000,000","41,000,000","13,000,000","8,000,000","-3,094,000,000","45,000,000","5,000,000","15,000,000","10,000,000","2,000,000","-15,000,000","-9,000,000","134,000,000","1,000,000","-9,000,000","-1,000,000","16,000,000","95,000,000","7,000,000","82,000,000","-25,000,000","-6,000,000","3,000,000","10,000,000","7,000,000","-5,000,000","11,000,000","17,000,000","14,000,000","-9,000,000","13,000,000","12,000,000","-29,000,000","16,000,000","31,000,000","17,000,000","-22,000,000","41,000,000","2,000,000","2,000,000","-5,000,000","5,000,000","-4,000,000","3,000,000","-43,000,000","5,000,000","-2,000,000","9,000,000","-2,000,000","25,000,000","2,000,000","2,000,000","-44,000,000","17,000,000","14,000,000","9,000,000","3,000,000","5,000,000","-3,000,000","5,000,000","-24,000,000","-8,000,000","6,000,000","1,000,000","-9,000,000","-4,000,000","-3,000,000","5,000,000","-4,500,000","800,000","-800,000","2,500,000","-300,000","1,800,000","1,200,000","3,000,000","1,800,000","800,000","-200,000","12,200,000",,,,,,,,,,,,,,,,,,
TotalUnusualItems,"1,980,000,000","0","0","0","1,980,000,000",,,,,,,,,,,,,,,,,,,,,,,,,,,,,,,,,"-30,000,000","12,000,000","5,000,000","13,000,000","36,000,000","-13,000,000",,"5,000,000","-204,000,000","13,000,000","-10,000,000","7,000,000","2,000,000","41,000,000","13,000,000","8,000,000","-3,094,000,000","45,000,000","5,000,000","15,000,000","10,000,000","2,000,000","-15,000,000","-9,000,000","134,000,000","1,000,000","-9,000,000","-1,000,000","16,000,000","95,000,000","7,000,000","82,000,000","-25,000,000","-6,000,000","3,000,000","10,000,000","7,000,000","-5,000,000","11,000,000","17,000,000","14,000,000","-9,000,000","13,000,000","12,000,000","-29,000,000","16,000,000","31,000,000","17,000,000","-22,000,000","41,000,000","2,000,000","2,000,000","-5,000,000","5,000,000","-4,000,000","3,000,000","-43,000,000","5,000,000","-2,000,000","9,000,000","-2,000,000","25,000,000","2,000,000","2,000,000","-44,000,000","17,000,000","14,000,000","9,000,000","3,000,000","5,000,000","-3,000,000","5,000,000","-24,000,000","-8,000,000","6,000,000","1,000,000","-9,000,000","-4,000,000","-3,000,000","5,000,000","-4,500,000","800,000","-800,000","2,500,000","-300,000","1,800,000","1,200,000","3,000,000","1,800,000","800,000","-200,000","12,200,000",,,,,,,,,,,,,,,,,,
NormalizedEBITDA,"8,753,000,000","3,809,000,000","1,721,000,000","1,738,000,000","1,485,000,000","810,000,000","1,638,000,000","1,665,000,000","1,475,000,000","-158,000,000","1,436,000,000","1,410,000,000","1,406,000,000","1,193,000,000","1,623,000,000","1,152,000,000","1,136,000,000","973,000,000","969,000,000","990,000,000","952,000,000","959,000,000","956,000,000","910,000,000","855,000,000","834,000,000","917,000,000","928,000,000","879,000,000","915,000,000","868,000,000","934,000,000","964,000,000","931,000,000","910,000,000","899,000,000","875,000,000","1,010,000,000","864,000,000","897,000,000","916,000,000","956,000,000","957,000,000","975,000,000","932,000,000","989,000,000","984,000,000","891,000,000","944,000,000","677,000,000","655,000,000","653,000,000","792,000,000","1,139,000,000","910,000,000","986,000,000","644,000,000","955,000,000","980,000,000","932,000,000","856,000,000","671,000,000","710,000,000","861,000,000","769,000,000","730,000,000","526,000,000","791,000,000","686,000,000","782,000,000","735,000,000","652,000,000","593,000,000","549,000,000","599,000,000","511,000,000","484,000,000","524,000,000","427,000,000","496,000,000","441,000,000","519,000,000","412,000,000","411,000,000","272,000,000","374,000,000","288,000,000","414,000,000","407,000,000","359,000,000","352,000,000","345,000,000","303,000,000","250,000,000","335,000,000","305,000,000","110,000,000","363,000,000","280,000,000","329,000,000","273,000,000","284,000,000","251,000,000","294,000,000","200,000,000","193,000,000","190,000,000","245,000,000","178,000,000","-30,000,000","195,000,000","203,000,000","123,000,000","33,000,000","165,000,000","134,000,000","109,000,000","144,700,000","1,000,000","127,800,000","115,900,000","140,800,000","142,300,000","116,900,000","117,100,000","130,200,000","133,200,000","131,500,000","53,700,000","-3,900,100,000","1,245,600,000","1,397,100,000","1,280,700,000","-4,045,900,000","1,356,500,000","1,345,700,000","1,368,900,000","-4,118,800,000","1,459,000,000","1,420,000,000","1,400,000,000","-3,879,200,000","1,260,000,000","1,400,000,000","1,300,000,000","-3,217,400,000","1,213,300,000"
TaxRateForCalcs,"0.216","0.19","0.166","0.204","0.272","0.27","0.155","0.165","0.176","0.281","0.116","0.162","0.165","0.163","0.075","0.188","0.152","0.4","0.178","0.316","0.172","0.298","0.217","0.292","0.178","0.261","0.292","0.279","0.313","0.278","0.318","0.324","0.263","0.324","0.31","0.326","0.313","0.323","0.34","0.34","0.331","0.297","0.311","0.34","0.346","0.276","0.345","0.35","0.332","0.341","0.215","0.339","0.341","0.35","0.314","0.346","0.357","0.346","0.33","0.294","0.344","0.335","0.354","0.25","0.309","0.279","0.338","0.339","0.332","0.355","0.342","0.259","0.343","0.31","0.309","0.31","0.183","0.323","0.288","0.311","0.31","0.388","0.4","0.4","0.356","0.342","0.375","0.359","0.359","0.358","0.369","0.372","0.366","0","0.37","0.367","0.368","0.364","0.395","0.367","0.375","0.4","0.381","0.386","0.4","0.376","0.39","0.383","0.386","0.335","0.371","0.387","0.342","0.386","0.4","0.338","0.333","0.323","0.342","0.334","0.336","0.4","0.347","0.352","0.336","0.325","0.336","0.325","0.332",,,,,,,,,,,,,,,,,,
TaxEffectOfUnusualItems,"427,680,000","0","0","0","538,560,000","0","0","0","0","0","0","0","0","0","0","0","0","0","0","0","0","0","0","0","0","0","0","0","0","0","0","0","0","0","0","0","0","-9,682,337.992","4,074,820.144","1,698,762.036","4,298,941.799","10,680,306.905","-4,046,357.616","0","1,728,232.19","-56,208,092.486","4,478,552.279","-3,500,000","2,326,589.595","682,608.696","8,795,161.29","4,406,040.268","2,725,423.729","-1,082,900,000","14,130,727.763","1,732,070.365","5,354,523.227","3,462,088.698","659,370.725","-4,417,177.914","-3,096,610.169","44,861,717.613","354,430.38","-2,246,179.966","-309,477.756","4,461,873.638","32,103,448.276","2,375,451.264","27,241,610.738","-8,886,255.924","-2,049,773.756","776,923.077","3,429,394.813","2,166,666.667","-1,543,209.877","3,410,000","3,112,676.056","4,526,946.108","-2,590,909.091","4,037,878.788","3,722,222.222","-11,247,663.551","6,400,000","12,400,000","6,056,250","-7,534,246.575","15,375,000","717,948.718","718,518.519","-1,790,697.674","1,847,290.64","-1,488,888.889","1,097,560.976","0","1,847,826.087","-734,693.878","3,315,789.474","-728,260.87","9,876,543.21","734,177.215","750,000","-17,600,000","6,469,026.549","5,400,000","3,600,000","1,129,032.258","1,950,000","-1,148,437.5","1,931,818.182","-8,043,956.044","-2,967,741.935","2,320,754.717","341,772.152","-3,473,684.211","-1,600,000","-1,012,500","1,666,666.667","-1,454,100.367","273,684.211","-267,362.924","840,365.682","-120,000","624,757.282","422,898.032","1,008,445.946","585,781.991","269,170.579","-64,976.959","4,050,202.429",,,,,,,,,,,,,,,,,,