name,ttm,12/31/2021,09/30/2021,06/30/2021,03/31/2021,12/31/2020,09/30/2020,06/30/2020,03/31/2020,12/31/2019,09/30/2019,06/30/2019,03/31/2019,12/31/2018,09/30/2018,06/30/2018,03/31/2018,12/31/2017,09/30/2017,06/30/2017,03/31/2017,12/31/2016,09/30/2016,06/30/2016,03/31/2016,12/31/2015,09/30/2015,06/30/2015,03/31/2015,12/31/2014,09/30/2014,06/30/2014,03/31/2014,12/31/2013,09/30/2013,06/30/2013,03/31/2013,12/31/2012,09/30/2012,06/30/2012,03/31/2012,12/31/2011,09/30/2011,06/30/2011,03/31/2011,12/31/2010,09/30/2010,06/30/2010,03/31/2010,12/31/2009,09/30/2009,06/30/2009,03/31/2009,12/31/2008,09/30/2008,06/30/2008,03/31/2008,12/31/2007,09/30/2007,06/30/2007,03/31/2007,12/31/2006,09/30/2006,06/30/2006,03/31/2006,12/31/2005,09/30/2005,06/30/2005,03/31/2005,12/31/2004,09/30/2004,06/30/2004,03/31/2004,12/31/2003,09/30/2003,06/30/2003,03/31/2003,12/31/2002,09/30/2002,06/30/2002,03/31/2002,12/31/2001,09/30/2001,06/30/2001,03/31/2001,12/31/2000,09/30/2000,06/30/2000,03/31/2000,12/31/1999,09/30/1999,06/30/1999,03/31/1999,12/31/1998,09/30/1998,06/30/1998,03/31/1998,12/31/1997,09/30/1997,06/30/1997,03/31/1997,12/31/1996,09/30/1996,06/30/1996,03/31/1996,12/31/1995,09/30/1995,06/30/1995,03/31/1995,12/31/1994,09/30/1994,06/30/1994,03/31/1994,12/31/1993,09/30/1993,06/30/1993,03/31/1993,12/31/1992,09/30/1992,06/30/1992,03/31/1992,12/31/1991,09/30/1991,06/30/1991,03/31/1991,12/31/1990,09/30/1990,06/30/1990,03/31/1990,12/31/1989,09/30/1989,06/30/1989,03/31/1989,12/31/1988,09/30/1988,06/30/1988,03/31/1988,12/31/1987,09/30/1987,06/30/1987,03/31/1987,12/31/1986,09/30/1986,06/30/1986,03/31/1986,12/31/1985,09/30/1985
TotalRevenue,"6,464,500,000","1,667,000,000","1,633,800,000","1,580,300,000","1,583,400,000","1,521,900,000","1,485,100,000","1,506,100,000","1,587,700,000","1,547,700,000","1,537,900,000","1,506,600,000","1,480,900,000","1,503,800,000","1,474,300,000","1,506,100,000","1,476,000,000","1,424,500,000","1,345,200,000","1,321,200,000","1,284,400,000","1,233,900,000","1,213,700,000","1,201,100,000","1,190,000,000","1,156,700,000","1,155,500,000","1,156,000,000","1,134,500,000","1,130,100,000","1,078,900,000","1,081,700,000","1,040,500,000","1,012,600,000","1,047,200,000","1,020,500,000","976,400,000","969,700,000","972,500,000","988,500,000","965,400,000","955,600,000","971,500,000","944,800,000","897,900,000","896,100,000","889,500,000","964,200,000","897,900,000","1,049,700,000","917,700,000","1,035,200,000","893,600,000","964,700,000","926,200,000","1,081,400,000","1,133,400,000","956,000,000","873,700,000","869,000,000","808,200,000","758,700,000","733,500,000","776,200,000","727,700,000","675,600,000","670,100,000","672,700,000","606,800,000","589,000,000","546,400,000","571,600,000","565,000,000","530,300,000","525,700,000","538,100,000","513,800,000","510,300,000","520,400,000","551,700,000","540,900,000","538,200,000","538,800,000","560,700,000","537,600,000","535,400,000","534,700,000","533,700,000","501,800,000","478,700,000","434,700,000","428,900,000","411,700,000","411,000,000","382,700,000","384,900,000","370,200,000","360,600,000","364,300,000","332,400,000","314,800,000","301,300,000","293,100,000","290,700,000","281,100,000","266,300,000","262,800,000","256,500,000","250,100,000","239,200,000","237,600,000","260,100,000","231,100,000","224,700,000","222,400,000","217,400,000","217,200,000","214,100,000","204,800,000","202,400,000","199,300,000","179,600,000","171,100,000","173,900,000","170,100,000","163,900,000","157,000,000","150,800,000","146,900,000","148,800,000","141,600,000","142,600,000","135,200,000",,,,,,,,,,,,,,
	OperatingRevenue,"6,464,500,000","1,667,000,000","1,633,800,000","1,580,300,000","1,583,400,000","1,521,900,000","1,485,100,000","1,506,100,000","1,587,700,000","1,547,700,000","1,537,900,000","1,506,600,000","1,480,900,000","1,503,800,000","1,474,300,000","1,506,100,000","1,476,000,000","1,424,500,000","1,345,200,000","1,321,200,000","1,284,400,000","1,233,900,000","1,213,700,000","1,201,100,000","1,190,000,000","1,156,700,000","1,155,500,000","1,156,000,000","1,134,500,000","1,130,100,000","1,078,900,000","1,081,700,000","1,040,500,000","1,012,600,000","1,047,200,000","1,020,500,000","976,400,000","969,700,000","972,500,000","988,500,000","965,400,000","955,600,000","971,500,000","944,800,000","897,900,000","896,100,000","889,500,000","964,200,000","897,900,000","1,049,700,000","917,700,000","1,035,200,000","893,600,000","964,700,000","926,200,000","1,081,400,000","1,133,400,000","956,000,000","873,700,000","869,000,000","808,200,000","758,700,000","733,500,000","776,200,000","727,700,000","675,600,000","670,100,000","672,700,000","606,800,000","589,000,000","546,400,000","571,600,000","565,000,000","530,300,000","525,700,000","538,100,000","513,800,000","510,300,000","520,400,000","551,700,000","540,900,000","538,200,000","538,800,000","560,700,000","537,600,000","535,400,000","534,700,000","533,700,000","501,800,000","478,700,000","434,700,000","428,900,000","411,700,000","411,000,000","382,700,000","384,900,000","370,200,000","360,600,000","364,300,000","332,400,000","314,800,000","301,300,000","293,100,000","290,700,000","281,100,000","266,300,000","262,800,000","256,500,000","250,100,000","239,200,000","237,600,000","260,100,000","231,100,000","224,700,000","222,400,000","217,400,000","217,200,000","214,100,000","204,800,000","202,400,000","199,300,000","179,600,000","171,100,000","173,900,000","170,100,000","163,900,000","157,000,000","150,800,000","146,900,000","148,800,000","141,600,000","142,600,000","135,200,000",,,,,,,,,,,,,,
PretaxIncome,"2,010,100,000","509,600,000","518,100,000","486,500,000","495,900,000","373,400,000","389,900,000","403,200,000","461,100,000","476,400,000","508,600,000","506,900,000","452,200,000","485,900,000","481,000,000","507,200,000","483,700,000","435,600,000","416,600,000","390,800,000","390,900,000","389,500,000","373,700,000","394,700,000","359,200,000","350,400,000","353,200,000","411,400,000","350,000,000","345,800,000","304,200,000","270,700,000","269,500,000","245,700,000","301,500,000","285,800,000","242,500,000","223,200,000","266,100,000","266,200,000","236,800,000","171,400,000","252,800,000","229,500,000","230,000,000","214,400,000","237,400,000","299,800,000","238,200,000","279,100,000","258,500,000","472,500,000","245,100,000","522,300,000","-252,800,000","428,100,000","578,100,000","167,700,000","301,100,000","309,700,000","282,300,000","242,100,000","250,500,000","281,200,000","250,400,000","218,900,000","226,000,000","231,100,000","211,800,000","199,000,000","168,600,000","194,400,000","192,500,000","197,900,000","173,300,000","118,100,000","138,800,000","141,900,000","143,200,000","190,800,000","193,100,000","153,300,000","190,200,000","197,400,000","191,000,000","188,100,000","184,800,000","185,500,000","171,700,000","161,400,000","158,100,000","152,200,000","144,800,000","140,600,000","137,900,000","134,200,000","130,000,000","124,000,000","124,600,000","114,900,000","108,400,000","100,900,000","99,300,000","95,100,000","92,100,000","87,000,000","85,300,000","77,100,000","71,300,000","53,300,000","70,400,000","71,600,000","66,200,000","60,600,000","59,700,000","56,500,000","57,200,000","53,600,000","53,100,000","51,000,000","48,800,000","41,400,000","39,600,000","42,100,000","40,500,000","35,900,000","38,200,000","34,600,000","31,000,000","34,900,000","28,300,000","32,300,000","29,400,000",,,,,,,,,,,,,,
TaxProvision,"464,800,000","103,200,000","122,400,000","118,400,000","120,800,000","132,500,000","95,400,000","89,900,000","100,500,000","105,300,000","124,000,000","117,500,000","105,100,000","76,000,000","106,500,000","116,800,000","102,100,000","79,000,000","118,200,000","122,900,000","114,800,000","123,000,000","116,100,000","134,000,000","117,400,000","111,100,000","118,600,000","142,200,000","119,300,000","101,800,000","99,700,000","88,800,000","88,100,000","76,000,000","95,000,000","94,700,000","78,500,000","55,500,000","87,300,000","86,600,000","75,600,000","41,200,000","82,400,000","77,500,000","79,000,000","57,300,000","81,800,000","100,200,000","81,000,000","78,800,000","70,600,000","158,300,000","83,300,000","180,000,000","-104,500,000","212,500,000","192,900,000","42,700,000","92,800,000","102,800,000","95,600,000","71,300,000","86,800,000","113,300,000","87,400,000","71,300,000","78,300,000","81,100,000","72,700,000","66,900,000","53,900,000","63,600,000","65,300,000","67,400,000","58,500,000","36,700,000","44,100,000","45,600,000","46,800,000","64,000,000","65,500,000","50,900,000","63,600,000","66,100,000","63,800,000","62,600,000","61,500,000","62,500,000","58,400,000","55,400,000","53,900,000","52,500,000","49,700,000","49,000,000","47,700,000","47,000,000","45,100,000","42,700,000","43,600,000","39,500,000","36,700,000","33,500,000","32,800,000","31,700,000","30,600,000","27,500,000","27,200,000","24,000,000","22,000,000","13,200,000","22,400,000","22,900,000","20,800,000","17,300,000","16,900,000","14,900,000","17,000,000","15,100,000","15,000,000","13,900,000","13,000,000","8,300,000","8,400,000","10,000,000","9,500,000","5,300,000","7,800,000","6,100,000","5,100,000","2,500,000","1,800,000","3,400,000","4,000,000",,,,,,,,,,,,,,
NetIncomeCommonStockholders,"1,490,600,000","388,800,000","379,500,000","360,200,000","355,200,000","234,700,000","275,000,000","305,100,000","326,200,000","361,000,000","362,700,000","379,700,000","325,500,000","398,200,000","353,100,000","379,500,000","359,100,000","345,200,000","276,700,000","257,600,000","250,900,000","255,700,000","246,900,000","250,200,000","231,800,000","229,600,000","225,000,000","259,300,000","221,100,000","230,700,000","201,000,000","178,800,000","178,500,000","166,900,000","203,000,000","187,900,000","161,500,000","157,700,000","178,800,000","179,600,000","161,200,000","123,100,000","170,400,000","152,000,000","151,000,000","151,500,000","155,600,000","199,600,000","157,200,000","195,000,000","187,900,000","226,100,000","138,800,000","330,300,000","-148,300,000","215,600,000","385,200,000","125,000,000","208,300,000","206,900,000","186,700,000","170,800,000","163,700,000","167,900,000","163,000,000","147,600,000","147,700,000","150,000,000","139,100,000","132,600,000","114,700,000","130,800,000","127,500,000","129,700,000","113,800,000","66,300,000","94,300,000","95,800,000","95,800,000","126,200,000","127,100,000","101,700,000","125,700,000","130,200,000","125,800,000","124,900,000","121,800,000","121,600,000","112,000,000","104,700,000","102,900,000","98,600,000","94,000,000","90,300,000","89,000,000","86,000,000","83,600,000","80,000,000","79,700,000","74,200,000","70,500,000","66,200,000","65,300,000","62,200,000","60,200,000","57,400,000","56,000,000","50,700,000","47,200,000","38,000,000","46,200,000","46,900,000","43,800,000","41,700,000","41,200,000","40,100,000","38,600,000","31,700,000","38,100,000","37,100,000","35,800,000","31,700,000","29,800,000","30,600,000","29,300,000","28,400,000","28,500,000","27,400,000","24,900,000","30,900,000","24,600,000","26,900,000","23,400,000",,,,,,,,,,,,,,
	NetIncome,"1,545,300,000","406,400,000","395,700,000","368,100,000","375,100,000","240,900,000","294,500,000","313,300,000","360,600,000","371,100,000","384,600,000","389,400,000","347,100,000","409,900,000","374,500,000","390,400,000","381,600,000","356,600,000","298,400,000","267,900,000","276,100,000","266,500,000","257,600,000","260,700,000","241,800,000","239,300,000","234,600,000","269,200,000","230,700,000","244,000,000","204,500,000","181,900,000","181,400,000","169,700,000","206,500,000","191,100,000","164,000,000","167,700,000","178,800,000","179,600,000","161,200,000","130,200,000","170,400,000","152,000,000","151,000,000","157,100,000","155,600,000","199,600,000","157,200,000","200,300,000","187,900,000","314,200,000","161,800,000","342,300,000","-148,300,000","215,600,000","385,200,000","125,000,000","208,300,000","206,900,000","186,700,000","170,800,000","163,700,000","167,900,000","163,000,000","147,600,000","147,700,000","150,000,000","139,100,000","132,600,000","114,700,000","130,800,000","127,500,000","129,700,000","113,800,000","66,600,000","94,700,000","96,300,000","96,400,000","126,800,000","127,600,000","102,400,000","126,600,000","131,300,000","127,200,000","125,500,000","123,300,000","123,000,000","113,300,000","106,000,000","104,200,000","99,700,000","95,100,000","91,600,000","90,200,000","87,200,000","84,900,000","81,300,000","81,000,000","75,400,000","71,700,000","67,400,000","66,500,000","63,400,000","61,500,000","59,500,000","58,100,000","53,100,000","49,300,000","40,100,000","48,000,000","48,700,000","45,400,000","43,300,000","42,800,000","41,600,000","40,200,000","38,500,000","38,100,000","37,100,000","35,800,000","33,100,000","31,200,000","32,100,000","31,000,000","30,600,000","30,400,000","28,500,000","25,900,000","32,400,000","26,500,000","28,900,000","25,400,000",,,,,,,,,,,,,,
		NetIncomeIncludingNoncontrollingInterests,"1,545,300,000","406,400,000","395,700,000","368,100,000","375,100,000","240,900,000","294,500,000","313,300,000","360,600,000","371,100,000","384,600,000","389,400,000","347,100,000","409,900,000","374,500,000","390,400,000","381,600,000","356,600,000","298,400,000","267,900,000","276,100,000","266,500,000","257,600,000","260,700,000","241,800,000","239,300,000","234,600,000","269,200,000","230,700,000","244,000,000","204,500,000","181,900,000","181,400,000","169,700,000","206,500,000","191,100,000","164,000,000","167,700,000","178,800,000","179,600,000","161,200,000","130,200,000","170,400,000","152,000,000","151,000,000","157,100,000","155,600,000","199,600,000","157,200,000","200,300,000","187,900,000","314,200,000","161,800,000","342,300,000","-148,300,000","215,600,000","385,200,000","125,000,000","208,300,000","206,900,000","186,700,000","170,800,000","163,700,000","167,900,000","163,000,000","147,600,000","147,700,000","150,000,000","139,100,000","132,600,000","114,700,000","130,800,000","127,500,000","129,700,000","113,800,000","66,600,000","94,700,000","96,300,000","96,400,000","126,800,000","127,600,000","102,400,000","126,600,000","131,300,000","127,200,000","125,500,000","123,300,000","123,000,000","113,300,000","106,000,000","104,200,000","99,700,000","95,100,000","91,600,000","90,200,000","87,200,000","84,900,000","81,300,000","81,000,000","75,400,000","71,700,000","67,400,000","66,500,000","63,400,000","61,500,000","59,500,000","58,100,000","53,100,000","49,300,000","40,100,000","48,000,000","48,700,000","45,400,000","43,300,000","42,800,000","41,600,000","40,200,000","38,500,000","38,100,000","37,100,000","35,800,000","33,100,000","31,200,000","32,100,000","31,000,000","30,600,000","30,400,000","28,500,000","25,900,000","32,400,000","26,500,000","28,900,000","25,400,000","42,000,000","25,500,000","22,000,000","19,800,000","-35,200,000","18,300,000","-62,900,000","14,700,000","14,700,000","13,900,000","12,000,000","11,700,000","11,300,000","10,200,000"
			NetIncomeContinuousOperations,"1,545,300,000","406,400,000","395,700,000","368,100,000","375,100,000","240,900,000","294,500,000","313,300,000","360,600,000","371,100,000","384,600,000","389,400,000","347,100,000","409,900,000","374,500,000","390,400,000","381,600,000","356,600,000","298,400,000","267,900,000","276,100,000","266,500,000","257,600,000","260,700,000","241,800,000","239,300,000","234,600,000","269,200,000","230,700,000","244,000,000","204,500,000","181,900,000","181,400,000","169,700,000","206,500,000","191,100,000","164,000,000","167,700,000","178,800,000","179,600,000","161,200,000","130,200,000","170,400,000","152,000,000","151,000,000","157,100,000","155,600,000","199,600,000","157,200,000","200,300,000","187,900,000","314,200,000","161,800,000","342,300,000","-148,300,000","215,600,000","385,200,000","125,000,000","208,300,000","206,900,000","186,700,000","170,800,000","163,700,000","167,900,000","163,000,000","147,600,000","147,700,000","150,000,000","139,100,000","132,100,000","114,700,000","130,800,000","127,200,000","130,500,000","114,800,000","81,400,000","94,700,000","96,300,000","96,400,000","126,800,000","127,600,000","102,400,000","126,600,000","131,300,000","127,200,000","125,500,000","123,300,000","123,000,000","113,300,000","106,000,000","104,200,000","99,700,000","95,100,000","91,600,000","90,200,000","87,200,000","84,900,000","81,300,000","81,000,000","75,400,000","71,700,000","67,400,000","66,500,000","63,400,000","61,500,000","59,500,000","58,100,000","53,100,000","49,300,000","40,100,000","48,000,000","48,700,000","45,400,000","43,300,000","42,800,000","41,600,000","40,200,000","38,500,000","38,100,000","37,100,000","35,800,000","33,100,000","31,200,000","32,100,000","31,000,000","30,600,000","30,400,000","28,500,000","25,900,000","32,400,000","26,500,000","28,900,000","25,400,000","42,000,000","25,500,000","22,000,000","19,800,000","-35,200,000","18,300,000","-62,900,000","14,700,000","14,700,000","13,900,000","12,000,000","11,700,000","11,300,000","10,200,000"
			NetIncomeDiscontinuousOperations,,,,,,,,,,,,,,,,,,,,,,,,,,,,,,,,,,,,,,,,,,,,,,,,,,,,,,,,,,,,,,,,,,,,,,"500,000",,,"300,000","-800,000","-1,000,000","-14,800,000",,,,,,,,,,,,,,,,,,,,,,,,,,,,,,,,,,,,,,,,,,,,,,,,,,,,,,,,,,,,,,,,,,,,,,,
	PreferredStockDividends,"41,800,000","4,700,000","16,200,000","4,700,000","16,200,000","4,700,000","16,200,000","4,800,000","30,500,000","5,800,000","17,400,000","5,900,000","17,300,000","5,900,000","17,300,000","5,900,000","17,300,000","5,900,000","17,300,000","5,900,000","20,700,000","5,800,000","5,900,000","5,800,000","5,900,000","5,900,000","5,800,000","5,800,000","5,900,000","9,500,000",,,,,,,,,,,,,,,,,,,,,,,"23,000,000","12,000,000",,,,,,,,,,,,,,,,,,,,"0",,"300,000","400,000","500,000","600,000","600,000","500,000","700,000","900,000","1,100,000","1,400,000","600,000","1,500,000","1,400,000","1,300,000","1,300,000","1,300,000","1,100,000","1,100,000","1,300,000","1,200,000","1,200,000","1,300,000","1,300,000","1,300,000","1,200,000","1,200,000","1,200,000","1,200,000","1,200,000","1,300,000","2,100,000","2,100,000","2,400,000","2,100,000","2,100,000","1,800,000","1,800,000","1,600,000","1,600,000","1,600,000","1,500,000","1,600,000",,,,,"1,400,000","1,400,000","1,500,000","1,700,000","2,200,000","1,900,000","1,100,000","1,000,000","1,500,000","1,900,000","2,000,000","2,000,000",,,,,,,,,,,,,,
	OtherunderPreferredStockDividend,"12,900,000","3,000,000","3,000,000","3,200,000","3,700,000","1,500,000","3,300,000","3,400,000","3,900,000","4,300,000","4,500,000","3,800,000","4,300,000","5,800,000","4,100,000","5,000,000","5,200,000","5,500,000","4,400,000","4,400,000","4,500,000","5,000,000","4,800,000","4,700,000","4,100,000","3,800,000","3,800,000","4,100,000","3,700,000","3,800,000","3,500,000","3,100,000","2,900,000","2,800,000","3,500,000","3,200,000","2,500,000","2,500,000",,,,,,,,,,,,"-105,800,000",,"88,100,000",,,,,,,,,,,,,,,,,,,,,,,,,,,,,,,,,,,,,,,,,,,,,,,,,,,,,,,,,,,,,,,,,,,,,,,,,,,,,,,,,,,,,,,,,,,,,,,
DilutedNIAvailtoComStockholders,"1,490,600,000","388,800,000","379,500,000","360,200,000","355,200,000","234,700,000","275,000,000","305,100,000","326,200,000","361,000,000","362,700,000","379,700,000","325,500,000","398,200,000","353,100,000","379,500,000","359,100,000","345,200,000","276,700,000","257,600,000","250,900,000","255,700,000","246,900,000","250,200,000","231,800,000","229,600,000","225,000,000","259,300,000","221,100,000","230,700,000","201,000,000","178,800,000","178,500,000","166,900,000","203,000,000","187,900,000","161,500,000","157,700,000","178,800,000","179,600,000","161,200,000","123,100,000","170,400,000","152,000,000","151,000,000","151,500,000","155,600,000","199,600,000","157,200,000","195,000,000","187,900,000","226,100,000","138,800,000","330,300,000","-148,300,000","215,600,000","385,200,000","125,000,000","208,300,000","206,900,000","186,700,000","170,800,000","163,700,000","167,900,000","163,000,000","147,600,000","147,700,000","150,000,000","139,100,000","132,600,000","114,700,000","130,800,000","127,500,000","129,700,000","113,800,000","66,300,000","94,300,000","95,800,000","95,800,000","126,200,000","127,100,000","101,700,000","125,700,000","130,200,000","125,800,000","124,900,000","121,800,000","121,600,000","112,000,000","104,700,000","102,900,000","98,600,000","94,000,000","90,300,000","89,000,000","86,000,000","83,600,000","80,000,000","79,700,000","74,200,000","70,500,000","66,200,000","65,300,000","62,200,000","60,200,000","57,400,000","56,000,000","50,700,000","47,200,000","38,000,000","46,200,000","46,900,000","43,800,000","41,700,000","41,200,000","40,100,000","38,600,000","31,700,000","38,100,000","37,100,000","35,800,000","31,700,000","29,800,000","30,600,000","29,300,000","28,400,000","28,500,000","27,400,000","24,900,000","30,900,000","24,600,000","26,900,000","23,400,000",,,,,,,,,,,,,,
BasicEPS,,"1.92","1.81","1.73","1.71","1.13","1.32","1.47","1.56","1.71","1.7","1.76","1.49","1.81","1.59","1.69","1.59","1.52","1.21","1.12","1.1","1.12","1.09","1.1","1.01","1","0.97","1.11","0.95","0.98","0.85","0.76","0.75","0.7","0.85","0.78","0.68","0.69","0.73","0.73","0.66","0.53","0.7","0.62","0.62","0.64","0.64","0.82","0.65","0.82","0.77","0.95","0.62","1.48","-0.67","0.98","1.75",,"0.95","0.94","0.85",,"0.75","0.77","0.75",,"0.68","0.69","0.64",,"0.52","0.6","0.58",,"0.52","0.3","0.43",,"0.44","0.57","0.58",,"0.57","0.59","0.57",,"0.55","0.55","0.51",,"0.47","0.45","0.43",,"0.41","0.39","0.38",,"0.36","0.34","0.32",,"0.29","0.28","0.27",,"0.25","0.23","0.22",,"0.21","0.22","0.2",,"0.19","0.19","0.18",,"0.17","0.25","0.16",,"0.14","0.15","0.14",,"0.14","0.13","0.12",,"0.13","0.14","0.12",,,,"0.1",,,,"0.08",,,,"0.07",,
DilutedEPS,,"1.91","1.8","1.72","1.7","1.12","1.32","1.46","1.55","1.7","1.69","1.75","1.48","1.8","1.58","1.68","1.58","1.51","1.2","1.12","1.09","1.11","1.08","1.09","1.01","0.99","0.96","1.1","0.94","0.98","0.84","0.75","0.75","0.7","0.84","0.78","0.67","0.69","0.73","0.73","0.66","0.53","0.7","0.62","0.61","0.64","0.64","0.82","0.64","0.82","0.77","0.95","0.61","1.47","-0.67","0.96","1.71",,"0.93","0.92","0.84",,"0.74","0.76","0.74",,"0.67","0.68","0.63",,"0.52","0.59","0.57",,"0.51","0.3","0.42",,"0.43","0.56","0.56",,"0.55","0.57","0.55",,"0.53","0.53","0.49",,"0.45","0.44","0.41",,"0.39","0.38","0.37",,"0.35","0.33","0.31",,"0.29","0.27","0.26",,"0.25","0.23","0.22",,"0.21","0.22","0.2",,"0.19","0.19","0.18",,"0.17","0.25","0.16",,"0.14","0.15","0.14",,"0.14","0.13","0.12",,"0.12","0.13","0.12",,,,"0.1",,,,"0.08",,,,"0.07",,
BasicAverageShares,,"207,708,000","208,116,000","208,369,000","208,113,000","208,225,000","208,106,000","208,069,000","208,881,000","210,648,000","213,177,000","216,139,000","218,237,000","220,328,000","222,443,000","224,208,000","225,681,000","226,791,000","228,011,000","229,197,000","229,060,000","227,638,000","226,540,000","227,536,000","228,619,000","230,391,000","232,232,000","233,149,000","233,381,000","234,429,000","235,701,000","236,013,000","237,208,000","238,228,000","239,930,000","239,739,000","239,168,000","239,456,000","240,237,000","240,901,000","241,090,000","241,020,000","240,991,000","241,484,000","242,126,000","242,214,000","242,124,000","242,046,000","241,724,000","241,554,000","241,416,000","235,455,000","223,357,446","222,941,000","221,899,198","220,603,902","220,320,307",,"219,914,891","219,632,587","218,800,423",,"217,618,046","217,785,721","217,645,991",,"218,012,767","218,114,436","218,453,518",,"219,234,285","219,826,748","220,102,831",,"220,263,066","220,297,456","220,373,864",,"220,431,828","220,864,358","220,854,363",,"221,453,555","221,701,482","221,567,912",,"220,749,384","221,010,593","221,199,338",,"217,266,000","217,970,000","223,286,000",,"217,073,171","221,617,352","221,804,222",,"221,388,889","218,235,294","220,312,500",,"225,172,414","222,142,857","222,962,963",,"224,000,000","220,434,783","214,545,455",,"220,000,000","213,181,818","219,000,000",,"216,842,105","211,052,632","214,444,444",,"224,117,647","148,400,000","223,750,000",,"212,857,143","204,000,000","209,285,714",,"203,571,429","210,769,231","207,500,000",,"189,230,769","192,142,857","195,000,000",,,,"180,136,000",,,,"179,732,000",,,,"179,264,000",,
DilutedAverageShares,,"208,593,000","208,923,000","209,138,000","208,946,000","208,962,000","208,688,000","208,568,000","209,817,000","211,855,000","214,207,000","217,170,000","219,270,000","221,502,000","223,860,000","225,611,000","227,048,000","228,067,000","229,314,000","230,638,000","230,631,000","229,480,000","228,055,000","229,197,000","229,980,000","232,236,000","234,163,000","235,233,000","235,289,000","236,369,000","237,737,000","237,754,000","239,051,000","239,656,000","241,331,000","241,041,000","240,176,000","239,916,000","240,697,000","241,368,000","241,556,000","241,196,000","241,194,000","241,912,000","242,970,000","242,743,000","242,158,000","242,597,000","242,395,000","242,023,000","242,631,000","236,346,000","224,401,185","224,706,000","221,899,198","225,281,001","224,820,481",,"224,186,476","224,187,331","223,191,390",,"221,774,307","221,589,312","221,475,369",,"221,672,924","221,335,272","221,657,839",,"222,477,214","223,350,239","224,384,348",,"224,652,577","223,846,394","223,435,626",,"225,098,182","226,552,122","227,373,197",,"228,778,525","229,484,490","229,821,275",,"230,936,938","230,503,264","230,120,655",,"217,266,000","217,970,000","223,286,000",,"228,205,128","230,013,132","230,111,592",,"227,714,286","224,848,485","227,419,355",,"225,172,414","230,370,370","231,538,462",,"224,000,000","220,434,783","214,545,455",,"220,000,000","213,181,818","219,000,000",,"216,842,105","211,052,632","214,444,444",,"224,117,647","148,400,000","223,750,000",,"212,857,143","204,000,000","209,285,714",,"203,571,429","210,769,231","207,500,000",,"205,000,000","206,923,077","195,000,000",,,,"180,136,000",,,,"179,732,000",,,,"179,264,000",,
NetIncomeFromContinuingAndDiscontinuedOperation,"1,545,300,000","406,400,000","395,700,000","368,100,000","375,100,000","240,900,000","294,500,000","313,300,000","360,600,000","371,100,000","384,600,000","389,400,000","347,100,000","409,900,000","374,500,000","390,400,000","381,600,000","356,600,000","298,400,000","267,900,000","276,100,000","266,500,000","257,600,000","260,700,000","241,800,000","239,300,000","234,600,000","269,200,000","230,700,000","244,000,000","204,500,000","181,900,000","181,400,000","169,700,000","206,500,000","191,100,000","164,000,000","167,700,000","178,800,000","179,600,000","161,200,000","130,200,000","170,400,000","152,000,000","151,000,000","157,100,000","155,600,000","199,600,000","157,200,000","200,300,000","187,900,000","314,200,000","161,800,000","342,300,000","-148,300,000","215,600,000","385,200,000","125,000,000","208,300,000","206,900,000","186,700,000","170,800,000","163,700,000","167,900,000","163,000,000","147,600,000","147,700,000","150,000,000","139,100,000","132,600,000","114,700,000","130,800,000","127,500,000","129,700,000","113,800,000","66,600,000","94,700,000","96,300,000","96,400,000","126,800,000","127,600,000","102,400,000","126,600,000","131,300,000","127,200,000","125,500,000","123,300,000","123,000,000","113,300,000","106,000,000","104,200,000","99,700,000","95,100,000","91,600,000","90,200,000","87,200,000","84,900,000","81,300,000","81,000,000","75,400,000","71,700,000","67,400,000","66,500,000","63,400,000","61,500,000","59,500,000","58,100,000","53,100,000","49,300,000","40,100,000","48,000,000","48,700,000","45,400,000","43,300,000","42,800,000","41,600,000","40,200,000","38,500,000","38,100,000","37,100,000","35,800,000","33,100,000","31,200,000","32,100,000","31,000,000","30,600,000","30,400,000","28,500,000","25,900,000","32,400,000","26,500,000","28,900,000","25,400,000",,,,,,,,,,,,,,
NormalizedIncome,"1,545,300,000","406,400,000","395,700,000","368,100,000","375,100,000","276,383,395.822","327,267,000","313,300,000","360,600,000","371,100,000","384,600,000","389,400,000","347,100,000","409,900,000","374,500,000","395,790,000","386,412,900","389,181,910.009","303,412,000","283,540,800","276,100,000","265,610,526.316","260,011,500","226,592,400","241,800,000","239,300,000","234,600,000","215,506,600","230,700,000","244,000,000","204,500,000","181,900,000","181,400,000","169,700,000","206,500,000","191,100,000","164,000,000","193,020,295.699","178,800,000","179,600,000","161,200,000","189,906,651.109","170,400,000","152,000,000","151,000,000","123,613,666.045","155,600,000","191,144,629.753","157,200,000","200,300,000","174,961,431.335","314,200,000","161,800,000","342,300,000","-148,300,000","215,600,000","385,200,000","125,000,000","208,300,000","206,900,000","186,700,000","170,800,000","163,700,000","167,900,000","163,000,000","147,600,000","147,700,000","150,000,000","139,100,000","132,100,000","114,700,000","130,800,000","127,200,000","130,500,000","114,800,000","81,400,000","94,700,000","96,300,000","96,332,681.564","126,800,000","127,600,000","102,400,000","126,600,000","131,300,000","127,200,000","125,500,000","123,300,000","123,000,000","113,300,000","106,000,000","104,200,000","99,700,000","95,100,000","91,600,000","90,200,000","87,200,000","84,900,000","81,300,000","81,000,000","75,400,000","71,700,000","67,400,000","66,500,000","63,400,000","61,500,000","59,500,000","58,100,000","53,100,000","49,300,000","40,100,000","48,136,363.636","48,700,000","45,400,000","43,300,000","42,800,000","41,600,000","40,200,000","38,500,000","38,100,000","37,100,000","35,800,000","33,100,000","31,200,000","32,100,000","31,000,000","30,600,000","30,400,000","28,500,000","25,900,000","32,400,000","26,500,000","28,900,000","25,400,000",,,,,,,,,,,,,,
InterestIncome,"1,406,500,000","362,200,000","351,300,000","343,100,000","349,900,000","352,600,000","355,400,000","406,300,000","529,200,000","576,100,000","620,800,000","640,200,000","662,800,000","648,600,000","599,200,000","567,700,000","505,900,000","488,100,000","453,800,000","417,200,000","410,300,000","371,000,000","349,200,000","344,700,000","352,000,000","330,700,000","305,700,000","288,800,000","298,800,000","303,900,000","293,800,000","293,800,000","295,400,000","302,400,000","291,100,000","275,300,000","286,700,000","302,100,000","323,100,000","321,500,000","341,000,000","354,800,000","347,100,000","359,700,000","347,100,000","334,500,000","330,200,000","317,900,000","314,300,000","324,300,000","333,200,000","354,700,000","393,800,000","571,600,000","640,900,000","588,900,000","677,100,000","715,000,000","702,100,000","664,300,000","636,300,000","622,600,000","566,300,000","540,800,000","477,100,000","442,000,000","410,300,000","394,800,000","343,500,000","327,200,000","279,300,000","257,300,000","254,400,000","256,400,000","254,500,000","270,200,000","274,600,000","304,100,000","308,100,000","311,100,000","315,000,000","342,300,000","396,100,000","449,700,000","493,400,000","544,100,000","531,300,000","499,900,000","435,800,000","424,100,000","404,300,000","370,000,000","370,200,000","382,600,000","392,900,000","370,300,000","357,300,000","361,800,000","339,200,000","331,800,000","300,000,000","290,600,000","289,900,000","286,100,000","284,900,000","285,900,000","285,800,000","271,100,000","261,200,000","243,000,000","221,500,000","200,000,000","184,200,000","176,900,000","181,000,000","177,800,000","170,700,000","172,300,000","176,900,000","184,600,000","188,100,000","199,200,000","208,400,000","210,500,000","229,300,000","247,900,000","245,300,000","236,100,000","224,300,000","225,200,000","231,400,000","231,200,000","211,900,000",,,,,,,,,,,,,,
InterestExpense,"23,800,000","1,700,000","4,900,000","7,500,000","9,800,000","18,200,000","26,800,000","34,200,000","121,100,000","155,300,000","203,100,000","222,800,000","240,800,000","231,400,000","191,000,000","154,400,000","121,900,000","108,100,000","99,600,000","75,700,000","56,800,000","46,700,000","46,100,000","45,000,000","44,200,000","41,300,000","36,800,000","37,600,000","38,200,000","40,000,000","44,500,000","47,200,000","49,700,000","52,500,000","54,100,000","55,200,000","60,600,000","67,900,000","77,500,000","67,400,000","84,600,000","83,000,000","90,300,000","113,600,000","112,700,000","112,300,000","96,700,000","85,100,000","83,900,000","90,100,000","94,900,000","104,500,000","116,700,000","235,500,000","387,500,000","352,800,000","423,600,000","482,900,000","492,500,000","469,100,000","441,600,000","433,300,000","383,900,000","357,900,000","301,800,000","271,500,000","241,900,000","229,700,000","186,100,000","176,600,000","140,300,000","124,300,000","115,900,000","120,200,000","120,200,000","133,200,000","133,900,000","152,700,000","158,200,000","159,800,000","165,800,000","190,500,000","247,100,000","303,300,000","345,300,000","398,500,000","388,500,000","359,100,000","296,400,000","285,800,000","276,000,000","243,400,000","244,600,000","256,200,000","274,900,000","251,100,000","243,700,000","248,500,000","229,600,000","222,600,000","193,900,000","190,000,000","191,100,000","190,600,000","191,500,000","194,200,000","196,400,000","183,100,000","172,700,000","154,300,000","135,800,000","118,100,000","102,300,000","92,900,000","97,800,000","95,300,000","91,100,000","91,600,000","98,900,000","109,300,000","110,900,000","127,800,000","139,500,000","140,700,000","157,500,000","181,300,000","182,000,000","175,400,000","165,600,000","164,800,000","172,700,000","171,400,000","153,400,000",,,,,,,,,,,,,,
NetInterestIncome,"1,382,700,000","360,600,000","346,400,000","335,600,000","340,100,000","334,400,000","328,600,000","372,100,000","408,100,000","420,800,000","417,700,000","417,400,000","422,000,000","417,200,000","408,200,000","413,300,000","384,000,000","380,000,000","354,200,000","341,500,000","353,500,000","324,300,000","303,100,000","299,700,000","307,800,000","289,400,000","268,900,000","251,200,000","260,600,000","263,900,000","249,300,000","246,600,000","245,700,000","249,900,000","237,000,000","220,100,000","226,100,000","234,200,000","245,600,000","254,100,000","256,400,000","271,800,000","256,800,000","246,100,000","234,400,000","222,000,000","233,500,000","232,800,000","230,400,000","234,200,000","238,300,000","250,200,000","277,100,000","336,100,000","253,400,000","236,100,000","253,500,000","232,100,000","209,600,000","195,200,000","194,700,000","189,300,000","182,400,000","182,900,000","175,300,000","170,500,000","168,400,000","165,100,000","157,400,000","150,600,000","139,000,000","133,000,000","138,500,000","136,200,000","134,300,000","137,000,000","140,700,000","151,400,000","149,900,000","151,300,000","149,200,000","151,800,000","149,000,000","146,400,000","148,100,000","145,600,000","142,800,000","140,800,000","139,400,000","138,300,000","128,300,000","126,600,000","125,600,000","126,400,000","118,000,000","119,200,000","113,600,000","113,300,000","109,600,000","109,200,000","106,100,000","100,600,000","98,800,000","95,500,000","93,400,000","91,700,000","89,400,000","88,000,000","88,500,000","88,700,000","85,700,000","81,900,000","81,900,000","84,000,000","83,200,000","82,500,000","79,600,000","80,700,000","78,000,000","75,300,000","77,200,000","71,400,000","68,900,000","69,800,000","71,800,000","66,600,000","63,300,000","60,700,000","58,700,000","60,400,000","58,700,000","59,800,000","58,500,000",,,,,,,,,,,,,,
ReconciledDepreciation,"515,600,000","132,800,000","129,000,000","128,400,000","125,400,000","127,800,000","123,900,000","124,800,000","123,800,000","117,300,000","115,300,000","112,400,000","113,900,000","114,000,000","113,700,000","117,300,000","115,900,000","110,500,000","104,800,000","105,100,000","101,300,000","96,600,000","91,800,000","94,600,000","90,300,000","89,500,000","82,100,000","91,600,000","88,400,000","85,100,000","81,200,000","85,900,000","83,500,000","81,000,000","81,200,000","80,000,000","76,300,000","74,000,000","70,400,000","73,400,000","71,600,000","68,500,000","65,800,000","67,300,000","63,500,000","67,000,000","63,800,000","59,500,000","59,200,000","66,600,000","62,800,000","59,000,000","55,300,000","61,400,000","56,300,000","69,700,000","33,000,000","281,900,000","-35,000,000","-22,000,000","-13,500,000","149,900,000","15,300,000","16,100,000","18,300,000","-66,600,000","4,200,000","-63,300,000","41,500,000","46,700,000","80,800,000","22,500,000","26,400,000","85,100,000","31,400,000","12,500,000","57,300,000","12,000,000","30,500,000","34,200,000","-19,000,000","12,000,000","62,200,000","-20,700,000","-29,700,000","-99,100,000","27,200,000","-12,200,000","-4,700,000","174,200,000","-26,500,000","-102,600,000","-10,800,000","-13,100,000","5,000,000","-51,100,000","-49,200,000","-36,800,000","-8,200,000","-30,100,000","-14,600,000","-23,600,000","26,300,000","-26,900,000","-6,900,000","142,600,000","-33,100,000","-32,500,000","-34,800,000","16,900,000","-21,000,000","16,400,000","29,100,000","26,100,000","37,000,000","29,300,000","26,700,000","10,100,000","7,500,000","-4,300,000","20,700,000","12,600,000","7,500,000","5,900,000","4,600,000","10,600,000","15,600,000","7,200,000","3,100,000","-8,800,000","11,300,000","11,200,000","2,700,000",,,,,,,,,,,,,,
NetIncomeFromContinuingOperationNetMinorityInterest,"1,545,300,000","406,400,000","395,700,000","368,100,000","375,100,000","240,900,000","294,500,000","313,300,000","360,600,000","371,100,000","384,600,000","389,400,000","347,100,000","409,900,000","374,500,000","390,400,000","381,600,000","356,600,000","298,400,000","267,900,000","276,100,000","266,500,000","257,600,000","260,700,000","241,800,000","239,300,000","234,600,000","269,200,000","230,700,000","244,000,000","204,500,000","181,900,000","181,400,000","169,700,000","206,500,000","191,100,000","164,000,000","167,700,000","178,800,000","179,600,000","161,200,000","130,200,000","170,400,000","152,000,000","151,000,000","157,100,000","155,600,000","199,600,000","157,200,000","200,300,000","187,900,000","314,200,000","161,800,000","342,300,000","-148,300,000","215,600,000","385,200,000","125,000,000","208,300,000","206,900,000","186,700,000","170,800,000","163,700,000","167,900,000","163,000,000","147,600,000","147,700,000","150,000,000","139,100,000","132,100,000","114,700,000","130,800,000","127,200,000","130,500,000","114,800,000","81,400,000","94,700,000","96,300,000","96,400,000","126,800,000","127,600,000","102,400,000","126,600,000","131,300,000","127,200,000","125,500,000","123,300,000","123,000,000","113,300,000","106,000,000","104,200,000","99,700,000","95,100,000","91,600,000","90,200,000","87,200,000","84,900,000","81,300,000","81,000,000","75,400,000","71,700,000","67,400,000","66,500,000","63,400,000","61,500,000","59,500,000","58,100,000","53,100,000","49,300,000","40,100,000","48,000,000","48,700,000","45,400,000","43,300,000","42,800,000","41,600,000","40,200,000","38,500,000","38,100,000","37,100,000","35,800,000","33,100,000","31,200,000","32,100,000","31,000,000","30,600,000","30,400,000","28,500,000","25,900,000","32,400,000","26,500,000","28,900,000","25,400,000",,,,,,,,,,,,,,
TotalUnusualItemsExcludingGoodwill,,,,,,"-55,000,000","-43,400,000",,,"-6,800,000",,,"-12,300,000","-5,700,000","-2,700,000","-7,000,000","-6,100,000","-39,800,000","-7,000,000","-22,800,000",,"1,300,000","-3,500,000","51,600,000",,"0",,"82,100,000",,,,,,,,,,"-33,700,000","0","0",,"-78,600,000","0",,,"45,700,000","0","12,700,000",,"0","17,800,000","0","0",,,,,,,,,,,,,,,,,,,,,,,,,,"100,000",,,,,,,,,,,,,,,,,,,,,,,,,,,,,,,,"-200,000",,,,,,,,,,,,,,,,,,,,,,,,,,,,,,,,,,,,
TotalUnusualItems,,,,,,"-55,000,000","-43,400,000",,,"-6,800,000",,,"-12,300,000","-5,700,000","-2,700,000","-7,000,000","-6,100,000","-39,800,000","-7,000,000","-22,800,000",,"1,300,000","-3,500,000","51,600,000",,"0",,"82,100,000",,,,,,,,,,"-33,700,000","0","0",,"-78,600,000","0",,,"45,700,000","0","12,700,000",,"0","17,800,000","0","0",,,,,,,,,,,,,,,,,,,,,,,,,,"100,000",,,,,,,,,,,,,,,,,,,,,,,,,,,,,,,,"-200,000",,,,,,,,,,,,,,,,,,,,,,,,,,,,,,,,,,,,
TaxRateForCalcs,"0.231","0.203","0.236","0.243","0.244","0.355","0.245","0.223","0.218","0.221","0.244","0.232","0.232","0.156","0.221","0.23","0.211","0.181","0.284","0.314","0.294","0.316","0.311","0.339","0.327","0.317","0.336","0.346","0.341","0.294","0.328","0.328","0.327","0.309","0.315","0.331","0.324","0.249","0.328","0.325","0.319","0.24","0.326","0.338","0.343","0.267","0.345","0.334","0.34","0.282","0.273","0.335","0.34","0.345","0.35","0.35","0.334","0.255","0.308","0.332","0.339","0.295","0.347","0.4","0.349","0.326","0.346","0.351","0.343","0.336","0.32","0.327","0.339","0.341","0.338","0.311","0.318","0.321","0.327","0.335","0.339","0.332","0.334","0.335","0.334","0.333","0.333","0.337","0.34","0.343","0.341","0.345","0.343","0.349","0.346","0.35","0.347","0.344","0.35","0.344","0.339","0.332","0.33","0.333","0.332","0.316","0.319","0.311","0.309","0.248","0.318","0.32","0.314","0.285","0.283","0.264","0.297","0.282","0.282","0.273","0.266","0.2","0.212","0.238","0.235","0.148","0.204","0.176","0.165","0.072","0.064","0.105","0.136",,,,,,,,,,,,,,
TaxEffectOfUnusualItems,"0","0","0","0","0","-19,516,604.178","-10,633,000","0","0","0","0","0","0","0","0","-1,610,000","-1,287,100","-7,218,089.991","-1,988,000","-7,159,200","0","410,526.316","-1,088,500","17,492,400","0","0","0","28,406,600","0","0","0","0","0","0","0","0","0","-8,379,704.301","0","0","0","-18,893,348.891","0","0","0","12,213,666.045","0","4,244,629.753","0","0","4,861,431.335","0","0","0","0","0","0","0","0","0","0","0","0","0","0","0","0","0","0","0","0","0","0","0","0","0","0","0","32,681.564","0","0","0","0","0","0","0","0","0","0","0","0","0","0","0","0","0","0","0","0","0","0","0","0","0","0","0","0","0","0","0","-63,636.364","0","0","0","0","0","0","0","0","0","0","0","0","0","0","0","0","0","0","0","0","0","0",,,,,,,,,,,,,,