name,ttm,12/31/2021,09/30/2021,06/30/2021,03/31/2021,12/31/2020,09/30/2020,06/30/2020,03/31/2020,12/31/2019,09/30/2019,06/30/2019,03/31/2019,12/31/2018,09/30/2018,06/30/2018,03/31/2018,12/31/2017,09/30/2017,06/30/2017,03/31/2017,12/31/2016,09/30/2016,06/30/2016,03/31/2016,12/31/2015,09/30/2015,06/30/2015,03/31/2015,12/31/2014,09/30/2014,06/30/2014,03/31/2014,12/31/2013,09/30/2013,06/30/2013,03/31/2013,12/31/2012,09/30/2012,06/30/2012,03/31/2012,12/31/2011,09/30/2011,06/30/2011,03/31/2011,12/31/2010,09/30/2010,06/30/2010,03/31/2010,12/31/2009,09/30/2009,06/30/2009,03/31/2009,12/31/2008,09/30/2008,06/30/2008,03/31/2008,12/31/2007,09/30/2007,06/30/2007,03/31/2007,12/31/2006,09/30/2006,06/30/2006,03/31/2006,12/31/2005,09/30/2005,06/30/2005,03/31/2005,12/31/2004,09/30/2004,06/30/2004,03/31/2004,12/31/2003,09/30/2003,06/30/2003,03/31/2003,12/31/2002,09/30/2002,06/30/2002,03/31/2002,12/31/2001,09/30/2001,06/30/2001,03/31/2001,12/31/2000,09/30/2000,06/30/2000,03/31/2000,12/31/1999,09/30/1999,06/30/1999,03/31/1999,12/31/1998,09/30/1998,06/30/1998,03/31/1998,12/31/1997,09/30/1997,06/30/1997,03/31/1997,12/31/1996,09/30/1996,06/30/1996,03/31/1996,12/31/1995,09/30/1995,06/30/1995,03/31/1995,12/31/1994,09/30/1994,06/30/1994,03/31/1994,12/31/1993,09/30/1993,06/30/1993,03/31/1993,12/31/1992,09/30/1992,06/30/1992,03/31/1992,12/31/1991,09/30/1991,06/30/1991,03/31/1991,12/31/1990,09/30/1990,06/30/1990,03/31/1990,12/31/1989,09/30/1989,06/30/1989,03/31/1989,12/31/1988,09/30/1988,06/30/1988,03/31/1988,12/31/1987,09/30/1987,06/30/1987,03/31/1987,12/31/1986,09/30/1986,06/30/1986,03/31/1986,12/31/1985,09/30/1985
TotalRevenue,"36,483,939,000","10,364,412,000","10,313,223,000","8,789,164,000","7,017,140,000","5,260,055,000","4,927,960,000","4,327,306,000","5,624,337,000","5,131,746,000","5,464,502,000","5,895,986,000","6,096,624,000","6,295,884,000","6,742,202,000","6,460,774,000","5,568,419,000","5,092,328,000","5,170,117,000","5,174,769,000","4,815,179,000","3,956,538,000","4,290,236,000","4,245,772,000","3,715,576,000","3,456,713,000","4,225,514,000","4,357,609,000","4,399,440,000","5,003,753,000","5,701,869,000","5,291,075,000","5,108,444,000","4,894,750,000","4,940,936,000","4,665,588,000","4,550,772,000","4,451,274,000","4,801,206,000","5,104,199,000","5,072,594,000","4,829,677,000","5,252,144,000","5,107,809,000","4,833,934,000","3,853,750,000","4,140,069,000","4,195,966,000","3,654,842,000","2,937,944,000","3,120,005,000","2,478,028,000","2,654,319,000","4,150,936,000","7,447,520,000","7,090,599,000","4,974,269,000","4,396,760,000","4,259,221,000","4,168,110,000","3,768,885,000","3,468,590,000","3,931,233,000","3,806,350,000","3,545,097,000","3,207,464,000","3,025,911,000","3,145,003,000","3,322,621,000","3,088,998,000","3,239,592,000","2,761,822,000","2,286,416,000","1,661,080,252","1,604,011,344","1,520,460,884","1,480,270,987","1,466,293,136","1,165,641,454","1,141,677,480","1,028,164,467","979,567,947","1,053,088,039","1,078,574,872","1,028,017,720","1,009,477,761","1,163,088,140","1,213,945,302","1,199,634,778","1,091,600,000","1,026,700,000","997,200,000","893,800,000","873,000,000","1,011,000,000","1,128,400,000","1,138,900,000","1,037,300,000","1,101,600,000","1,035,100,000","1,010,500,000","922,300,000","937,400,000","911,100,000","876,100,000","879,600,000","860,500,000","880,200,000","841,700,000","799,400,000","786,400,000","740,100,000","649,700,000","611,700,000","587,300,000","564,900,000","489,800,000","418,100,000","423,600,000","389,100,000","388,400,000","370,900,000","372,400,000","371,700,000","350,500,000","366,700,000","387,100,000","379,600,000","348,200,000","315,900,000","307,000,000","336,200,000","309,900,000","274,500,000","268,800,000","272,900,000","245,200,000","232,800,000","221,900,000","209,500,000","186,800,000","173,400,000","195,700,000","197,100,000","189,000,000","193,100,000","202,700,000"
	OperatingRevenue,"36,483,939,000","10,364,412,000","10,313,223,000","8,789,164,000","7,017,140,000","5,260,055,000","4,927,960,000","4,327,306,000","5,624,337,000","5,131,746,000","5,464,502,000","5,895,986,000","6,096,624,000","6,295,884,000","6,742,202,000","6,460,774,000","5,568,419,000","5,092,328,000","5,170,117,000","5,174,769,000","4,815,179,000","3,956,538,000","4,290,236,000","4,245,772,000","3,715,576,000","3,456,713,000","4,225,514,000","4,357,609,000","4,399,440,000","5,003,753,000","5,701,869,000","5,291,075,000","5,108,444,000","4,894,750,000","4,940,936,000","4,665,588,000","4,550,772,000","4,451,274,000","4,801,206,000","5,104,199,000","5,072,594,000","4,829,677,000","5,252,144,000","5,107,809,000","4,833,934,000","3,853,750,000","4,140,069,000","4,195,966,000","3,654,842,000","2,937,944,000","3,120,005,000","2,478,028,000","2,654,319,000","4,150,936,000","7,447,520,000","7,090,599,000","4,974,269,000","4,396,760,000","4,259,221,000","4,168,110,000","3,768,885,000","3,468,590,000","3,931,233,000","3,806,350,000","3,545,097,000","3,207,464,000","3,025,911,000","3,145,003,000","3,322,621,000","3,088,998,000","3,239,592,000","2,761,822,000","2,286,416,000","1,661,080,252","1,604,011,344","1,520,460,884","1,480,270,987","1,466,293,136","1,165,641,454","1,141,677,480","1,028,164,467","979,567,947","1,053,088,039","1,078,574,872","1,028,017,720","1,009,477,761","1,163,088,140","1,213,945,302","1,199,634,778","1,091,600,000","1,026,700,000","997,200,000","893,800,000","873,000,000","1,011,000,000","1,128,400,000","1,138,900,000","1,037,300,000","1,101,600,000","1,035,100,000","1,010,500,000","922,300,000","937,400,000","911,100,000","876,100,000","879,600,000","860,500,000","880,200,000","841,700,000","799,400,000","786,400,000","740,100,000","649,700,000","611,700,000","587,300,000","564,900,000","489,800,000","418,100,000","423,600,000","389,100,000","388,400,000","370,900,000","372,400,000","371,700,000","350,500,000","366,700,000","387,100,000","379,600,000","348,200,000","315,900,000","307,000,000","336,200,000","309,900,000","274,500,000","268,800,000","272,900,000","245,200,000","232,800,000","221,900,000","209,500,000","186,800,000","173,400,000","195,700,000","197,100,000","189,000,000","193,100,000","202,700,000"
CostOfRevenue,"25,458,525,000","6,841,211,000","6,906,950,000","6,315,661,000","5,394,703,000","4,541,527,000","4,425,765,000","3,949,347,000","4,995,069,000","4,696,558,000","4,891,991,000","5,120,492,000","5,200,732,000","5,183,622,000","5,452,052,000","5,294,184,000","4,842,013,000","4,571,760,000","4,591,153,000","4,465,144,000","4,054,929,000","3,408,175,000","3,665,900,000","3,679,512,000","3,428,628,000","3,073,875,000","3,701,678,000","3,971,303,000","4,111,158,000","4,489,882,000","5,102,283,000","4,875,208,000","4,731,242,000","4,509,009,000","4,532,393,000","4,352,463,000","4,247,556,000","4,066,926,000","4,452,473,000","4,704,269,000","4,692,067,000","4,461,568,000","4,776,283,000","4,441,591,000","4,395,525,000","3,721,207,000","3,949,779,000","3,887,929,000","3,442,047,000","2,716,824,000","3,000,851,000","2,539,904,000","2,778,324,000","3,670,629,000","5,990,407,000","5,879,655,000","4,071,592,000","3,618,164,000","3,449,260,000","3,403,905,000","2,991,598,000","2,651,525,000","2,926,581,000","2,925,975,000","2,768,142,000","2,509,400,000","2,435,276,000","2,520,092,000","2,620,628,000","2,445,069,000","2,433,518,000","2,233,916,000","2,016,369,000","1,603,119,456","1,532,857,367","1,454,145,488","1,406,424,888","1,349,837,046","1,043,424,047","1,036,218,894","957,016,353","919,791,304","978,176,197","978,563,139","943,772,386","1,050,194,578","941,346,754","970,739,610","963,197,598","835,900,000","810,600,000","820,200,000","757,200,000","671,900,000","809,700,000","916,500,000","940,600,000","826,900,000","882,000,000","830,000,000","821,100,000","712,600,000","769,400,000","750,600,000","724,400,000","683,400,000","688,500,000","692,800,000","661,600,000","603,200,000","608,200,000","590,900,000","531,800,000","502,800,000","476,000,000","460,400,000","404,300,000","334,300,000","345,400,000","318,800,000","321,100,000","300,300,000","307,800,000","311,000,000","290,200,000","299,500,000","313,900,000","309,600,000","285,000,000","257,900,000","251,000,000","271,500,000",,,,,,,,,,,,,,,
GrossProfit,"11,025,414,000","3,523,201,000","3,406,273,000","2,473,503,000","1,622,437,000","718,528,000","502,195,000","377,959,000","629,268,000","435,188,000","572,511,000","775,494,000","895,892,000","1,112,262,000","1,290,150,000","1,166,590,000","726,406,000","520,568,000","578,964,000","709,625,000","760,250,000","548,363,000","624,336,000","566,260,000","286,948,000","382,838,000","523,836,000","386,306,000","288,282,000","513,871,000","599,586,000","415,867,000","377,202,000","385,741,000","408,543,000","313,125,000","303,216,000","384,348,000","348,733,000","399,930,000","380,527,000","368,109,000","475,861,000","666,218,000","438,409,000","132,543,000","190,290,000","308,037,000","212,795,000","221,120,000","119,154,000","-61,876,000","-124,005,000","480,307,000","1,457,113,000","1,210,944,000","902,677,000","778,596,000","809,961,000","764,205,000","777,287,000","817,065,000","1,004,652,000","880,375,000","776,955,000","698,064,000","590,635,000","624,911,000","701,993,000","643,929,000","806,074,000","527,906,000","270,047,000","57,960,796","71,153,977","66,315,396","73,846,099","116,456,090","122,217,407","105,458,586","71,148,114","59,776,643","74,911,842","100,011,733","84,245,334","-40,716,817","221,741,386","243,205,692","236,437,180","255,700,000","216,100,000","177,000,000","136,600,000","201,100,000","201,300,000","211,900,000","198,300,000","210,400,000","219,600,000","205,100,000","189,400,000","209,700,000","168,000,000","160,500,000","151,700,000","196,200,000","172,000,000","187,400,000","180,100,000","196,200,000","178,200,000","149,200,000","117,900,000","108,900,000","111,300,000","104,500,000","85,500,000","83,800,000","78,200,000","70,300,000","67,300,000","70,600,000","64,600,000","60,700,000","60,300,000","67,200,000","73,200,000","70,000,000","63,200,000","58,000,000","56,000,000","64,700,000",,,,,,,,,,,,,,,
OperatingExpense,"1,706,609,000","502,070,000","526,345,000","387,070,000","291,124,000","154,119,000","165,513,000","142,017,000","153,392,000","162,228,000","159,301,000","208,980,000","180,739,000","209,300,000","234,081,000","234,381,000","182,960,000","168,102,000","172,792,000","170,211,000","176,426,000","156,082,000","169,223,000","161,711,000","109,745,000","81,497,000","124,339,000","128,592,000","124,561,000","127,347,000","152,604,000","132,813,000","133,434,000","117,403,000","125,126,000","123,150,000","116,225,000","111,768,000","116,653,000","112,686,000","107,119,000","93,860,000","151,453,000","145,747,000","129,588,000","-123,447,000","164,238,000","115,142,000","92,594,000","92,605,000","105,913,000","106,925,000","125,376,000","145,343,000","215,755,000","220,172,000","169,714,000","147,159,000","145,470,000","148,925,000","136,210,000","142,207,000","160,464,000","146,602,000","154,100,000","147,382,000","118,130,000","102,619,000","125,429,000","96,052,000","131,573,000","110,006,000","77,399,000","34,742,869","44,497,217","45,938,117","40,190,832","49,434,738","47,673,315","41,206,520","37,273,774","16,764,027","41,575,307","45,540,252","34,679,902","-160,554,242","115,338,157","115,523,833","112,867,809","109,100,000","111,300,000","97,900,000","93,100,000","103,000,000","100,400,000","99,900,000","97,800,000","92,000,000","94,700,000","90,300,000","87,100,000","78,700,000","78,100,000","74,600,000","71,200,000","77,400,000","74,900,000","78,100,000","74,100,000","66,900,000","75,200,000","68,600,000","60,300,000","50,100,000","54,900,000","54,400,000","50,500,000","44,000,000","45,800,000","42,800,000","42,000,000","39,200,000","41,200,000","40,600,000","39,600,000","37,300,000","40,600,000","39,800,000","37,800,000","31,600,000","37,300,000","38,700,000",,,,,,,,,,,,,,,
	SellingGeneralAndAdministration,"1,706,609,000","502,070,000","526,345,000","387,070,000","291,124,000","154,119,000","165,513,000","142,017,000","153,392,000","162,228,000","159,301,000","208,980,000","180,739,000","209,300,000","234,081,000","234,381,000","182,960,000","168,102,000","172,792,000","170,211,000","176,426,000","156,082,000","169,223,000","161,711,000","109,745,000","81,497,000","124,339,000","128,592,000","124,561,000","127,347,000","152,604,000","132,813,000","133,434,000","117,403,000","125,126,000","123,150,000","116,225,000","120,861,000","114,392,000","112,528,000","107,119,000","108,050,000","140,206,000","147,014,000","125,378,000","102,145,000","88,866,000","107,770,000","92,594,000","10,264,000","105,913,000","106,925,000","125,376,000","145,343,000","215,755,000","220,172,000","169,714,000","147,159,000","145,470,000","148,925,000","136,210,000","142,207,000","160,464,000","146,602,000","154,100,000","147,382,000","118,130,000","102,619,000","125,429,000","96,052,000","131,573,000","110,006,000","77,399,000","34,742,869","44,497,217","45,938,117","40,190,832","49,434,738","47,673,315","41,206,520","37,273,774","16,764,027","41,575,307","45,540,252","34,679,902","41,716,987","47,950,645","49,192,519","44,315,406","44,100,000","45,600,000","33,700,000","31,400,000","28,400,000","40,600,000","40,100,000","38,900,000","32,600,000","40,500,000","38,100,000","34,100,000","27,000,000","32,500,000","31,900,000","29,000,000","27,600,000","33,500,000","35,800,000","33,700,000","22,400,000","35,600,000","30,500,000","24,800,000","18,700,000","24,700,000","23,100,000","21,100,000","18,800,000","21,200,000","19,300,000","17,500,000","17,500,000","17,500,000","16,800,000","15,200,000","16,500,000","19,100,000","18,300,000","16,600,000","17,200,000","17,400,000","17,500,000",,,,,,,,,,,,,,,
		SellingAndMarketingExpense,,,,,,,,,,,,,,,,,,,,,,,,,,,,,,,,,,,,,,,,,,,,,,,,,"92,594,000",,,,,,,,,,,,,,,,,,,,,,,,,,,,,,,,,,,,,,,,,,,,,,,,,,,,,,,,,,,,,,,,,,,,,,,,,,,,,,,,,,,,,,,,,,,,,,,,,,
	DepreciationAmortizationDepletionIncomeStatement,,,,,,,,,,,,,,,,,,,,,,,,,,,,,,,,,,,,,,,,,,,,,,,,,,,,,,,,,,,,,,,,,,,,,,,,,,,,,,,,,,,,,,,"67,387,512","66,331,314","68,552,403","65,000,000","65,700,000","64,200,000","61,700,000","74,600,000","59,800,000","59,800,000","58,900,000","59,400,000","54,200,000","52,200,000","53,000,000","51,700,000","45,600,000","42,700,000","42,200,000","49,800,000","41,400,000","42,300,000","40,400,000","44,500,000","39,600,000","38,100,000","35,500,000","31,400,000","30,200,000","31,300,000","29,400,000","25,200,000","24,600,000","23,500,000","24,500,000","21,700,000","23,700,000","23,800,000","24,400,000","20,800,000","21,500,000","21,500,000","21,200,000","14,400,000","19,900,000","21,200,000",,,,,,,,,,,,,,,
		DepreciationAndAmortizationInIncomeStatement,,,,,,,,,,,,,,,,,,,,,,,,,,,,,,,,,,,,,,,,,,,,,,,,,,,,,,,,,,,,,,,,,,,,,,,,,,,,,,,,,,,,,,,"67,387,512","66,331,314","68,552,403","65,000,000","65,700,000","64,200,000","61,700,000","74,600,000","59,800,000","59,800,000","58,900,000","59,400,000","54,200,000","52,200,000","53,000,000","51,700,000","45,600,000","42,700,000","42,200,000","49,800,000","41,400,000","42,300,000","40,400,000","44,500,000","39,600,000","38,100,000","35,500,000","31,400,000","30,200,000","31,300,000","29,400,000","25,200,000","24,600,000","23,500,000","24,500,000","21,700,000","23,700,000","23,800,000","24,400,000","20,800,000","21,500,000","21,500,000","21,200,000","14,400,000","19,900,000","21,200,000",,,,,,,,,,,,,,,
	OtherOperatingExpenses,,,,,,,,,,,,,,,,,,,,,,,,,,,,,,,,,,,,,,,"2,261,000","158,000","6,674,000",,"11,247,000","-1,267,000","4,210,000",,"75,372,000","7,372,000",,,,,,,,,,,,,,,,,,,,,,,,,,,,,,,,,,,,,,,,,,,,,,,,,,,,,,,,,,,,,,,,,,,,,,,,,,,,,,,,,,,,,,,,,,,,,,,,,,,
OperatingIncome,"9,318,805,000","3,021,131,000","2,879,928,000","2,086,433,000","1,331,313,000","564,409,000","336,682,000","235,942,000","475,876,000","272,960,000","413,210,000","566,514,000","715,153,000","902,962,000","1,056,069,000","932,209,000","543,446,000","352,466,000","406,172,000","539,414,000","583,824,000","392,281,000","455,113,000","404,549,000","177,203,000","301,341,000","399,497,000","257,714,000","163,721,000","386,524,000","446,982,000","283,054,000","243,768,000","268,338,000","283,417,000","189,975,000","186,991,000","272,580,000","232,080,000","287,244,000","273,408,000","274,249,000","324,408,000","520,471,000","308,821,000","255,990,000","26,052,000","192,895,000","120,201,000","128,515,000","13,241,000","-168,801,000","-249,381,000","334,964,000","1,241,358,000","990,772,000","732,963,000","631,437,000","664,491,000","615,280,000","641,077,000","674,858,000","844,188,000","733,773,000","622,855,000","550,682,000","472,505,000","522,292,000","576,564,000","547,877,000","674,501,000","417,900,000","192,648,000","23,217,927","26,656,760","20,377,279","33,655,267","67,021,352","74,544,092","64,252,066","33,874,340","43,012,616","33,336,535","54,471,481","49,565,432","119,837,425","106,403,229","127,681,859","123,569,371","146,600,000","104,800,000","79,100,000","43,500,000","98,100,000","100,900,000","112,000,000","100,500,000","118,400,000","124,900,000","114,800,000","102,300,000","131,000,000","89,900,000","85,900,000","80,500,000","118,800,000","97,100,000","109,300,000","106,000,000","129,300,000","103,000,000","80,600,000","57,600,000","58,800,000","56,400,000","50,100,000","35,000,000","39,800,000","32,400,000","27,500,000","25,300,000","31,400,000","23,400,000","20,100,000","20,700,000","29,900,000","32,600,000","30,200,000","25,400,000","26,400,000","18,700,000","26,000,000","309,900,000","-676,800,000","268,800,000","272,900,000","245,200,000","-535,900,000","221,900,000","209,500,000","186,800,000","-502,900,000","195,700,000","197,100,000","189,000,000","-466,800,000","202,700,000"
NetNonOperatingInterestIncomeExpense,"-158,854,000","-40,145,000","-43,285,000","-35,780,000","-39,644,000","-36,342,000","-40,139,000","-35,807,000","-40,910,000","-28,666,000","-31,286,000","-33,030,000","-28,443,000","-31,769,000","-37,201,000","-29,451,000","-37,114,000","-42,085,000","-43,310,000","-44,580,000","-43,605,000","-40,829,000","-43,009,000","-40,484,000","-44,922,000","-41,587,000","-45,341,000","-42,186,000","-44,417,000","-38,775,000","-45,349,000","-44,391,000","-40,741,000","-37,709,000","-37,467,000","-39,228,000","-32,491,000","-39,347,000","-40,305,000","-41,051,000","-41,672,000","-40,151,000","-40,193,000","-43,184,000","-42,566,000","-265,889,000","37,686,000","-37,322,000","-37,788,000","-35,705,000","-34,725,000","-31,957,000","-32,365,000",,,,,,,,,,,,,,,,,,,,,,,,,,,,,,,,,,,,,,,,,,,,,,,,,,,,,,,,,,,,,,,,,,,,,,,,,,,,,,,,,,,,,,,,,,,,,,
	InterestIncomeNonOperating,"4,267,000","437,000","623,000","1,881,000","1,326,000","1,545,000","2,142,000","3,042,000","6,686,000","8,956,000","9,435,000","8,923,000","8,619,000","9,179,000","7,588,000","5,890,000","3,064,000","3,711,000","4,311,000","2,985,000","2,695,000","2,980,000","3,510,000","2,993,000","2,452,000","1,332,000","1,065,000","964,000","651,000","972,000","1,275,000","1,487,000","1,152,000","1,299,000","1,154,000","1,448,000","1,189,000","1,902,000","2,649,000",,"3,310,000","2,385,000","4,291,000","2,975,000",,,"77,304,000","1,448,000","1,547,000","1,890,000","2,443,000","3,520,000","7,317,000",,,,,,,,,,,,,,,,,,,,,,,,,,,,,,,,,,,,,,,,,,,,,,,,,,,,,,,,,,,,,,,,,,,,,,,,,,,,,,,,,,,,,,,,,,,,,,
	InterestExpenseNonOperating,"163,121,000","40,582,000","43,908,000","37,661,000","40,970,000","37,887,000","42,281,000","38,849,000","47,596,000","37,622,000","40,721,000","41,953,000","37,062,000","40,948,000","44,789,000","35,341,000","40,178,000","45,796,000","47,621,000","47,565,000","46,300,000","43,809,000","46,519,000","43,477,000","47,374,000","42,919,000","46,406,000","43,150,000","45,068,000","39,747,000","46,624,000","45,878,000","41,893,000","39,008,000","38,621,000","40,676,000","33,680,000","41,249,000","42,954,000","41,051,000","44,982,000","42,536,000","44,484,000","46,159,000","42,566,000","35,370,000","39,618,000","38,770,000","39,335,000","37,595,000","37,168,000","35,477,000","39,682,000",,,,,,,,,,,,,,,,,,,,,,,,,,,,,,,,,,,,,,,,,,,,,,,,,,,,,,,,,,,,,,,,,,,,,,,,,,,,,,,,,,,,,,,,,,,,,,
	TotalOtherFinanceCost,,,,,,,,,,"28,666,000","31,286,000","33,030,000","28,443,000","31,769,000","37,201,000","29,451,000","37,114,000","42,085,000","43,310,000","44,580,000","43,605,000","40,829,000","43,009,000","40,484,000","44,922,000","41,587,000","45,341,000","42,186,000","44,417,000","38,775,000","45,349,000","44,391,000","40,741,000","37,709,000","37,467,000","39,228,000","32,491,000","39,347,000","40,305,000","41,051,000","41,672,000",,"40,193,000","43,184,000","-42,566,000",,,"37,322,000",,,,,,,,,,,,,,,,,,,,,,,,,,,,,,,,,,,,,,,,,,,,,,,,,,,,,,,,,,,,,,,,,,,,,,,,,,,,,,,,,,,,,,,,,,,,,,,,,,,
OtherIncomeExpense,"40,907,000","26,801,000","32,464,000","-24,905,000","6,577,000","-310,301,000","-6,125,000","-19,078,000","-288,669,000","-66,064,000","-1,585,000","1,138,000","2,906,000","6,083,000","-96,366,000","10,943,000","9,580,000","11,860,000","7,743,000","13,302,000","8,756,000","8,525,000","14,168,000","6,819,000","9,245,000","-240,054,000","115,000","694,000","-259,000","3,477,000","2,352,000","3,202,000","4,474,000","6,632,000","2,252,000","1,585,000","-1,172,000","-13,323,000","-2,261,000","-30,000,000","-6,674,000",,,,"4,210,000","-601,000","-5,732,000","-7,372,000","-18,377,000",,,,,,,,,,,,,,,,,"0",,,"9,200,000","0",,,"1,596,000","11,511,545","4,834,234",,"2,300,855","29,900,000",,"59,800,000",,,,,,,,,,,"1,700,000",,"400,000","700,000","900,000","800,000","1,300,000",,"200,000",,,"-300,000","-200,000",,"1,000,000",,,,,,,,,,,,,,,,,,,,,,,,,,,,,,,,,,,,,,,,,,
	GainOnSaleOfSecurity,,,,"-44,308,000","-6,662,000",,"-6,604,000","-5,000,000","-287,846,000",,,,,,,,,,,,,,,,,,,,,,,,,,,,,,,,,,,,,,,,,,,,,,,,,,,,,,,,,,,,,,,,,,,,,,,,,,,,,,,,,,,,,,,,,,,,,,,,,,,,,,,,,,,,,,,,,,,,,,,,,,,,,,,,,,,,,,,,,,
	EarningsFromEquityInterest,"103,068,000","37,962,000","32,464,000","19,403,000","13,239,000","3,889,000","479,000","-14,078,000","-823,000","852,000","-1,585,000","1,138,000","2,906,000","6,083,000","13,634,000","10,943,000","9,580,000","11,860,000","7,743,000","13,302,000","8,756,000","8,525,000","14,168,000","6,819,000","9,245,000","4,779,000","115,000","694,000","-259,000","3,477,000","2,352,000","3,202,000","4,474,000","6,632,000","2,252,000","1,585,000","-1,172,000","-4,230,000",,,,,,,"4,210,000","-601,000","-5,732,000","-7,372,000","-18,377,000",,,,,,,,,,,,,,,,,,,,,,,,,,,,,,,,,,,,,,,,,,,,,,,,,,,,,,,,,,,,,,,,,,,,,,,,,,,,,,,,,,,,,,,,,,,,,,,,,,
	SpecialIncomeCharges,"-62,161,000","-11,161,000","0","-44,308,000","-6,662,000","-314,190,000","-6,604,000","-5,000,000","-287,846,000","-66,916,000","0",,,"0","-110,000,000",,,,,,,"0",,,,"-237,133,000",,,,,,,,"0","0","0",,"0","0","-30,000,000","-6,674,000",,,,,,,,"-18,377,000",,,,,,,,,,,,,,,,,"0",,,"9,200,000","0",,,"1,596,000","11,511,545","4,834,234",,"2,300,855","29,900,000",,"59,800,000",,,,,,,,,,,"1,700,000",,"400,000","700,000","900,000","800,000","1,300,000",,"200,000",,,"-300,000","-200,000",,"1,000,000",,,,,,,,,,,,,,,,,,,,,,,,,,,,,,,,,,,,,,,,,,
		ImpairmentOfCapitalAssets,,,,,,,,,,"66,916,000","0",,,"0","110,000,000",,,,,,,,,,,,,,,,,,,,,,,,"0","30,000,000",,,,,,,,,,,,,,,,,,,,,,,,,,,,,,,,,,,,,,,,,,,,,,,,,,,,,,,,,,,,,,,,,,,,,,,,,,,,,,,,,,,,,,,,,,,,,,,,,,,,,,,,,,,
		WriteOff,"62,161,000","53,161,000","0","44,308,000","6,662,000","314,190,000","6,604,000","5,000,000","287,846,000",,,,,,,,,,,,,"0",,,,"237,133,000",,,,,,,,"0","0","0",,"0",,,,,,,,,,,,,,,,,,,,,,,,,,,,,,,,,,,,,,,,,,,,,,,,,,,,,,,,,,,,,,,,,,,,,,,,,,,,,,,,,,,,,,,,,,,,,,,,,,,,,,,,,,,,,
		GainOnSaleOfPPE,,,,,,"-314,190,000","-6,604,000","-5,000,000","-287,846,000",,,,,,,,,,,,,,,,,,,,,,,,,,,,,,,,,,,,,,,,,,,,,,,,,,,,,,,,,,,,,,,,,,,,,,,,,,,,,,,,,,,,,,,,,,,,,,,,,,,,,,,,,,,,,,,,,,,,,,,,,,,,,,,,,,,,,,,,,,
PretaxIncome,"9,200,858,000","3,007,757,000","2,869,107,000","2,025,748,000","1,298,246,000","217,766,000","290,418,000","181,057,000","146,297,000","178,230,000","380,339,000","534,622,000","689,616,000","877,276,000","922,502,000","913,701,000","515,912,000","322,241,000","370,605,000","508,136,000","548,975,000","359,977,000","426,272,000","370,884,000","141,526,000","19,700,000","354,271,000","216,222,000","119,045,000","351,226,000","403,985,000","241,865,000","207,501,000","237,261,000","248,202,000","152,332,000","153,328,000","219,910,000","191,775,000","216,193,000","225,062,000","224,055,000","284,215,000","477,287,000","266,255,000","-10,500,000","58,006,000","155,573,000","64,036,000","90,010,000","-21,484,000","-200,758,000","-281,746,000","149,406,000","1,142,115,000","876,102,000","622,847,000","546,513,000","584,421,000","532,714,000","589,667,000","615,285,000","795,517,000","694,755,000","588,261,000","519,798,000","446,668,000","499,436,000","550,466,000","522,809,000","635,387,000","396,296,000","176,784,000","15,819,595","18,923,779","9,484,090","22,649,759","48,063,618","59,878,800","91,148,302","30,962,295","40,865,891","31,363,277","51,292,863","50,338,976","120,019,978","105,194,472","126,803,693","126,289,845","149,600,000","106,500,000","79,100,000","44,000,000","98,900,000","101,800,000","112,700,000","101,800,000","119,600,000","125,000,000","114,000,000","101,600,000","130,900,000","89,700,000","85,700,000","81,500,000","120,700,000","98,000,000","108,800,000","104,800,000","127,200,000","99,600,000","76,400,000","53,700,000","55,300,000","52,700,000","46,800,000","32,200,000","37,200,000","30,200,000","25,800,000","24,000,000","32,200,000","23,000,000","19,900,000","20,700,000","30,300,000","31,100,000","27,600,000","22,200,000","22,100,000","15,700,000","24,100,000",,,,,,,,,,,,,,,
TaxProvision,"2,078,488,000","667,625,000","645,842,000","454,289,000","310,732,000","-208,100,000","67,788,000","47,904,000","91,918,000","43,977,000","86,752,000","122,345,000","158,823,000","196,206,000","216,215,000","200,086,000","135,800,000","-72,853,000","104,500,000","166,412,000","171,327,000","116,842,000","131,788,000","112,548,000","37,065,000","34,988,000","86,535,000","56,878,000","34,753,000","106,268,000","129,784,000","74,930,000","77,805,000","46,845,000","70,087,000","46,062,000","42,600,000","59,655,000","61,883,000","76,626,000","61,650,000","65,882,000","84,104,000","155,709,000","85,133,000","-19,387,000","7,982,000","49,355,000","22,842,000","3,583,000","-16,173,000","-72,989,000","-91,221,000","43,514,000","407,525,000","295,348,000","213,093,000","181,667,000","203,199,000","187,864,000","208,638,000","207,126,000","277,939,000","241,972,000","209,100,000","178,764,000","154,791,000","176,729,000","195,800,000","181,391,000","220,000,000","144,854,000","63,546,000","-4,733,000","2,902,000","1,059,000","4,868,000","5,173,000","20,700,000","31,400,000","10,700,000","14,400,000","10,900,000","18,000,000","17,600,000","40,200,000","37,400,000","45,000,000","44,800,000","52,000,000","38,300,000","28,500,000","15,800,000","37,700,000","36,700,000","40,500,000","36,700,000","43,100,000","45,000,000","41,000,000","36,600,000","48,400,000","31,800,000","30,500,000","28,900,000","46,400,000","35,000,000","38,900,000","37,500,000","49,700,000","35,100,000","26,700,000","18,800,000","18,800,000","17,900,000","16,400,000","10,500,000","12,100,000","9,800,000","8,400,000","7,800,000","10,400,000","7,500,000","6,500,000","6,700,000","9,900,000","10,100,000","9,000,000","7,200,000","7,200,000","5,100,000","7,800,000",,,,,,,,,,,,,,,
NetIncomeCommonStockholders,"6,795,150,000","2,240,379,000","2,118,301,000","1,500,192,000","937,056,000","396,669,000","192,214,000","108,089,000","19,701,000","107,083,000","273,376,000","384,052,000","499,838,000","644,142,000","673,849,000","680,234,000","352,998,000","382,581,000","253,950,000","321,910,000","355,707,000","220,984,000","269,122,000","232,954,000","70,385,000","-62,038,000","226,389,000","124,344,000","67,450,000","209,765,000","244,666,000","146,554,000","110,640,000","169,899,000","147,079,000","84,726,000","84,403,000","135,195,000","110,308,000","112,299,000","145,104,000","137,056,000","181,518,000","299,773,000","159,841,000","-11,359,000","23,495,000","90,992,000","30,964,000","58,907,000","-29,538,000","-133,337,000","-189,645,000","105,892,000","734,590,000","580,754,000","409,754,000","364,846,000","381,222,000","344,850,000","381,029,000","408,159,000","517,578,000","452,783,000","379,161,000","341,034,000","291,877,000","322,707,000","354,666,000","341,418,000","415,387,000","251,442,000","113,238,000","20,552,595","16,021,779","8,425,090","17,781,759","42,890,618","39,178,800","59,748,302","20,262,295","26,465,891","20,463,277","33,292,863","32,738,976","79,819,978","67,794,472","81,803,693","81,489,845","97,600,000","68,200,000","50,600,000","28,200,000","61,200,000","65,100,000","72,200,000","65,100,000","76,500,000","80,000,000","73,000,000","65,000,000","82,500,000","57,900,000","55,200,000","52,600,000","74,300,000","63,000,000","69,900,000","67,300,000","77,500,000","64,500,000","49,700,000","34,900,000","36,500,000","34,800,000","30,400,000","21,700,000","25,100,000","20,400,000","17,400,000","16,200,000","21,800,000","15,500,000","13,400,000","14,000,000","20,400,000","21,000,000","18,600,000","15,000,000","14,900,000","10,600,000","16,300,000",,,,,,,,,,,,,,,
	NetIncome,"6,827,461,000","2,250,418,000","2,127,743,000","1,506,868,000","942,432,000","398,843,000","193,415,000","108,881,000","20,331,000","107,823,000","275,031,000","386,483,000","501,806,000","646,779,000","676,656,000","683,153,000","354,179,000","383,891,000","254,850,000","323,048,000","356,899,000","221,709,000","270,036,000","233,772,000","70,754,000","-62,022,000","227,126,000","124,755,000","67,800,000","210,427,000","245,447,000","147,041,000","111,031,000","170,494,000","147,597,000","85,145,000","84,789,000","136,908,000","110,308,000","112,299,000","145,104,000","137,056,000","181,518,000","299,773,000","159,841,000","-11,359,000","23,495,000","90,992,000","30,964,000","58,907,000","-29,538,000","-133,337,000","-189,645,000","105,892,000","734,590,000","580,754,000","409,754,000","364,846,000","381,222,000","344,850,000","381,029,000","408,159,000","517,578,000","452,783,000","379,161,000","341,034,000","291,877,000","322,707,000","354,666,000","341,418,000","415,387,000","251,442,000","113,238,000","20,552,595","16,021,779","8,425,090","17,781,759","42,890,618","39,178,800","59,748,302","20,262,295","26,465,891","20,463,277","33,292,863","32,738,976","79,819,978","67,794,472","81,803,693","81,489,845","97,600,000","68,200,000","50,600,000","28,200,000","61,200,000","65,100,000","72,200,000","65,100,000","76,500,000","80,000,000","73,000,000","65,000,000","82,500,000","57,900,000","55,200,000","52,600,000","74,300,000","63,000,000","69,900,000","67,300,000","77,500,000","64,500,000","49,700,000","34,900,000","36,500,000","34,800,000","30,400,000","21,700,000","25,100,000","20,400,000","17,400,000","16,200,000","21,800,000","15,500,000","13,400,000","14,000,000","20,400,000","21,000,000","18,600,000","15,000,000","14,900,000","10,600,000","16,300,000",,,,,,,,,,,,,,,
		NetIncomeIncludingNoncontrollingInterests,"7,122,370,000","2,340,132,000","2,223,265,000","1,571,459,000","987,514,000","425,866,000","222,630,000","133,153,000","54,379,000","134,253,000","293,587,000","412,277,000","530,793,000","681,070,000","706,287,000","713,615,000","380,112,000","395,094,000","266,105,000","341,724,000","377,648,000","243,135,000","294,484,000","258,336,000","104,461,000","-15,288,000","267,736,000","159,344,000","84,292,000","244,958,000","274,201,000","166,935,000","129,696,000","190,416,000","178,115,000","106,270,000","110,728,000","160,255,000","129,892,000","139,567,000","163,412,000","158,173,000","200,111,000","321,578,000","181,122,000","8,887,000","50,024,000","106,218,000","41,194,000","86,427,000","-5,311,000","-127,769,000","-190,525,000","163,893,000","810,803,000","668,690,000","501,525,000","443,694,000","457,716,000","422,437,000","441,601,000","479,344,000","576,682,000","501,389,000","419,487,000","375,113,000","316,792,000","343,222,000","385,831,000","361,965,000","449,448,000","266,930,000","124,036,000","27,719,272","22,219,675","12,771,216","24,020,839","56,138,509","51,183,810","59,748,302","20,262,295","26,465,891","20,463,277","33,292,863","32,738,976","79,819,978","67,794,472","81,803,693","81,489,845","97,600,000","68,200,000","50,600,000","28,200,000","61,200,000","65,100,000","72,200,000","65,100,000","76,500,000","80,000,000","73,000,000","65,000,000","82,500,000","57,900,000","55,200,000","52,600,000","74,300,000","63,000,000","69,900,000","67,300,000","77,500,000","64,500,000","49,700,000","34,900,000","36,500,000","34,800,000","30,400,000","21,700,000","25,100,000","20,400,000","17,400,000","16,200,000","21,800,000","15,500,000","13,400,000","14,000,000","20,400,000","21,000,000","18,600,000","15,000,000","14,900,000","10,600,000","16,300,000","16,000,000","17,800,000","17,000,000","18,900,000","17,200,000","13,000,000","12,700,000","13,900,000","10,800,000","8,000,000","13,900,000","12,500,000","12,000,000","20,400,000","15,700,000"
			NetIncomeContinuousOperations,"7,122,370,000","2,340,132,000","2,223,265,000","1,571,459,000","987,514,000","425,866,000","222,630,000","133,153,000","54,379,000","134,253,000","293,587,000","412,277,000","530,793,000","681,070,000","706,287,000","713,615,000","380,112,000","395,094,000","266,105,000","341,724,000","377,648,000","243,135,000","294,484,000","258,336,000","104,461,000","-15,288,000","267,736,000","159,344,000","84,292,000","244,958,000","274,201,000","166,935,000","129,696,000","190,416,000","178,115,000","106,270,000","110,728,000","160,255,000","129,892,000","139,567,000","163,412,000","158,173,000","200,111,000","321,578,000","181,122,000","8,887,000","50,024,000","106,218,000","41,194,000","86,427,000","-5,311,000","-127,769,000","-190,525,000","419,813,000","734,590,000","580,754,000","409,754,000","364,846,000","381,222,000","344,850,000","381,029,000","408,159,000","517,578,000","452,783,000","379,161,000","341,034,000","291,877,000","322,707,000","354,666,000","341,418,000","415,387,000","251,442,000","113,238,000","20,552,595","16,021,779","8,425,090","17,781,759","42,890,618","39,178,800","59,748,302","20,262,295","26,465,891","20,463,277","33,292,863","32,738,976","79,819,978","67,794,472","81,803,693","81,489,845","97,600,000","68,200,000","50,600,000","28,200,000","61,200,000","65,100,000","72,200,000","65,100,000","76,500,000","80,000,000","73,000,000","65,000,000","82,500,000","57,900,000","55,200,000","52,600,000","74,300,000","63,000,000","69,900,000","67,300,000","77,500,000","64,500,000","49,700,000","34,900,000","36,500,000","34,800,000","30,400,000","21,700,000","25,100,000","20,400,000","17,400,000","16,200,000","21,800,000","15,500,000","13,400,000","14,000,000","20,400,000","21,000,000","18,600,000","15,000,000","14,900,000","10,600,000","16,300,000","16,000,000","17,800,000","17,000,000","18,900,000","17,200,000","13,000,000","12,700,000","13,900,000","10,800,000","8,000,000","13,900,000","12,500,000","12,000,000","20,400,000","15,700,000"
		MinorityInterests,"-294,909,000","-89,714,000","-95,522,000","-64,591,000","-45,082,000","-27,023,000","-29,215,000","-24,272,000","-34,048,000","-26,430,000","-18,556,000","-25,794,000","-28,987,000","-34,291,000","-29,631,000","-30,462,000","-25,933,000","-11,203,000","-11,255,000","-18,676,000","-20,749,000","-21,426,000","-24,448,000","-24,564,000","-33,707,000","-46,734,000","-40,610,000","-34,589,000","-16,492,000","-34,531,000","-28,754,000","-19,894,000","-18,665,000","-19,922,000","-30,518,000","-21,125,000","-25,939,000","-23,347,000","-19,584,000","-27,268,000","-18,308,000","-21,117,000","-18,593,000","-21,805,000","-21,281,000","-20,246,000","-26,529,000","-15,226,000","-10,230,000","-27,520,000","-24,227,000","-5,568,000","880,000","-58,001,000","-76,213,000","-87,936,000","-91,771,000","-78,848,000","-76,494,000","-77,587,000","-60,572,000","-71,185,000","-59,104,000","-48,606,000","-40,326,000","-34,079,000","-24,915,000","-20,515,000","-31,165,000","-20,547,000","-34,061,000","-15,488,000","-10,798,000","-7,166,677","-6,197,896","-4,346,126","-6,239,080","-13,247,891","-12,005,010",,,,,,,,,,,,,,,,,,,,,,,,,,,,,,,,,,,,,,,,,,,,,,,,,,,,,,,,,,,,,,,,,,,,
	OtherunderPreferredStockDividend,"32,311,000","10,039,000","9,442,000","6,676,000","5,376,000","2,174,000","1,201,000","792,000","630,000","740,000","1,655,000","2,431,000","1,968,000","2,637,000","2,807,000","2,919,000","1,181,000","1,310,000","900,000","1,138,000","1,192,000","725,000","914,000","818,000","369,000","16,000","737,000","411,000","350,000","662,000","781,000","487,000","391,000","595,000","518,000","419,000","386,000",,,,,,,,,,,,,,,"5,568,000",,,,,,,,,,,,,,,,,,,,,,,,,,,,,,,,,,,,,,,,,,,,,,,,,,,,,,,,,,,,,,,,,,,,,,,,,,,,,,,,,,,,,,,,,,,,,,,
AverageDilutionEarnings,"121,000",,,"27,000","13,000","-3,000","-1,000","0","0","1,000","-1,000","1,000","4,000","4,000","11,000","10,000","4,000","4,000","1,000","2,000","4,000","1,000","0","0","0","1,000","0","0","0","0","0","0","0","0","0","0","0",,,,,,,,,,,,,,,,,,,,,,,,,,,,,,,,,,,,,,,,,,,,,,,,,,,,,,,,,,,,,,,,,,,,,,,,,,,,,,,,,,,,,,,,,,,,,,,,,,,,,,,,,,,,,,
DilutedNIAvailtoComStockholders,"6,795,271,000","2,240,500,000","2,118,301,000","1,500,219,000","937,069,000","396,666,000","192,213,000","108,089,000","19,701,000","107,084,000","273,375,000","384,053,000","499,842,000","644,146,000","673,860,000","680,244,000","353,002,000","382,585,000","253,951,000","321,912,000","355,711,000","220,985,000","269,122,000","232,954,000","70,385,000","-62,037,000","226,389,000","124,344,000","67,450,000","209,765,000","244,666,000","146,554,000","110,640,000","169,899,000","147,079,000","84,726,000","84,403,000","135,194,000","110,308,000","112,299,000","145,104,000","137,056,000","181,518,000","299,773,000","159,841,000","-11,359,000","23,495,000","90,992,000","30,964,000","58,907,000","-29,538,000","-133,337,000","-189,645,000","105,892,000","734,590,000","580,754,000","409,754,000","364,846,000","381,222,000","344,850,000","381,029,000","408,159,000","517,578,000","452,783,000","379,161,000","341,034,000","291,877,000","322,707,000","354,666,000","341,418,000","415,387,000","251,442,000","113,238,000","20,552,595","16,021,779","8,425,090","17,781,759","42,890,618","39,178,800","59,748,302","20,262,295","26,465,891","20,463,277","33,292,863","32,738,976","79,819,978","67,794,472","81,803,693","81,489,845","97,600,000","68,200,000","50,600,000","28,200,000","61,200,000","65,100,000","72,200,000","65,100,000","76,500,000","80,000,000","73,000,000","65,000,000","82,500,000","57,900,000","55,200,000","52,600,000","74,300,000","63,000,000","69,900,000","67,300,000","77,500,000","64,500,000","49,700,000","34,900,000","36,500,000","34,800,000","30,400,000","21,700,000","25,100,000","20,400,000","17,400,000","16,200,000","21,800,000","15,500,000","13,400,000","14,000,000","20,400,000","21,000,000","18,600,000","15,000,000","14,900,000","10,600,000","16,300,000",,,,,,,,,,,,,,,
BasicEPS,,"7.99","7.29","5.05","3.1","1.31","0.63","0.36","0.07","0.35","0.9","1.26","1.63","2.08","2.13","2.14","1.11","1.2","0.84","1","1.11","0.5","0.84","0.73","0.22","-0.19","0.71","0.39","0.21","0.66","0.76","0.46","0.35","0.53","0.46","0.27","0.26","0.43","0.35","0.35","0.46",,"0.57","0.94","0.5",,"0.07","0.29","0.1",,"-0.1","-0.43","-0.6",,"2.32","1.95","1.42",,"1.3","1.14","1.27",,"1.7","1.46","1.22",,"0.935","1.02","1.11",,"1.31","0.795","0.36",,"0.05","0.028","0.058",,"0.125","0.193","0.065",,"0.065","0.108","0.105",,"0.213","0.245","0.235",,"0.195","0.145","0.08",,"0.185","0.205","0.185",,"0.228","0.208","0.185",,"0.165","0.158","0.15",,"0.18","0.2","0.193",,"0.185","0.143","0.1",,"0.1","0.088","0.063",,"0.06","0.05","0.048",,"0.045","0.04","0.043",,"0.063","0.055","0.045",,"0.033","0.048","0.048",,"0.05","0.058","0.053",,"0.038","0.043","0.033",,"0.043","0.038","0.035",,"0.048"
DilutedEPS,,"7.97","7.28","5.04","3.1","1.3","0.63","0.36","0.07","0.35","0.9","1.26","1.63","2.07","2.13","2.13","1.1","1.2","0.83","1","1.11","0.5","0.84","0.73","0.22","-0.19","0.71","0.39","0.21","0.65","0.76","0.46","0.35","0.53","0.46","0.27","0.26","0.43","0.35","0.35","0.46",,"0.57","0.94","0.5",,"0.07","0.29","0.1",,"-0.1","-0.43","-0.6",,"2.31","1.94","1.41",,"1.29","1.14","1.26",,"1.68","1.45","1.21",,"0.93","1.015","1.1",,"1.295","0.793","0.358",,"0.05","0.028","0.058",,"0.125","0.19","0.065",,"0.065","0.108","0.105",,"0.213","0.245","0.235",,"0.195","0.145","0.08",,"0.185","0.205","0.185",,"0.228","0.208","0.185",,"0.165","0.158","0.15",,"0.18","0.2","0.193",,"0.185","0.143","0.1",,"0.1","0.088","0.063",,"0.06","0.05","0.048",,"0.045","0.04","0.043",,"0.063","0.055","0.045",,"0.033","0.048","0.048",,"0.05","0.058","0.053",,"0.038","0.043","0.033",,"0.043","0.038","0.035",,"0.048"
BasicAverageShares,,"280,451,000","290,510,000","296,817,000","301,846,000","303,467,000","303,394,000","302,921,000","302,909,000","303,560,000","304,637,000","305,461,000","306,585,000","309,804,000","315,913,000","318,467,000","319,421,000","319,210,000","320,096,000","320,439,000","320,224,000","319,921,000","319,737,000","319,360,000","319,240,000","320,629,000","320,819,000","320,506,000","320,315,000","320,157,000","320,023,000","319,693,000","319,505,000","319,361,000","319,341,000","318,903,000","318,686,000","318,553,000","318,463,000","317,975,000","317,689,000",,"317,194,000","316,811,000","316,595,000",,"316,223,000","315,849,000","315,461,000",,"315,173,000","314,752,000","314,319,000",,"316,713,000","298,262,000","288,208,000",,"293,096,000","301,302,000","301,034,000",,"304,835,000","310,243,000","310,626,000",,"311,664,000","316,000,000","319,416,000",,"317,592,000","316,024,000","314,992,000",,"312,976,120","312,771,696","312,728,800",,"312,688,252","312,339,516","311,671,456",,"311,099,152","310,699,224","310,347,372",,"318,744,004","332,610,356","346,286,340",,"349,743,590","348,965,517","352,500,000",,"351,891,892","352,195,122","351,891,892",,"351,648,352","351,807,229","351,351,351",,"350,909,091","350,476,190","350,666,667",,"350,000,000","349,500,000","349,610,390",,"348,648,649","348,771,930","349,000,000",,"348,000,000","347,428,571","347,200,000",,"340,000,000","348,000,000","341,052,632",,"344,444,444","335,000,000","329,411,765",,"336,000,000","338,181,818","333,333,333",,"326,153,846","343,157,895","339,824,000",,"339,136,000","339,136,000","338,096,000",,"338,096,000","338,096,000","340,672,000",,"344,080,000","344,080,000","342,288,000",,"341,040,000"
DilutedAverageShares,,"281,046,000","291,152,000","297,529,000","302,518,000","303,806,000","303,441,000","302,933,000","302,932,000","303,987,000","304,980,000","305,952,000","307,180,000","310,447,000","316,798,000","319,391,000","320,474,000","319,967,000","320,763,000","321,226,000","321,146,000","320,396,000","320,028,000","319,578,000","319,294,000","320,687,000","320,900,000","320,708,000","320,483,000","320,449,000","320,337,000","319,981,000","319,768,000","319,652,000","319,526,000","319,023,000","318,842,000","318,613,000","318,520,000","318,040,000","317,779,000",,"317,287,000","317,022,000","316,874,000",,"316,756,000","316,472,000","316,228,000",,"315,173,000","314,752,000","314,319,000",,"318,168,000","299,842,000","290,201,000",,"295,019,000","303,330,000","303,482,000",,"307,553,000","312,955,000","313,748,000",,"314,472,000","318,634,000","322,492,000",,"320,458,000","317,744,000","316,744,000",,"313,492,868","313,265,652","312,789,684",,"313,230,068","313,433,744","312,515,096",,"311,099,152","310,699,224","310,347,372",,"346,286,340","346,286,340","346,286,340",,"349,743,590","348,965,517","352,500,000",,"351,891,892","352,195,122","351,891,892",,"351,648,352","351,807,229","351,351,351",,"350,909,091","350,476,190","350,666,667",,"350,000,000","349,500,000","349,610,390",,"348,648,649","348,771,930","349,000,000",,"348,000,000","347,428,571","347,200,000",,"340,000,000","348,000,000","341,052,632",,"344,444,444","335,000,000","329,411,765",,"336,000,000","338,181,818","333,333,333",,"326,153,846","343,157,895","339,824,000",,"339,136,000","339,136,000","338,096,000",,"338,096,000","338,096,000","340,672,000",,"344,080,000","344,080,000","342,288,000",,"341,040,000"
TotalExpenses,"27,165,134,000","7,343,281,000","7,433,295,000","6,702,731,000","5,685,827,000","4,695,646,000","4,591,278,000","4,091,364,000","5,148,461,000","4,858,786,000","5,051,292,000","5,329,472,000","5,381,471,000","5,392,922,000","5,686,133,000","5,528,565,000","5,024,973,000","4,739,862,000","4,763,945,000","4,635,355,000","4,231,355,000","3,564,257,000","3,835,123,000","3,841,223,000","3,538,373,000","3,155,372,000","3,826,017,000","4,099,895,000","4,235,719,000","4,617,229,000","5,254,887,000","5,008,021,000","4,864,676,000","4,626,412,000","4,657,519,000","4,475,613,000","4,363,781,000","4,178,694,000","4,569,126,000","4,816,955,000","4,799,186,000","4,555,428,000","4,927,736,000","4,587,338,000","4,525,113,000","3,597,760,000","4,114,017,000","4,003,071,000","3,534,641,000","2,809,429,000","3,106,764,000","2,646,829,000","2,903,700,000","3,815,972,000","6,206,162,000","6,099,827,000","4,241,306,000","3,765,323,000","3,594,730,000","3,552,830,000","3,127,808,000","2,793,732,000","3,087,045,000","3,072,577,000","2,922,242,000","2,656,782,000","2,553,406,000","2,622,711,000","2,746,057,000","2,541,121,000","2,565,091,000","2,343,922,000","2,093,768,000","1,637,862,325","1,577,354,584","1,500,083,605","1,446,615,720","1,399,271,784","1,091,097,362","1,077,425,414","994,290,127","936,555,331","1,019,751,504","1,024,103,391","978,452,288","889,640,336","1,056,684,911","1,086,263,443","1,076,065,407","945,000,000","921,900,000","918,100,000","850,300,000","774,900,000","910,100,000","1,016,400,000","1,038,400,000","918,900,000","976,700,000","920,300,000","908,200,000","791,300,000","847,500,000","825,200,000","795,600,000","760,800,000","763,400,000","770,900,000","735,700,000","670,100,000","683,400,000","659,500,000","592,100,000","552,900,000","530,900,000","514,800,000","454,800,000","378,300,000","391,200,000","361,600,000","363,100,000","339,500,000","349,000,000","351,600,000","329,800,000","336,800,000","354,500,000","349,400,000","322,800,000","289,500,000","288,300,000","310,200,000",,,,,,,,,,,,,,,
NetIncomeFromContinuingAndDiscontinuedOperation,"6,827,461,000","2,250,418,000","2,127,743,000","1,506,868,000","942,432,000","398,843,000","193,415,000","108,881,000","20,331,000","107,823,000","275,031,000","386,483,000","501,806,000","646,779,000","676,656,000","683,153,000","354,179,000","383,891,000","254,850,000","323,048,000","356,899,000","221,709,000","270,036,000","233,772,000","70,754,000","-62,022,000","227,126,000","124,755,000","67,800,000","210,427,000","245,447,000","147,041,000","111,031,000","170,494,000","147,597,000","85,145,000","84,789,000","136,908,000","110,308,000","112,299,000","145,104,000","137,056,000","181,518,000","299,773,000","159,841,000","-11,359,000","23,495,000","90,992,000","30,964,000","58,907,000","-29,538,000","-133,337,000","-189,645,000","105,892,000","734,590,000","580,754,000","409,754,000","364,846,000","381,222,000","344,850,000","381,029,000","408,159,000","517,578,000","452,783,000","379,161,000","341,034,000","291,877,000","322,707,000","354,666,000","341,418,000","415,387,000","251,442,000","113,238,000","20,552,595","16,021,779","8,425,090","17,781,759","42,890,618","39,178,800","59,748,302","20,262,295","26,465,891","20,463,277","33,292,863","32,738,976","79,819,978","67,794,472","81,803,693","81,489,845","97,600,000","68,200,000","50,600,000","28,200,000","61,200,000","65,100,000","72,200,000","65,100,000","76,500,000","80,000,000","73,000,000","65,000,000","82,500,000","57,900,000","55,200,000","52,600,000","74,300,000","63,000,000","69,900,000","67,300,000","77,500,000","64,500,000","49,700,000","34,900,000","36,500,000","34,800,000","30,400,000","21,700,000","25,100,000","20,400,000","17,400,000","16,200,000","21,800,000","15,500,000","13,400,000","14,000,000","20,400,000","21,000,000","18,600,000","15,000,000","14,900,000","10,600,000","16,300,000",,,,,,,,,,,,,,,
NormalizedIncome,"6,875,579,830.1","2,259,101,618.142","2,127,743,000","1,541,251,008","947,501,782","628,201,700","198,480,268","112,556,000","230,458,580","158,227,947.248","275,031,000","386,483,000","501,806,000","646,779,000","760,916,000","683,153,000","354,179,000","383,891,000","254,850,000","323,048,000","356,899,000","221,709,000","270,036,000","233,772,000","70,754,000","-62,022,000","227,126,000","124,755,000","67,800,000","210,427,000","245,447,000","147,041,000","111,031,000","170,494,000","147,597,000","85,145,000","84,789,000","136,908,000","110,308,000","131,679,000","149,949,324","137,056,000","181,518,000","299,773,000","159,841,000","-11,359,000","23,495,000","90,992,000","42,785,821.132","58,907,000","-29,538,000","-133,337,000","-189,645,000","105,892,000","734,590,000","580,754,000","409,754,000","364,846,000","381,222,000","344,850,000","381,029,000","408,159,000","517,578,000","452,783,000","379,161,000","341,034,000","291,877,000","322,707,000","348,738,427.362","341,418,000","415,387,000","251,442,000","112,215,691.149","13,645,668","11,928,884.617","8,425,090","15,975,415.316","16,208,700.75","39,178,800","20,549,014.891","20,262,295","26,465,891","20,463,277","33,292,863","32,738,976","79,819,978","67,794,472","81,803,693","81,489,845","97,600,000","67,111,361.502","50,600,000","27,943,636.364","60,766,835.187","64,524,459.725","71,687,488.909","64,268,664.047","76,500,000","79,872,000","73,000,000","65,000,000","82,689,075.63","58,029,096.99","55,200,000","51,954,601.227","74,300,000","63,000,000","69,900,000","67,300,000","77,500,000","64,500,000","49,700,000","34,900,000","36,500,000","34,800,000","30,400,000","21,700,000","25,100,000","20,400,000","17,400,000","16,200,000","21,800,000","15,500,000","13,400,000","14,000,000","20,400,000","21,000,000","18,600,000","15,000,000","14,900,000","10,600,000","16,300,000",,,,,,,,,,,,,,,
InterestIncome,"4,267,000","437,000","623,000","1,881,000","1,326,000","1,545,000","2,142,000","3,042,000","6,686,000","8,956,000","9,435,000","8,923,000","8,619,000","9,179,000","7,588,000","5,890,000","3,064,000","3,711,000","4,311,000","2,985,000","2,695,000","2,980,000","3,510,000","2,993,000","2,452,000","1,332,000","1,065,000","964,000","651,000","972,000","1,275,000","1,487,000","1,152,000","1,299,000","1,154,000","1,448,000","1,189,000","1,902,000","2,649,000",,"3,310,000","2,385,000","4,291,000","2,975,000",,,"77,304,000","1,448,000","1,547,000","1,890,000","2,443,000","3,520,000","7,317,000",,,,,,,,,,,,,,,,,,,,,,,,,,,,,,,,,,,,,,,,,,,,,,,,,,,,,,,,,,,,,,,,,,,,,,,,,,,,,,,,,,,,,,,,,,,,,,
InterestExpense,"163,121,000","40,582,000","43,908,000","37,661,000","40,970,000","37,887,000","42,281,000","38,849,000","47,596,000","37,622,000","40,721,000","41,953,000","37,062,000","40,948,000","44,789,000","35,341,000","40,178,000","45,796,000","47,621,000","47,565,000","46,300,000","43,809,000","46,519,000","43,477,000","47,374,000","42,919,000","46,406,000","43,150,000","45,068,000","39,747,000","46,624,000","45,878,000","41,893,000","39,008,000","38,621,000","40,676,000","33,680,000","41,249,000","42,954,000","41,051,000","44,982,000","42,536,000","44,484,000","46,159,000","42,566,000","35,370,000","39,618,000","38,770,000","39,335,000","37,595,000","37,168,000","35,477,000","39,682,000",,,,,,,,,,,,,,,,,,,,,,,,,,,,,,,,,,,,,,,,,,,,,,,,,,,,,,,,,,,,,,,,,,,,,,,,,,,,,,,,,,,,,,,,,,,,,,
NetInterestIncome,"-158,854,000","-40,145,000","-43,285,000","-35,780,000","-39,644,000","-36,342,000","-40,139,000","-35,807,000","-40,910,000","-28,666,000","-31,286,000","-33,030,000","-28,443,000","-31,769,000","-37,201,000","-29,451,000","-37,114,000","-42,085,000","-43,310,000","-44,580,000","-43,605,000","-40,829,000","-43,009,000","-40,484,000","-44,922,000","-41,587,000","-45,341,000","-42,186,000","-44,417,000","-38,775,000","-45,349,000","-44,391,000","-40,741,000","-37,709,000","-37,467,000","-39,228,000","-32,491,000","-39,347,000","-40,305,000","-41,051,000","-41,672,000","-40,151,000","-40,193,000","-43,184,000","-42,566,000","-265,889,000","37,686,000","-37,322,000","-37,788,000","-35,705,000","-34,725,000","-31,957,000","-32,365,000",,,,,,,,,,,,,,,,,,,,,,,,,,,,,,,,,,,,,,,,,,,,,,,,,,,,,,,,,,,,,,,,,,,,,,,,,,,,,,,,,,,,,,,,,,,,,,
EBIT,"9,363,979,000","3,048,339,000","2,913,015,000","2,063,409,000","1,339,216,000","255,653,000","332,699,000","219,906,000","193,893,000","215,852,000","421,060,000","576,575,000","726,678,000","918,224,000","967,291,000","949,042,000","556,090,000","368,037,000","418,226,000","555,701,000","595,275,000","403,786,000","472,791,000","414,361,000","188,900,000","62,619,000","400,677,000","259,372,000","164,113,000","390,973,000","450,609,000","287,743,000","249,394,000","276,269,000","286,823,000","193,008,000","187,008,000","261,159,000","234,729,000","257,244,000","270,044,000","266,591,000","328,699,000","523,446,000","308,821,000","24,870,000","97,624,000","194,343,000","103,371,000","127,605,000","15,684,000","-165,281,000","-242,064,000","-40,069,000","1,241,358,000","990,772,000","732,963,000","631,437,000","664,491,000","615,280,000","641,077,000","674,858,000","844,188,000","733,773,000","622,855,000","550,682,000","472,505,000","522,292,000","576,564,000","547,877,000","674,501,000","417,900,000","192,648,000","23,217,927","26,656,760","20,377,279","33,655,267","67,021,352","74,544,092","64,252,066","33,874,340","43,012,616","33,336,535","54,471,481","49,565,432","119,837,425","106,403,229","127,681,859","123,569,371","146,600,000","104,800,000","79,100,000","43,500,000","98,100,000","100,900,000","112,000,000","100,500,000","118,400,000","124,900,000","114,800,000","102,300,000","131,000,000","89,900,000","85,900,000","80,500,000","118,800,000","97,100,000","109,300,000","106,000,000","129,300,000","103,000,000","80,600,000","57,600,000","58,800,000","56,400,000","50,100,000","35,000,000","39,800,000","32,400,000","27,500,000","25,300,000","31,400,000","23,400,000","20,100,000","20,700,000","29,900,000","32,600,000","30,200,000","25,400,000","26,400,000","18,700,000","26,000,000","309,900,000","-676,800,000","268,800,000","272,900,000","245,200,000","-535,900,000","221,900,000","209,500,000","186,800,000","-502,900,000","195,700,000","197,100,000","189,000,000","-466,800,000","202,700,000"
EBITDA,"10,228,542,000"
ReconciledCostOfRevenue,"25,458,525,000","6,841,211,000","6,906,950,000","6,315,661,000","5,394,703,000","4,541,527,000","4,425,765,000","3,949,347,000","4,995,069,000","4,696,558,000","4,891,991,000","5,120,492,000","5,200,732,000","5,183,622,000","5,452,052,000","5,294,184,000","4,842,013,000","4,571,760,000","4,591,153,000","4,465,144,000","4,054,929,000","3,408,175,000","3,665,900,000","3,679,512,000","3,428,628,000","3,073,875,000","3,701,678,000","3,971,303,000","4,111,158,000","4,489,882,000","5,102,283,000","4,875,208,000","4,731,242,000","4,509,009,000","4,532,393,000","4,352,463,000","4,247,556,000","4,066,926,000","4,452,473,000","4,704,269,000","4,692,067,000","4,461,568,000","4,776,283,000","4,441,591,000","4,395,525,000","3,721,207,000","3,949,779,000","3,887,929,000","3,442,047,000","2,716,824,000","3,000,851,000","2,539,904,000","2,778,324,000","3,670,629,000","5,990,407,000","5,879,655,000","4,071,592,000","3,618,164,000","3,449,260,000","3,403,905,000","2,991,598,000","2,651,525,000","2,926,581,000","2,925,975,000","2,768,142,000","2,509,400,000","2,435,276,000","2,520,092,000","2,620,628,000","2,445,069,000","2,433,518,000","2,233,916,000","2,016,369,000","1,603,119,456","1,532,857,367","1,454,145,488","1,406,424,888","1,349,837,046","1,043,424,047","1,036,218,894","957,016,353","919,791,304","978,176,197","978,563,139","943,772,386","1,050,194,578","941,346,754","970,739,610","963,197,598","835,900,000","810,600,000","820,200,000","757,200,000","671,900,000","809,700,000","916,500,000","940,600,000","826,900,000","882,000,000","830,000,000","821,100,000","712,600,000","769,400,000","750,600,000","724,400,000","683,400,000","688,500,000","692,800,000","661,600,000","603,200,000","608,200,000","590,900,000","531,800,000","502,800,000","476,000,000","460,400,000","404,300,000","334,300,000","345,400,000","318,800,000","321,100,000","300,300,000","307,800,000","311,000,000","290,200,000","299,500,000","313,900,000","309,600,000","285,000,000","257,900,000","251,000,000","271,500,000",,,,,,,,,,,,,,,
ReconciledDepreciation,"864,563,000","241,288,000","218,925,000","203,400,000","200,950,000","196,901,000","196,709,000","194,581,000","197,275,000","192,041,000","177,885,000","185,056,000","179,671,000","178,623,000","180,039,000","179,857,000","181,118,000","183,845,000","179,495,000","182,828,000","180,893,000","173,879,000","171,500,000","171,314,000","170,361,000","175,105,000","173,496,000","174,827,000","176,589,000","183,612,000","178,117,000","182,782,000","179,912,000","163,662,000","150,581,000","146,492,000","149,473,000","158,813,000","154,118,000","146,168,000","147,922,000","146,878,000","152,783,000","146,073,000","144,666,000","144,117,000","147,368,000","145,013,000","146,104,000","144,319,000","143,628,000","140,635,000","137,841,000","143,560,000","142,049,000","140,225,000","123,073,000","113,839,000","117,568,000","97,747,000","98,402,000","90,258,000","91,190,000","91,663,000","90,825,000","93,555,000","96,228,000","93,981,000","91,290,000","91,500,000","98,126,000","97,381,000","96,298,000","90,208,445","90,864,866","91,578,920","91,459,693","78,915,235","76,166,070","76,304,456","75,715,271","69,442,281","75,821,112","74,712,008","69,087,812","57,093,944","67,387,512","66,331,314","68,552,403","65,000,000","65,700,000","64,200,000","61,700,000","74,600,000","59,800,000","59,800,000","58,900,000","59,400,000","54,200,000","52,200,000","53,000,000","51,700,000","45,600,000","42,700,000","42,200,000","49,800,000","41,400,000","42,300,000","40,400,000","44,500,000","39,600,000","38,100,000","35,500,000","31,400,000","30,200,000","31,300,000","29,400,000","25,200,000","24,600,000","23,500,000","24,500,000","21,700,000","23,700,000","23,800,000","24,400,000","20,800,000","21,500,000","21,500,000","21,200,000","14,400,000","19,900,000","21,200,000",,,,,,,,,,,,,,,
NetIncomeFromContinuingOperationNetMinorityInterest,"6,827,461,000","2,250,418,000","2,127,743,000","1,506,868,000","942,432,000","398,843,000","193,415,000","108,881,000","20,331,000","107,823,000","275,031,000","386,483,000","501,806,000","646,779,000","676,656,000","683,153,000","354,179,000","383,891,000","254,850,000","323,048,000","356,899,000","221,709,000","270,036,000","233,772,000","70,754,000","-62,022,000","227,126,000","124,755,000","67,800,000","210,427,000","245,447,000","147,041,000","111,031,000","170,494,000","147,597,000","85,145,000","84,789,000","136,908,000","110,308,000","112,299,000","145,104,000","137,056,000","181,518,000","299,773,000","159,841,000","-11,359,000","23,495,000","90,992,000","30,964,000","58,907,000","-29,538,000","-133,337,000","-189,645,000","105,892,000","734,590,000","580,754,000","409,754,000","364,846,000","381,222,000","344,850,000","381,029,000","408,159,000","517,578,000","452,783,000","379,161,000","341,034,000","291,877,000","322,707,000","354,666,000","341,418,000","415,387,000","251,442,000","113,238,000","20,552,595","16,021,779","8,425,090","17,781,759","42,890,618","39,178,800","59,748,302","20,262,295","26,465,891","20,463,277","33,292,863","32,738,976","79,819,978","67,794,472","81,803,693","81,489,845","97,600,000","68,200,000","50,600,000","28,200,000","61,200,000","65,100,000","72,200,000","65,100,000","76,500,000","80,000,000","73,000,000","65,000,000","82,500,000","57,900,000","55,200,000","52,600,000","74,300,000","63,000,000","69,900,000","67,300,000","77,500,000","64,500,000","49,700,000","34,900,000","36,500,000","34,800,000","30,400,000","21,700,000","25,100,000","20,400,000","17,400,000","16,200,000","21,800,000","15,500,000","13,400,000","14,000,000","20,400,000","21,000,000","18,600,000","15,000,000","14,900,000","10,600,000","16,300,000",,,,,,,,,,,,,,,
TotalUnusualItemsExcludingGoodwill,"-62,161,000","-11,161,000","0","-44,308,000","-6,662,000","-314,190,000","-6,604,000","-5,000,000","-287,846,000","-66,916,000","0",,,"0","-110,000,000",,,,,,,"0",,,,"-237,133,000",,,,,,,,"0","0","0",,"0","0","-30,000,000","-6,674,000",,,,,,,,"-18,377,000",,,,,,,,,,,,,,,,,"0",,,"9,200,000","0",,,"1,596,000","11,511,545","4,834,234",,"2,300,855","29,900,000",,"59,800,000",,,,,,,,,,,"1,700,000",,"400,000","700,000","900,000","800,000","1,300,000",,"200,000",,,"-300,000","-200,000",,"1,000,000",,,,,,,,,,,,,,,,,,,,,,,,,,,,,,,,,,,,,,,,,,
TotalUnusualItems,"-62,161,000","-11,161,000","0","-44,308,000","-6,662,000","-314,190,000","-6,604,000","-5,000,000","-287,846,000","-66,916,000","0",,,"0","-110,000,000",,,,,,,"0",,,,"-237,133,000",,,,,,,,"0","0","0",,"0","0","-30,000,000","-6,674,000",,,,,,,,"-18,377,000",,,,,,,,,,,,,,,,,"0",,,"9,200,000","0",,,"1,596,000","11,511,545","4,834,234",,"2,300,855","29,900,000",,"59,800,000",,,,,,,,,,,"1,700,000",,"400,000","700,000","900,000","800,000","1,300,000",,"200,000",,,"-300,000","-200,000",,"1,000,000",,,,,,,,,,,,,,,,,,,,,,,,,,,,,,,,,,,,,,,,,,
NormalizedEBITDA,"10,290,703,000","3,300,788,000","3,131,940,000","2,311,117,000","1,546,828,000","766,744,000","536,012,000","419,487,000","679,014,000","474,809,000","598,945,000","761,631,000","906,349,000","1,096,847,000","1,257,330,000","1,128,899,000","737,208,000","551,882,000","597,721,000","738,529,000","776,168,000","577,665,000","644,291,000","585,675,000","359,261,000","237,724,000","574,173,000","434,199,000","340,702,000","574,585,000","628,726,000","470,525,000","429,306,000","439,931,000","437,404,000","339,500,000","336,481,000","419,972,000","388,847,000","433,412,000","424,640,000","413,469,000","481,482,000","669,519,000","453,487,000","168,987,000","244,992,000","339,356,000","267,852,000","271,924,000","159,312,000","-24,646,000","-104,223,000","103,491,000","1,383,407,000","1,130,997,000","856,036,000","745,276,000","782,059,000","713,027,000","739,479,000","765,116,000","935,378,000","825,436,000","713,680,000","644,237,000","568,733,000","616,273,000","658,654,000","639,377,000","772,627,000","515,281,000","287,350,000","101,914,827","112,687,392","111,956,199","122,814,105","116,036,587","150,710,162","80,756,522","109,589,611","112,454,897","109,157,647","129,183,489","118,653,244","176,931,369","173,790,741","194,013,173","192,121,774","211,600,000","168,800,000","143,300,000","104,800,000","172,000,000","159,800,000","171,000,000","158,100,000","177,800,000","178,900,000","167,000,000","155,300,000","183,000,000","135,700,000","128,600,000","121,700,000","168,600,000","138,500,000","151,600,000","146,400,000","173,800,000","142,600,000","118,700,000","93,100,000","90,200,000","86,600,000","81,400,000","64,400,000","65,000,000","57,000,000","51,000,000","49,800,000","53,100,000","47,100,000","43,900,000","45,100,000","50,700,000","54,100,000","51,700,000","46,600,000","40,800,000","38,600,000","47,200,000","309,900,000","-676,800,000","268,800,000","272,900,000","245,200,000","-535,900,000","221,900,000","209,500,000","186,800,000","-502,900,000","195,700,000","197,100,000","189,000,000","-466,800,000","202,700,000"
TaxRateForCalcs,"0.226","0.222","0.225","0.224","0.239","0.27","0.233","0.265","0.27","0.247","0.228","0.229","0.23","0.224","0.234","0.219","0.263","0.4","0.282","0.327","0.312","0.325","0.309","0.303","0.262","0.4","0.244","0.263","0.292","0.303","0.321","0.31","0.375","0.197","0.282","0.302","0.278","0.271","0.323","0.354","0.274","0.294","0.296","0.326","0.32","0.35","0.138","0.317","0.357","0.04","0.35","0.364","0.324","0.291","0.357","0.337","0.342","0.332","0.348","0.353","0.354","0.337","0.349","0.348","0.355","0.344","0.347","0.354","0.356","0.347","0.346","0.366","0.359","0.4","0.153","0.112","0.215","0.108","0.346","0.344","0.346","0.352","0.348","0.351","0.35","0.335","0.356","0.355","0.355","0.348","0.36","0.36","0.359","0.381","0.361","0.359","0.361","0.36","0.36","0.36","0.36","0.37","0.355","0.356","0.355","0.384","0.357","0.358","0.358","0.391","0.352","0.349","0.35","0.34","0.34","0.35","0.326","0.325","0.325","0.326","0.325","0.323","0.326","0.327","0.324","0.327","0.325","0.326","0.324","0.326","0.325","0.324",,,,,,,,,,,,,,,
TaxEffectOfUnusualItems,"-14,042,169.9","-2,477,381.858","0","-9,924,992","-1,592,218","-84,831,300","-1,538,732","-1,325,000","-77,718,420","-16,511,052.752","0","0","0","0","-25,740,000","0","0","0","0","0","0","0","0","0","0","0","0","0","0","0","0","0","0","0","0","0","0","0","0","-10,620,000","-1,828,676","0","0","0","0","0","0","0","-6,555,178.868","0","0","0","0","0","0","0","0","0","0","0","0","0","0","0","0","0","0","0","3,272,427.362","0","0","0","573,691.149","4,604,618","741,339.617","0","494,511.316","3,218,082.75","0","20,600,712.891","0","0","0","0","0","0","0","0","0","0","611,361.502","0","143,636.364","266,835.187","324,459.725","287,488.909","468,664.047","0","72,000","0","0","-110,924.37","-70,903.01","0","354,601.227","0","0","0","0","0","0","0","0","0","0","0","0","0","0","0","0","0","0","0","0","0","0","0","0","0","0","0",,,,,,,,,,,,,,,