name,ttm,12/31/2021,09/30/2021,06/30/2021,03/31/2021,12/31/2020,09/30/2020,06/30/2020,03/31/2020,12/31/2019,09/30/2019,06/30/2019,03/31/2019,12/31/2018,09/30/2018,06/30/2018,03/31/2018,12/31/2017,09/30/2017,06/30/2017,03/31/2017,12/31/2016,09/30/2016,06/30/2016,03/31/2016,12/31/2015,09/30/2015,06/30/2015,03/31/2015,12/31/2014,09/30/2014,06/30/2014,03/31/2014,12/31/2013,09/30/2013,06/30/2013,03/31/2013,12/31/2012,09/30/2012,06/30/2012,03/31/2012,12/31/2011,09/30/2011,06/30/2011,03/31/2011,12/31/2010,09/30/2010,06/30/2010,03/31/2010,12/31/2009,09/30/2009,06/30/2009,03/31/2009,12/31/2008,09/30/2008,06/30/2008,03/31/2008,12/31/2007,09/30/2007,06/30/2007,03/31/2007,12/31/2006,09/30/2006,06/30/2006,03/31/2006,12/31/2005,09/30/2005,06/30/2005,03/31/2005,12/31/2004,09/30/2004,06/30/2004,03/31/2004,12/31/2003,09/30/2003,06/30/2003,03/31/2003,12/31/2002,09/30/2002,06/30/2002,03/31/2002,12/31/2001,09/30/2001,06/30/2001,03/31/2001,12/31/2000,09/30/2000,06/30/2000,03/31/2000,12/31/1999,09/30/1999,06/30/1999,03/31/1999,12/31/1998,09/30/1998,06/30/1998,03/31/1998,12/31/1997,09/30/1997,06/30/1997,03/31/1997,12/31/1996,09/30/1996,06/30/1996,03/31/1996,12/31/1995,09/30/1995,06/30/1995,03/31/1995,12/31/1994,09/30/1994,06/30/1994,03/31/1994
TotalRevenue,"8,959,750,000","2,232,489,000","2,397,976,000","2,285,807,000","2,043,478,000","2,346,400,000","1,992,234,000","1,622,222,000","1,584,997,000","1,993,427,000","1,914,604,000","1,802,931,000","1,689,844,000","1,997,771,000","1,855,769,000","1,790,220,000","1,531,507,000","1,819,018,000","1,669,873,000","1,546,046,000","1,278,753,000","1,755,224,000","1,539,569,000","1,389,620,000","1,145,700,000","1,557,407,000","1,404,323,000","1,244,936,000","958,827,000","1,329,596,000","1,204,539,000","1,102,879,000","812,494,000","1,243,737,000","1,190,363,000","1,010,939,000","771,211,000","945,824,000","871,397,000","770,457,000","601,476,000","742,072,000","708,469,000","697,364,000","516,001,000","812,729,000","679,633,000","968,339,000","593,505,000","745,802,000","814,016,000","627,946,000","561,811,000","910,174,000","939,211,000","955,723,000","887,931,000","1,427,397,000","1,292,088,000","1,316,668,000","1,093,189,000","1,627,130,000","1,553,411,000","1,748,928,000","1,204,655,000","1,662,499,000","1,376,173,000","1,279,803,000","942,442,000","1,258,369,000","1,146,271,000","1,002,333,000","878,561,000","1,168,778,000","956,848,000","848,501,000","743,574,000","834,189,000","847,044,000","788,439,000","692,255,000","737,703,000","692,813,000","648,465,000","531,696,000","629,991,000","617,672,000","558,506,000","490,581,000","561,300,000","523,600,000","509,000,000","446,500,000","441,500,000","441,000,000","385,700,000","291,500,000","298,500,000","323,300,000","288,100,000","244,100,000","254,400,000","318,900,000","283,500,000","200,200,000","244,800,000","263,300,000","212,300,000","147,900,000","241,500,000","231,800,000","215,500,000","157,100,000"
	OperatingRevenue,"8,959,750,000","2,232,489,000","2,397,976,000","2,285,807,000","2,043,478,000","2,346,400,000","1,992,234,000","1,622,222,000","1,584,997,000","1,993,427,000","1,914,604,000","1,802,931,000","1,689,844,000","1,997,771,000","1,855,769,000","1,790,220,000","1,531,507,000","1,819,018,000","1,669,873,000","1,546,046,000","1,278,753,000","1,755,224,000","1,539,569,000","1,389,620,000","1,145,700,000","1,557,407,000","1,404,323,000","1,244,936,000","958,827,000","1,329,596,000","1,204,539,000","1,102,879,000","812,494,000","1,243,737,000","1,190,363,000","1,010,939,000","771,211,000","948,242,000","870,637,000","770,457,000","601,476,000","746,045,000","707,476,000","697,364,000","516,001,000","812,729,000","679,633,000","964,504,000","592,749,000","745,802,000","814,016,000","612,488,000","561,811,000","910,174,000","939,211,000","955,723,000","887,931,000","1,427,397,000","1,292,088,000","1,316,668,000","1,093,189,000","1,627,130,000","1,553,411,000","1,748,928,000","1,204,655,000","1,571,446,000","1,376,173,000","1,279,803,000","942,442,000","1,258,369,000","1,146,271,000","1,002,333,000","878,561,000","1,168,778,000","956,848,000","848,501,000","743,574,000","834,189,000","847,044,000","788,439,000","692,255,000","737,703,000","692,813,000","648,465,000","531,696,000","629,991,000","617,672,000","558,506,000","490,581,000","561,300,000","523,600,000","509,000,000","446,500,000","441,500,000","441,000,000","385,700,000","291,500,000","298,500,000","323,300,000","288,100,000","244,100,000","254,400,000","318,900,000","283,500,000","200,200,000","244,800,000","263,300,000","212,300,000","147,900,000","241,500,000","231,800,000","215,500,000","157,100,000"
CostOfRevenue,"6,763,115,000","1,646,050,000","1,817,939,000","1,721,673,000","1,577,453,000","1,822,121,000","1,536,044,000","1,284,493,000","1,294,743,000","1,567,392,000","1,518,276,000","1,425,388,000","1,338,806,000","1,590,735,000","1,472,649,000","1,416,797,000","1,211,946,000","1,438,307,000","1,307,971,000","1,218,083,000","1,026,017,000","1,413,440,000","1,242,292,000","1,126,369,000","925,760,000","1,238,588,000","1,111,672,000","986,854,000","781,668,000","1,070,601,000","960,055,000","882,778,000","655,152,000","1,001,415,000","964,416,000","834,288,000","624,085,000","756,396,000","702,436,000","624,978,000","491,829,000","616,722,000","572,382,000","558,601,000","417,920,000","654,965,000","540,783,000","771,475,000","471,069,000","592,221,000","636,642,000","494,240,000","462,630,000","875,779,000","805,931,000","772,369,000","726,931,000","1,224,313,000","1,087,399,000","1,061,937,000","853,410,000","1,297,372,000","1,238,671,000","1,304,183,000","861,039,000","1,180,762,000","970,437,000","907,284,000","679,547,000","929,102,000","848,195,000","735,978,000","643,011,000","829,707,000","719,507,000","623,210,000","539,437,000","590,441,000","645,869,000","585,828,000","513,231,000","559,408,000","530,041,000","505,676,000","407,165,000","492,498,000","484,150,000","453,590,000","398,487,000","410,700,000","432,000,000","406,800,000","355,500,000","325,900,000","371,800,000","324,700,000","246,700,000","271,800,000","271,000,000","241,400,000","206,100,000","212,500,000","270,600,000","243,700,000","172,200,000","217,000,000","219,200,000","175,800,000","124,100,000","204,600,000","195,000,000","179,800,000","131,600,000"
GrossProfit,"2,196,635,000","586,439,000","580,037,000","564,134,000","466,025,000","524,279,000","456,190,000","337,729,000","290,254,000","426,035,000","396,328,000","377,543,000","351,038,000","407,036,000","383,120,000","373,423,000","319,561,000","380,711,000","361,902,000","327,963,000","252,736,000","341,784,000","297,277,000","263,251,000","219,940,000","318,819,000","292,651,000","258,082,000","177,159,000","258,995,000","244,484,000","220,101,000","157,342,000","242,322,000","225,947,000","176,651,000","147,126,000","189,428,000","168,961,000","145,479,000","109,647,000","125,350,000","136,087,000","138,763,000","98,081,000","157,764,000","138,850,000","196,864,000","122,436,000","153,581,000","177,374,000","133,706,000","99,181,000","34,395,000","133,280,000","183,354,000","161,000,000","203,084,000","204,689,000","254,731,000","239,779,000","329,758,000","314,740,000","444,745,000","343,616,000","481,737,000","405,736,000","372,519,000","262,895,000","329,267,000","298,076,000","266,355,000","235,550,000","339,071,000","237,341,000","225,291,000","204,137,000","243,748,000","201,175,000","202,611,000","179,024,000","178,295,000","162,772,000","142,789,000","124,531,000","137,493,000","133,522,000","104,916,000","92,094,000","150,600,000","91,600,000","102,200,000","91,000,000","115,600,000","69,200,000","61,000,000","44,800,000","26,700,000","52,300,000","46,700,000","38,000,000","41,900,000","48,300,000","39,800,000","28,000,000","27,800,000","44,100,000","36,500,000","23,800,000","36,900,000","36,800,000","35,700,000","25,500,000"
OperatingExpense,"556,868,000","147,303,000","133,689,000","134,387,000","141,489,000","126,769,000","123,933,000","119,052,000","123,042,000","124,980,000","123,680,000","127,211,000","126,755,000","124,047,000","127,872,000","126,149,000","122,805,000","113,728,000","111,901,000","113,587,000","115,048,000","107,453,000","107,123,000","114,126,000","111,798,000","106,448,000","101,937,000","103,685,000","108,983,000","102,208,000","95,158,000","105,748,000","101,900,000","84,926,000","88,893,000","91,274,000","86,568,000","84,961,000","84,342,000","82,081,000","80,089,000","76,449,000","68,258,000","75,943,000","73,865,000","72,236,000","74,737,000","76,412,000","67,270,000","69,887,000","64,148,000","61,139,000","65,452,000","75,662,000","74,557,000","100,860,000","95,829,000","125,769,000","60,907,000","110,152,000","106,729,000","159,600,000","104,421,000","129,403,000","123,174,000","131,826,000","111,110,000","105,916,000","73,546,000","54,453,000","71,037,000","70,611,000","64,694,000","119,631,000","63,871,000","65,299,000","56,427,000","103,421,000","68,000,000","75,890,000","52,825,000","91,346,000","56,832,000","56,127,000","41,519,000","55,869,000","55,700,000","48,092,000","40,624,000","57,400,000","50,300,000","47,000,000","40,700,000","47,100,000","41,300,000","39,300,000","29,000,000","41,200,000","32,200,000","26,200,000","24,400,000","31,700,000","28,900,000","25,900,000","23,600,000","33,500,000","28,900,000","22,000,000","20,300,000","27,800,000","25,500,000","23,100,000","22,600,000"
	SellingGeneralAndAdministration,"563,427,000","149,148,000","135,185,000","136,019,000","143,075,000","133,975,000","125,921,000","121,460,000","128,378,000","131,493,000","130,376,000","133,044,000","132,492,000","128,905,000","130,712,000","128,313,000","124,782,000","116,000,000","113,616,000","115,034,000","116,150,000","108,050,000","107,826,000","114,879,000","112,565,000","106,914,000","102,580,000","104,807,000","109,708,000","102,707,000","96,063,000","106,200,000","102,897,000","85,734,000","89,923,000","92,372,000","87,594,000","88,447,000","84,342,000","82,081,000","80,089,000","76,449,000","68,258,000","75,943,000","73,865,000","72,236,000","74,737,000","76,412,000","67,270,000","69,887,000","64,148,000","61,139,000","65,452,000","75,662,000","74,557,000","98,279,000","91,820,000","98,237,000","60,907,000","110,152,000","106,729,000","114,309,000","104,421,000","129,403,000","123,174,000","111,318,000","94,583,000","92,128,000","79,051,000","80,046,000","71,037,000","70,611,000","64,694,000","70,192,000","63,871,000","65,299,000","56,427,000","65,085,000","68,000,000","64,435,000","52,498,000","56,654,000","54,747,000","54,041,000","39,434,000","52,295,000","52,351,000","44,614,000","37,185,000","53,200,000","46,700,000","43,400,000","37,500,000","43,800,000","38,000,000","36,000,000","25,500,000","37,700,000","29,000,000","22,900,000","21,100,000","25,500,000","27,100,000","22,200,000","19,900,000","29,600,000","25,000,000","18,300,000","17,000,000","24,300,000","22,100,000","19,700,000","19,100,000"
		GeneralAndAdministrativeExpense,"563,427,000","149,148,000","135,185,000","136,019,000","143,075,000","133,975,000","125,921,000","121,460,000","128,378,000","131,493,000","130,376,000","133,044,000","132,492,000","128,905,000","130,712,000","128,313,000","124,782,000","116,000,000","113,616,000","115,034,000","116,150,000","108,050,000","107,826,000","114,879,000","112,565,000","106,914,000","102,580,000","104,807,000","109,708,000","102,707,000","96,063,000","106,200,000","102,897,000","85,734,000","89,923,000","92,372,000","87,594,000","88,447,000",,,,,,,,,,,,,,,,,,,,,,,,,,,,,,,,,,,,,,,,,,,,,,,,,,,,,,,,,,,,,,,,,,,,,,,,,,,
			OtherGandA,"563,427,000","149,148,000","135,185,000","136,019,000","143,075,000","133,975,000","125,921,000","121,460,000","128,378,000","131,493,000","130,376,000","133,044,000","132,492,000","128,905,000","130,712,000","128,313,000","124,782,000","116,000,000","113,616,000","115,034,000","116,150,000","108,050,000","107,826,000","114,879,000","112,565,000","106,914,000","102,580,000","104,807,000","109,708,000","102,707,000","96,063,000","106,200,000","102,897,000","85,734,000","89,923,000","92,372,000","87,594,000","88,447,000",,,,,,,,,,,,,,,,,,,,,,,,,,,,,,,,,,,,,,,,,,,,,,,,,,,,,,,,,,,,,,,,,,,,,,,,,,,
	DepreciationAmortizationDepletionIncomeStatement,,,,,,,,,,,,,,,,,,,,,,,,,,,,,,,,,,,,,,,,,,,,,,,,,,,,,,,,,,,,,,,,,,,,,,,,,,,,,,,,,,"2,086,000","2,085,000","2,086,000","2,085,000","3,574,000","3,349,000","3,478,000","3,439,000","4,200,000","3,600,000","3,600,000","3,200,000","3,300,000","3,300,000","3,300,000","3,500,000","3,500,000","3,200,000","3,300,000","3,300,000","6,200,000","1,800,000","3,700,000","3,700,000","3,900,000","3,900,000","3,700,000","3,300,000","3,500,000","3,400,000","3,400,000","3,500,000"
		DepreciationAndAmortizationInIncomeStatement,,,,,,,,,,,,,,,,,,,,,,,,,,,,,,,,,,,,,,,,,,,,,,,,,,,,,,,,,,,,,,,,,,,,,,,,,,,,,,,,,,"2,086,000","2,085,000","2,086,000","2,085,000","3,574,000","3,349,000","3,478,000","3,439,000","4,200,000","3,600,000","3,600,000","3,200,000","3,300,000","3,300,000","3,300,000","3,500,000","3,500,000","3,200,000","3,300,000","3,300,000","6,200,000","1,800,000","3,700,000","3,700,000","3,900,000","3,900,000","3,700,000","3,300,000","3,500,000","3,400,000","3,400,000","3,500,000"
			Amortization,,,,,,,,,,,,,,,,,,,,,,,,,,,,,,,,,,,,,,,,,,,,,,,,,,,,,,,,,,,,,,,,,,,,,,,,,,,,,,,,,,"2,086,000","2,085,000","2,086,000","2,085,000",,,,,,,,,,,,,,,,,,,,,,,,,,,,
				AmortizationOfIntangiblesIncomeStatement,,,,,,,,,,,,,,,,,,,,,,,,,,,,,,,,,,,,,,,,,,,,,,,,,,,,,,,,,,,,,,,,,,,,,,,,,,,,,,,,,,"2,086,000","2,085,000","2,086,000","2,085,000",,,,,,,,,,,,,,,,,,,,,,,,,,,,
	OtherOperatingExpenses,"-6,559,000","-1,845,000","-1,496,000","-1,632,000","-1,586,000","-7,206,000","-1,988,000","-2,408,000","-5,336,000","-6,513,000","-6,696,000","-5,833,000","-5,737,000","-4,858,000","-2,840,000","-2,164,000","-1,977,000","-2,272,000","-1,715,000","-1,447,000","-1,102,000","-597,000","-703,000","-753,000","-767,000","-466,000","-643,000","-1,122,000","-725,000","-499,000","-905,000","-452,000","-997,000","-808,000","-1,030,000","-1,098,000","-1,026,000","-1,441,000",,,,,,,,,,,,,,,,,,"2,581,000","4,009,000",,,,,,,,,"20,508,000","16,527,000","13,788,000","-5,505,000",,,,,,,,,,,"11,455,000","327,000",,,,,,,,,,,,,,,,,,,,,,,,,,,,,,,,
OperatingIncome,"1,639,767,000","439,136,000","446,348,000","429,747,000","324,536,000","397,510,000","332,257,000","218,677,000","167,212,000","301,055,000","272,648,000","250,332,000","224,283,000","282,989,000","255,248,000","247,274,000","196,756,000","266,983,000","250,001,000","214,376,000","137,688,000","234,331,000","190,154,000","149,125,000","108,142,000","212,371,000","190,714,000","154,397,000","68,176,000","156,787,000","149,326,000","114,353,000","55,442,000","157,396,000","137,054,000","85,377,000","60,558,000","104,467,000","84,619,000","63,398,000","29,558,000","48,901,000","67,829,000","62,820,000","24,216,000","85,528,000","64,113,000","120,452,000","55,166,000","83,694,000","113,226,000","72,567,000","33,729,000","-41,267,000","58,723,000","82,494,000","65,171,000","77,315,000","143,782,000","144,579,000","133,050,000","170,158,000","210,319,000","315,342,000","220,442,000","349,911,000","294,626,000","266,603,000","189,349,000","274,814,000","227,039,000","195,744,000","170,856,000","219,440,000","173,470,000","159,992,000","147,710,000","140,327,000","133,175,000","126,721,000","126,199,000","86,949,000","105,940,000","86,662,000","83,012,000","81,624,000","77,822,000","56,824,000","51,470,000","93,200,000","41,300,000","55,200,000","50,300,000","68,500,000","27,900,000","21,700,000","15,800,000","-14,500,000","20,100,000","20,500,000","13,600,000","10,200,000","19,400,000","13,900,000","4,400,000","-5,700,000","15,200,000","14,500,000","3,500,000","9,100,000","11,300,000","12,600,000","2,900,000"
NetNonOperatingInterestIncomeExpense,"-53,117,000","-13,207,000","-13,243,000","-13,270,000","-13,397,000","-13,174,000","-11,687,000","-9,525,000","-6,486,000","-6,571,000","-6,293,000","-6,301,000","-6,215,000","-6,273,000","-6,197,000","-6,329,000","-6,282,000","-6,315,000","-6,120,000","-5,914,000","-5,836,000","-6,181,000","-5,624,000","-4,814,000","-5,088,000","-5,604,000","-6,081,000","-5,956,000","-5,918,000","-5,848,000","-5,775,000","-5,723,000","-5,794,000","-5,763,000","-5,682,000","-5,374,000","-5,566,000","-9,000,000","-486,000","557,000","1,400,000","1,544,000","1,113,000","534,000","619,000","-2,818,000","2,332,000","-701,000","-1,679,000","-1,524,000","-2,223,000","-2,127,000","-3,111,000",,,,,,,,,,,,,,,,,,,,,,,,,,,,,,,,,,,,,,,,,,,,,,,,,,,,,,,,,,,,
	InterestIncomeNonOperating,,,,,,,,,,,,,,,,,,,,,,,,,,,,,,,,,,,,,,,"1,025,000","815,000","1,665,000","1,913,000","1,589,000","1,085,000","1,115,000","-2,195,000","3,110,000","1,492,000","756,000","897,000","887,000","611,000",,,,,,,,,,,,,,,,,,,,,,,,,,,,,,,,,,,,,,,,,,,,,,,,,,,,,,,,,,,,,
	InterestExpenseNonOperating,"53,117,000","13,207,000","13,243,000","13,270,000","13,397,000","13,174,000","11,687,000","9,525,000","6,486,000","6,571,000","6,293,000","6,301,000","6,215,000","6,273,000","6,197,000","6,329,000","6,282,000","6,315,000","6,120,000","5,914,000","5,836,000","6,181,000","5,624,000","4,814,000","5,088,000","5,604,000","6,081,000","5,956,000","5,918,000","5,848,000","5,775,000","5,723,000","5,794,000","5,763,000","5,682,000","5,374,000","5,566,000","5,495,000","1,511,000","258,000","265,000","369,000","476,000","551,000","496,000","623,000","778,000","2,193,000","2,435,000","2,421,000","3,110,000","2,738,000","3,111,000",,,,,,,,,,,,,,,,,,,,,,,,,,,,,,,,,,,,,,,,,,,,,,,,,,,,,,,,,,,,
OtherIncomeExpense,"3,753,000","876,000","1,022,000","988,000","867,000","1,034,000","887,000","679,000","649,000","818,000","819,000","681,000","539,000","722,000","659,000","641,000","524,000","650,000","583,000","506,000","309,000","512,000","473,000","409,000","258,000","402,000","363,000","243,000","105,000","285,000","240,000","194,000","59,000","187,000","218,000","178,000","113,000","191,000",,,,,,,,,,,,,"2,437,000","1,904,000",,"-26,573,000","4,444,000","3,885,000","6,558,000","4,973,000","4,529,000","5,527,000","7,149,000","5,678,000","3,641,000","3,017,000","2,607,000",,,,"14,180,000","17,627,000","21,244,000",,,"-55,299,000","13,636,000",,,"-47,366,000","18,547,000",,,,,"14,333,000",,"0",,"8,680,000","2,353,000",,"13,800,000",,,,"14,900,000","14,100,000","9,900,000","29,100,000","1,800,000","1,600,000","1,600,000","1,900,000","1,900,000","8,200,000","7,600,000","28,100,000","1,800,000","1,300,000","1,400,000","16,300,000","1,800,000","2,300,000","2,400,000"
	SpecialIncomeCharges,,,,,,,,,,,,,,,,,,,,,,,,,,,,,,,,,,,,,,,,,,,,,,,,,,,"2,437,000","1,904,000",,"-26,573,000","4,444,000","3,885,000","6,558,000","4,973,000","4,529,000","5,527,000","7,149,000","5,678,000","3,641,000","3,017,000","2,607,000",,,,"14,180,000","17,627,000","21,244,000",,,"-55,299,000","13,636,000",,,"-47,366,000","18,547,000",,,,,"14,333,000",,"0",,"8,680,000","2,353,000",,"13,800,000",,,,"14,900,000","14,100,000","9,900,000","29,100,000","1,800,000","1,600,000","1,600,000","1,900,000","1,900,000","8,200,000","7,600,000","28,100,000","1,800,000","1,300,000","1,400,000","16,300,000","1,800,000","2,300,000","2,400,000"
	OtherNonOperatingIncomeExpenses,"3,753,000","876,000","1,022,000","988,000","867,000","1,034,000","887,000","679,000","649,000","818,000","819,000","681,000","539,000","722,000","659,000","641,000","524,000","650,000","583,000","506,000","309,000","512,000","473,000","409,000","258,000","402,000","363,000","243,000","105,000","285,000","240,000","194,000","59,000","187,000","218,000","178,000","113,000","191,000",,,,,,,,,,,,,,,,,,,,,,,,,,,,,,,,,,,,,,,,,,,,,,,,,,,,,,,,,,,,,,,,,,,,,,,,,,,
PretaxIncome,"1,590,403,000","426,805,000","434,127,000","417,465,000","312,006,000","385,370,000","321,457,000","209,831,000","161,375,000","295,302,000","267,174,000","244,712,000","218,607,000","277,438,000","249,710,000","241,586,000","190,998,000","261,318,000","244,464,000","208,968,000","132,161,000","228,662,000","185,003,000","144,720,000","103,312,000","207,169,000","184,996,000","148,684,000","62,363,000","151,224,000","143,791,000","108,824,000","49,707,000","151,820,000","131,590,000","80,181,000","55,105,000","96,031,000","84,133,000","63,955,000","30,958,000","50,445,000","68,942,000","63,354,000","24,835,000","86,513,000","64,890,000","118,259,000","52,731,000","84,527,000","113,440,000","69,829,000","30,618,000","-52,744,000","60,607,000","86,417,000","73,175,000","107,982,000","145,814,000","147,677,000","138,032,000","219,759,000","212,107,000","313,078,000","218,027,000","364,416,000","307,971,000","277,107,000","194,925,000","264,895,000","246,131,000","193,284,000","167,695,000","211,548,000","184,792,000","155,889,000","143,943,000","129,014,000","149,316,000","134,558,000","123,135,000","111,701,000","104,154,000","98,936,000","79,867,000","78,504,000","74,054,000","62,738,000","51,558,000","37,500,000","52,900,000","49,500,000","45,200,000","24,500,000","37,000,000","28,800,000","20,200,000","9,200,000","16,900,000","17,000,000","10,900,000","7,600,000","16,400,000","17,400,000","7,400,000","9,100,000","11,800,000","11,100,000","600,000","5,700,000","8,000,000","9,200,000","-1,000,000"
TaxProvision,"353,684,000","92,224,000","102,046,000","96,170,000","63,244,000","80,366,000","64,991,000","45,756,000","-14,328,000","39,165,000","43,387,000","34,503,000","30,201,000","45,280,000","53,894,000","38,412,000","24,949,000","136,699,000","82,362,000","61,091,000","29,238,000","77,771,000","67,611,000","53,044,000","38,009,000","73,165,000","68,526,000","55,289,000","23,305,000","51,773,000","53,639,000","40,646,000","25,858,000","54,009,000","48,655,000","29,491,000","20,064,000","35,404,000","31,133,000","17,117,000","10,835,000","18,053,000","25,533,000","24,909,000","9,661,000","27,815,000","20,946,000","46,983,000","20,644,000","23,888,000","41,313,000","28,403,000","12,630,000","-22,287,000","24,056,000","35,085,000","29,709,000","40,708,000","54,701,000","56,930,000","53,211,000","84,592,000","82,774,000","122,726,000","85,467,000","141,879,000","118,528,000","109,458,000","76,995,000","105,957,000","98,452,000","77,314,000","67,078,000","84,058,000","75,389,000","60,797,000","56,137,000","50,067,000","57,336,000","50,728,000","46,422,000","44,681,000","41,662,000","39,574,000","31,947,000","31,950,000","30,140,000","25,534,000","20,984,000","13,200,000","22,600,000","21,200,000","19,200,000","9,500,000","12,200,000","13,300,000","9,300,000","4,100,000","7,900,000","8,000,000","5,100,000","2,600,000","8,100,000","8,600,000","3,700,000","4,300,000","5,900,000","6,000,000","300,000","3,600,000","4,600,000","5,300,000","-500,000"
NetIncomeCommonStockholders,"1,236,719,000","334,581,000","332,081,000","321,295,000","248,762,000","305,004,000","256,466,000","164,075,000","175,703,000","256,137,000","223,787,000","210,209,000","188,406,000","232,158,000","195,816,000","203,174,000","166,049,000","124,619,000","162,102,000","147,877,000","102,923,000","150,891,000","117,392,000","91,676,000","65,303,000","134,004,000","116,470,000","93,395,000","39,058,000","99,451,000","90,152,000","68,178,000","23,849,000","97,811,000","82,935,000","50,690,000","35,041,000","60,627,000","53,000,000","46,838,000","20,123,000","32,392,000","43,409,000","38,445,000","15,174,000","58,698,000","43,944,000","71,276,000","32,087,000","60,639,000","72,127,000","41,426,000","17,988,000","-30,457,000","36,551,000","51,332,000","43,466,000","67,274,000","91,113,000","90,747,000","84,821,000","135,167,000","129,333,000","190,352,000","132,560,000","222,537,000","189,443,000","167,649,000","117,930,000","158,938,000","147,679,000","115,970,000","100,617,000","127,490,000","109,403,000","95,092,000","87,806,000","78,947,000","91,980,000","83,830,000","76,713,000","67,020,000","62,492,000","59,362,000","47,920,000","46,554,000","43,914,000","37,204,000","30,574,000","24,300,000","30,300,000","28,300,000","26,000,000","12,300,000","24,800,000","8,800,000","10,900,000","5,100,000","9,000,000","9,000,000","5,800,000","5,000,000","8,300,000","8,800,000","3,700,000","4,800,000","5,900,000","5,300,000","1,100,000","2,900,000","3,400,000","3,900,000","100,000"
	NetIncome,"1,236,719,000","334,581,000","332,081,000","321,295,000","248,762,000","305,004,000","256,466,000","164,075,000","175,703,000","256,137,000","223,787,000","210,209,000","188,406,000","232,158,000","195,816,000","203,174,000","166,049,000","124,619,000","162,102,000","147,877,000","102,923,000","150,891,000","117,392,000","91,676,000","65,303,000","134,004,000","116,470,000","93,395,000","39,058,000","99,451,000","90,152,000","68,178,000","23,849,000","97,811,000","82,935,000","50,690,000","35,041,000","60,627,000","53,000,000","46,838,000","20,123,000","32,392,000","43,409,000","38,445,000","15,174,000","58,698,000","43,944,000","71,276,000","32,087,000","60,639,000","72,127,000","41,426,000","17,988,000","-30,457,000","36,551,000","51,332,000","43,466,000","67,274,000","91,113,000","90,747,000","84,821,000","135,167,000","129,333,000","190,352,000","132,560,000","222,537,000","189,443,000","167,649,000","117,930,000","158,938,000","147,679,000","115,970,000","100,617,000","127,490,000","109,403,000","95,092,000","87,806,000","78,947,000","91,980,000","83,830,000","76,713,000","67,020,000","62,492,000","59,362,000","47,920,000","46,554,000","43,914,000","37,204,000","30,574,000","24,300,000","30,300,000","28,300,000","26,000,000","12,300,000","24,800,000","8,800,000","10,900,000","5,100,000","9,000,000","9,000,000","5,800,000","5,000,000","8,300,000","8,800,000","3,700,000","4,800,000","5,900,000","5,300,000","1,100,000","2,900,000","3,400,000","3,900,000","100,000"
		NetIncomeIncludingNoncontrollingInterests,"1,236,719,000","334,581,000","332,081,000","321,295,000","248,762,000","305,004,000","256,466,000","164,075,000","175,703,000","256,137,000","223,787,000","210,209,000","188,406,000","232,158,000","195,816,000","203,174,000","166,049,000","124,619,000","162,102,000","147,877,000","102,923,000","150,891,000","117,392,000","91,676,000","65,303,000","134,004,000","116,470,000","93,395,000","39,058,000","99,451,000","90,152,000","68,178,000","23,849,000","97,811,000","82,935,000","50,690,000","35,041,000","60,627,000","53,000,000","46,838,000","20,123,000","32,392,000","43,409,000","38,445,000","15,174,000","58,698,000","43,944,000","71,276,000","32,087,000","60,639,000","72,127,000","41,426,000","17,988,000","-30,457,000","36,551,000","51,332,000","43,466,000","67,274,000","91,113,000","90,747,000","84,821,000","135,167,000","129,333,000","190,352,000","132,560,000","222,537,000","189,443,000","167,649,000","117,930,000","158,938,000","147,679,000","115,970,000","100,617,000","127,490,000","109,403,000","95,092,000","87,806,000","78,947,000","91,980,000","83,830,000","76,713,000","67,020,000","62,492,000","59,362,000","47,920,000","46,554,000","43,914,000","37,204,000","30,574,000","24,300,000","30,300,000","28,300,000","26,000,000","12,300,000","24,800,000","8,800,000","10,900,000","5,100,000","9,000,000","9,000,000","5,800,000","5,000,000","8,300,000","8,800,000","3,700,000","4,800,000","5,900,000","5,300,000","1,100,000","2,900,000","3,400,000","3,900,000","100,000"
			NetIncomeContinuousOperations,"1,236,719,000","334,581,000","332,081,000","321,295,000","248,762,000","305,004,000","256,466,000","164,075,000","175,703,000","256,137,000","223,787,000","210,209,000","188,406,000","232,158,000","195,816,000","203,174,000","166,049,000","124,619,000","162,102,000","147,877,000","102,923,000","150,891,000","117,392,000","91,676,000","65,303,000","134,004,000","116,470,000","93,395,000","39,058,000","99,451,000","90,152,000","68,178,000","23,849,000","97,811,000","82,935,000","50,690,000","35,041,000","60,627,000","53,000,000","46,838,000","20,123,000","32,392,000","43,409,000","38,445,000","15,174,000","58,698,000","43,944,000","71,276,000","32,087,000","60,639,000","72,127,000","41,426,000","17,988,000","-30,457,000","36,551,000","51,332,000","43,466,000","67,274,000","91,113,000","90,747,000","84,821,000","135,167,000","129,333,000","190,352,000","132,560,000","222,537,000","189,443,000","167,649,000","117,930,000","158,938,000","147,679,000","115,970,000","100,617,000","127,490,000","109,403,000","95,092,000","87,806,000","78,947,000","91,980,000","83,830,000","76,713,000","67,020,000","62,492,000","59,362,000","47,920,000","46,554,000","43,914,000","37,204,000","30,574,000","24,300,000","30,300,000","28,300,000","26,000,000","15,000,000","24,800,000","15,500,000","10,900,000","5,100,000","9,000,000","9,000,000","5,800,000","5,000,000","8,300,000","8,800,000","3,700,000","4,800,000","5,900,000","5,100,000","300,000","2,100,000","3,400,000","3,900,000","-500,000"
			NetIncomeDiscontinuousOperations,,,,,,,,,,,,,,,,,,,,,,,,,,,,,,,,,,,,,,,,,,,,,,,,,,,,,,,,,,,,,,,,,,,,,,,,,,,,,,,,,,,,,,,,,,,,,,,,,,,,,,,,,,,,,,"0",,,"600,000"
			NetIncomeFromTaxLossCarryforward,,,,,,,,,,,,,,,,,,,,,,,,,,,,,,,,,,,,,,,,,,,,,,,,,,,,,,,,,,,,,,,,,,,,,,,,,,,,,,,,,,,,,,,,,,,,,,"-2,700,000",,"-6,700,000",,,,,,,,,,"0",,"200,000","800,000",,,,
DilutedNIAvailtoComStockholders,"1,236,719,000","334,581,000","332,081,000","321,295,000","248,762,000","305,004,000","256,466,000","164,075,000","175,703,000","256,137,000","223,787,000","210,209,000","188,406,000","232,158,000","195,816,000","203,174,000","166,049,000","124,619,000","162,102,000","147,877,000","102,923,000","150,891,000","117,392,000","91,676,000","65,303,000","134,004,000","116,470,000","93,395,000","39,058,000","99,451,000","90,152,000","68,178,000","23,849,000","97,811,000","82,935,000","50,690,000","35,041,000","60,627,000","53,000,000","46,838,000","20,123,000","32,392,000","43,409,000","38,445,000","15,174,000","58,698,000","43,944,000","71,276,000","32,087,000","60,639,000","72,127,000","41,426,000","17,988,000","-30,457,000","36,551,000","51,332,000","43,466,000","67,274,000","91,113,000","90,747,000","84,821,000","135,167,000","129,333,000","190,352,000","132,560,000","222,537,000","189,443,000","167,649,000","117,930,000","158,938,000","147,679,000","115,970,000","100,617,000","127,490,000","109,403,000","95,092,000","87,806,000","78,947,000","91,980,000","83,830,000","76,713,000","67,020,000","62,492,000","59,362,000","47,920,000","46,554,000","43,914,000","37,204,000","30,574,000","24,300,000","30,300,000","28,300,000","26,000,000","12,300,000","24,800,000","8,800,000","10,900,000","5,100,000","9,000,000","9,000,000","5,800,000","5,000,000","8,300,000","8,800,000","3,700,000","4,800,000","5,900,000","5,300,000","1,100,000","2,900,000","3,400,000","3,900,000","100,000"
BasicEPS,,"96.47","93.25","88.69","67.72","82.08","69.19","44.56","47.97","69.78","60.94","58.2","52.23","64.46","54.21","55.9","45.19","33.39","43.26","39.46","27.78","40.25","30.43","23.51","16.81","34.23","28.75","22.97","9.63","24.22","21.49","15.68","5.34","21.74","18.08","10.37","7.04","12.38","10.6","9.17","3.99","6.51","8.19","6.65","2.61",,"7.65","11.64","5.29",,"12.29","7.17","3.19",,"6.72","9.58","8.32",,"17.25","16.19","14.98",,"22.59","33.27","23.69",,"30.08","26.31","17.71",,"23.16","17.91","15.27",,"15.3","13.35","12.41",,"12.58","11.42","10.37",,"8.02","7.3","5.74",,"4.93","4.09","3.22",,"3.06","2.66","2.38",,"2.25","0.77","0.95",,"0.68","0.71","0.42",,"0.58","0.56","0.23",,"0.38","0.34","0.07",,"0.21","0.22","0.01"
DilutedEPS,,"89.09","86.44","82.45","63.21","76.93","65.11","42.5","44.96","64.41","56.11","53.09","47.64","58.57","48.28","49.05","39.34","28.88","38.02","35.19","25.12","37.8","28.46","22.01","15.79","31.92","27.11","21.91","9.22","23.24","20.7","15.17","5.16","21.15","17.67","10.11","6.84","11.98","10.33","8.97","3.9","6.32","7.98","6.48","2.52",,"7.31","11.13","5.01",,"11.59","6.79","3.02",,"6.12","8.64","7.42",,"15.26","14.14","12.96",,"19.63","28.08","19.48",,"24.33","21.42","14.38",,"19.04","14.82","12.58",,"12.55","10.9","10.1",,"10.14","8.9","8.17",,"6.68","6.1","4.84",,"3.97","3.37","2.72",,"2.52","2.26","2.02",,"1.87","0.65","0.81",,"0.68","0.71","0.42",,"0.58","0.56","0.23",,"0.38","0.34","0.07",,"0.21","0.22","0.01"
BasicAverageShares,,"3,468,000","3,561,000","3,623,000","3,673,000","3,716,000","3,706,000","3,682,000","3,663,000","3,671,000","3,672,000","3,612,000","3,607,000","3,601,000","3,612,000","3,635,000","3,675,000","3,732,000","3,747,000","3,748,000","3,705,000","3,749,000","3,858,000","3,900,000","3,884,000","3,915,000","4,050,000","4,066,000","4,057,000","4,106,000","4,196,000","4,349,000","4,467,000","4,500,000","4,588,000","4,889,000","4,979,000","4,897,000","4,999,000","5,106,000","5,044,000","4,979,000","5,301,000","5,785,000","5,823,000",,"5,748,000","6,123,000","6,066,000",,"5,866,000","5,777,000","5,642,000",,"5,438,000","5,357,000","5,224,000",,"5,283,000","5,606,000","5,663,000",,"5,725,000","5,722,000","5,596,000",,"6,298,000","6,372,000","6,659,000",,"6,377,000","6,475,000","6,591,000",,"7,151,000","7,124,000","7,078,000",,"7,311,606","7,340,630","7,397,589",,"7,792,020","8,131,781","8,348,432",,"8,907,505","9,096,333","9,495,031",,"9,901,961","10,639,098","10,924,370",,"11,022,222","11,428,571","11,473,684",,"13,235,294","12,676,056","13,809,524",,"14,310,345","15,714,286","16,086,957",,"15,526,316","15,588,235","15,714,286",,"16,190,476","17,727,273","18,115,000"
DilutedAverageShares,,"3,755,000","3,842,000","3,897,000","3,935,000","3,965,000","3,939,000","3,861,000","3,908,000","3,977,000","3,988,000","3,959,000","3,955,000","3,964,000","4,056,000","4,142,000","4,220,000","4,315,000","4,263,000","4,202,000","4,097,000","3,992,000","4,125,000","4,165,000","4,135,000","4,198,000","4,296,000","4,262,000","4,235,000","4,279,000","4,354,000","4,495,000","4,620,000","4,626,000","4,695,000","5,013,000","5,122,000","5,060,000","5,132,000","5,221,000","5,159,000","5,126,000","5,437,000","5,929,000","6,020,000",,"6,011,000","6,405,000","6,399,000",,"6,223,000","6,101,000","5,958,000",,"5,968,000","5,938,000","5,859,000",,"5,969,000","6,420,000","6,545,000",,"6,588,000","6,779,000","6,805,000",,"7,787,000","7,825,000","8,200,000",,"7,758,000","7,825,000","7,997,000",,"8,716,000","8,725,000","8,697,000",,"9,071,006","9,419,101","7,397,589",,"9,355,090","9,731,475","9,900,826",,"11,061,461","11,039,763","11,240,441",,"12,023,810","12,522,124","12,871,287",,"13,262,032","13,538,462","13,456,790",,"13,235,294","12,676,056","13,809,524",,"14,310,345","15,714,286","16,086,957",,"15,526,316","15,588,235","15,714,286",,"16,190,476","17,727,273","18,115,000"
TotalOperatingIncomeAsReported,"1,470,329,000","404,845,000","407,946,000","391,113,000","266,425,000","336,360,000","280,954,000","203,971,000","156,133,000","276,346,000","251,782,000","225,683,000","194,403,000","261,088,000","230,164,000","229,313,000","174,577,000","247,797,000","231,864,000","196,978,000","122,768,000","214,150,000","172,995,000","136,082,000","98,496,000","198,042,000","174,774,000","143,065,000","62,366,000","145,775,000","142,129,000","108,171,000","54,400,000","149,602,000","125,312,000","76,900,000","49,396,000","66,827,000","85,644,000","64,213,000","31,223,000","26,951,000","69,418,000","63,905,000","25,331,000","87,136,000","65,668,000",,,"86,948,000","116,550,000","135,163,000","33,729,000","-31,867,000","58,723,000","82,494,000","65,171,000","77,315,000","143,782,000","144,579,000","133,050,000","170,158,000","210,319,000","315,342,000","220,442,000","349,911,000","294,626,000","266,603,000","189,349,000","274,814,000","227,039,000","195,744,000","170,856,000","219,440,000","173,470,000","159,992,000","147,710,000","140,327,000","133,175,000","126,721,000","126,199,000","86,949,000","105,940,000","86,662,000","83,012,000","81,624,000","77,822,000","56,824,000","51,470,000","93,200,000","41,300,000","55,200,000","50,300,000","68,500,000","27,900,000","21,700,000","15,800,000","-14,500,000","20,100,000","20,500,000","13,600,000","10,200,000","19,400,000","13,900,000","4,400,000","-5,700,000","15,200,000","14,500,000","3,500,000","9,100,000","11,300,000","12,600,000","2,900,000"
TotalExpenses,"7,319,983,000","1,793,353,000","1,951,628,000","1,856,060,000","1,718,942,000","1,948,890,000","1,659,977,000","1,403,545,000","1,417,785,000","1,692,372,000","1,641,956,000","1,552,599,000","1,465,561,000","1,714,782,000","1,600,521,000","1,542,946,000","1,334,751,000","1,552,035,000","1,419,872,000","1,331,670,000","1,141,065,000","1,520,893,000","1,349,415,000","1,240,495,000","1,037,558,000","1,345,036,000","1,213,609,000","1,090,539,000","890,651,000","1,172,809,000","1,055,213,000","988,526,000","757,052,000","1,086,341,000","1,053,309,000","925,562,000","710,653,000","841,357,000","786,778,000","707,059,000","571,918,000","693,171,000","640,640,000","634,544,000","491,785,000","727,201,000","615,520,000","847,887,000","538,339,000","662,108,000","700,790,000","555,379,000","528,082,000","951,441,000","880,488,000","873,229,000","822,760,000","1,350,082,000","1,148,306,000","1,172,089,000","960,139,000","1,456,972,000","1,343,092,000","1,433,586,000","984,213,000","1,312,588,000","1,081,547,000","1,013,200,000","753,093,000","983,555,000","919,232,000","806,589,000","707,705,000","949,338,000","783,378,000","688,509,000","595,864,000","693,862,000","713,869,000","661,718,000","566,056,000","650,754,000","586,873,000","561,803,000","448,684,000","548,367,000","539,850,000","501,682,000","439,111,000","468,100,000","482,300,000","453,800,000","396,200,000","373,000,000","413,100,000","364,000,000","275,700,000","313,000,000","303,200,000","267,600,000","230,500,000","244,200,000","299,500,000","269,600,000","195,800,000","250,500,000","248,100,000","197,800,000","144,400,000","232,400,000","220,500,000","202,900,000","154,200,000"
NetIncomeFromContinuingAndDiscontinuedOperation,"1,236,719,000","334,581,000","332,081,000","321,295,000","248,762,000","305,004,000","256,466,000","164,075,000","175,703,000","256,137,000","223,787,000","210,209,000","188,406,000","232,158,000","195,816,000","203,174,000","166,049,000","124,619,000","162,102,000","147,877,000","102,923,000","150,891,000","117,392,000","91,676,000","65,303,000","134,004,000","116,470,000","93,395,000","39,058,000","99,451,000","90,152,000","68,178,000","23,849,000","97,811,000","82,935,000","50,690,000","35,041,000","60,627,000","53,000,000","46,838,000","20,123,000","32,392,000","43,409,000","38,445,000","15,174,000","58,698,000","43,944,000","71,276,000","32,087,000","60,639,000","72,127,000","41,426,000","17,988,000","-30,457,000","36,551,000","51,332,000","43,466,000","67,274,000","91,113,000","90,747,000","84,821,000","135,167,000","129,333,000","190,352,000","132,560,000","222,537,000","189,443,000","167,649,000","117,930,000","158,938,000","147,679,000","115,970,000","100,617,000","127,490,000","109,403,000","95,092,000","87,806,000","78,947,000","91,980,000","83,830,000","76,713,000","67,020,000","62,492,000","59,362,000","47,920,000","46,554,000","43,914,000","37,204,000","30,574,000","24,300,000","30,300,000","28,300,000","26,000,000","15,000,000","24,800,000","15,500,000","10,900,000","5,100,000","9,000,000","9,000,000","5,800,000","5,000,000","8,300,000","8,800,000","3,700,000","4,800,000","5,900,000","5,100,000","300,000","2,100,000","3,400,000","3,900,000","100,000"
NormalizedIncome,"1,236,719,000","334,581,000","332,081,000","321,295,000","248,762,000","305,004,000","256,466,000","164,075,000","175,703,000","256,137,000","223,787,000","210,209,000","188,406,000","232,158,000","195,816,000","203,174,000","166,049,000","124,619,000","162,102,000","147,877,000","102,923,000","150,891,000","117,392,000","91,676,000","65,303,000","134,004,000","116,470,000","93,395,000","39,058,000","99,451,000","90,152,000","68,178,000","23,849,000","97,811,000","82,935,000","50,690,000","35,041,000","60,627,000","53,000,000","46,838,000","20,123,000","32,392,000","43,409,000","38,445,000","15,174,000","58,698,000","43,944,000","71,276,000","32,087,000","60,639,000","72,127,000","41,426,000","17,988,000","-13,184,550","33,870,902.916","48,806,750","39,203,300","64,175,765.09","88,283,019.497","87,350,677.831","80,427,922.098","131,674,636.884","127,112,887.26","188,517,658.449","130,974,948.974","222,537,000","189,443,000","167,649,000","109,351,072.72","148,361,733.457","134,932,565.475","115,970,000","100,617,000","160,816,098.616","101,221,400","95,092,000","87,806,000","107,931,479.219","80,554,881.058","83,830,000","76,713,000","67,020,000","62,492,000","50,762,142.051","47,920,000","46,554,000","43,914,000","31,996,000","29,162,200","24,300,000","22,020,000","28,300,000","26,000,000","15,000,000","14,812,972.973","7,040,000","4,960,000","-12,360,000","7,920,000","8,040,000","4,840,000","3,750,000","7,160,000","3,880,000","-860,000","-12,060,000","4,820,000","4,320,000","-540,000","-7,680,000","2,320,000","2,520,000","-1,940,000"
InterestIncome,,,,,,,,,,,,,,,,,,,,,,,,,,,,,,,,,,,,,,,"1,025,000","815,000","1,665,000","1,913,000","1,589,000","1,085,000","1,115,000","-2,195,000","3,110,000","1,492,000","756,000","897,000","887,000","611,000",,,,,,,,,,,,,,,,,,,,,,,,,,,,,,,,,,,,,,,,,,,,,,,,,,,,,,,,,,,,,
InterestExpense,"53,117,000","13,207,000","13,243,000","13,270,000","13,397,000","13,174,000","11,687,000","9,525,000","6,486,000","6,571,000","6,293,000","6,301,000","6,215,000","6,273,000","6,197,000","6,329,000","6,282,000","6,315,000","6,120,000","5,914,000","5,836,000","6,181,000","5,624,000","4,814,000","5,088,000","5,604,000","6,081,000","5,956,000","5,918,000","5,848,000","5,775,000","5,723,000","5,794,000","5,763,000","5,682,000","5,374,000","5,566,000","5,495,000","1,511,000","258,000","265,000","369,000","476,000","551,000","496,000","623,000","778,000","2,193,000","2,435,000","2,421,000","3,110,000","2,738,000","3,111,000",,,,,,,,,,,,,,,,,,,,,,,,,,,,,,,,,,,,,,,,,,,,,,,,,,,,,,,,,,,,
NetInterestIncome,"-53,117,000","-13,207,000","-13,243,000","-13,270,000","-13,397,000","-13,174,000","-11,687,000","-9,525,000","-6,486,000","-6,571,000","-6,293,000","-6,301,000","-6,215,000","-6,273,000","-6,197,000","-6,329,000","-6,282,000","-6,315,000","-6,120,000","-5,914,000","-5,836,000","-6,181,000","-5,624,000","-4,814,000","-5,088,000","-5,604,000","-6,081,000","-5,956,000","-5,918,000","-5,848,000","-5,775,000","-5,723,000","-5,794,000","-5,763,000","-5,682,000","-5,374,000","-5,566,000","-9,000,000","-486,000","557,000","1,400,000","1,544,000","1,113,000","534,000","619,000","-2,818,000","2,332,000","-701,000","-1,679,000","-1,524,000","-2,223,000","-2,127,000","-3,111,000",,,,,,,,,,,,,,,,,,,,,,,,,,,,,,,,,,,,,,,,,,,,,,,,,,,,,,,,,,,,
EBIT,"1,643,520,000","440,012,000","447,370,000","430,735,000","325,403,000","398,544,000","333,144,000","219,356,000","167,861,000","301,873,000","273,467,000","251,013,000","224,822,000","283,711,000","255,907,000","247,915,000","197,280,000","267,633,000","250,584,000","214,882,000","137,997,000","234,843,000","190,627,000","149,534,000","108,400,000","212,773,000","191,077,000","154,640,000","68,281,000","157,072,000","149,566,000","114,547,000","55,501,000","157,583,000","137,272,000","85,555,000","60,671,000","101,526,000","85,644,000","64,213,000","31,223,000","50,814,000","69,418,000","63,905,000","25,331,000","87,136,000","65,668,000","120,452,000","55,166,000","86,948,000","116,550,000","72,567,000","33,729,000","-31,867,000","58,723,000","82,494,000","65,171,000","77,315,000","143,782,000","144,579,000","133,050,000","170,158,000","210,319,000","315,342,000","220,442,000","349,911,000","294,626,000","266,603,000","189,349,000","274,814,000","227,039,000","195,744,000","170,856,000","219,440,000","173,470,000","159,992,000","147,710,000","140,327,000","133,175,000","126,721,000","126,199,000","86,949,000","105,940,000","86,662,000","83,012,000","81,624,000","77,822,000","56,824,000","51,470,000","93,200,000","41,300,000","55,200,000","50,300,000","68,500,000","27,900,000","21,700,000","15,800,000","-14,500,000","20,100,000","20,500,000","13,600,000","10,200,000","19,400,000","13,900,000","4,400,000","-5,700,000","15,200,000","14,500,000","3,500,000","9,100,000","11,300,000","12,600,000","2,900,000"
EBITDA,"1,662,983,000"
ReconciledCostOfRevenue,"6,763,115,000","1,646,050,000","1,817,939,000","1,721,673,000","1,577,453,000","1,822,121,000","1,536,044,000","1,284,493,000","1,294,743,000","1,567,392,000","1,518,276,000","1,425,388,000","1,338,806,000","1,590,735,000","1,472,649,000","1,416,797,000","1,211,946,000","1,438,307,000","1,307,971,000","1,218,083,000","1,026,017,000","1,413,440,000","1,242,292,000","1,126,369,000","925,760,000","1,238,588,000","1,111,672,000","986,854,000","781,668,000","1,070,601,000","960,055,000","882,778,000","655,152,000","1,001,415,000","964,416,000","834,288,000","624,085,000","756,396,000","702,436,000","624,978,000","491,829,000","616,722,000","572,382,000","558,601,000","417,920,000","654,965,000","540,783,000","771,475,000","471,069,000","592,221,000","636,642,000","494,240,000","462,630,000","875,779,000","805,931,000","772,369,000","726,931,000","1,224,313,000","1,087,399,000","1,061,937,000","853,410,000","1,297,372,000","1,238,671,000","1,304,183,000","861,039,000","1,180,762,000","970,437,000","907,284,000","679,547,000","929,102,000","848,195,000","735,978,000","643,011,000","829,707,000","719,507,000","623,210,000","539,437,000","590,441,000","645,869,000","585,828,000","513,231,000","557,166,000","528,554,000","503,740,000","406,010,000","492,498,000","484,150,000","453,590,000","398,487,000","410,700,000","431,900,000","406,800,000","355,500,000","325,900,000","371,800,000","324,700,000","246,700,000","271,800,000","271,000,000","241,400,000","206,100,000","212,500,000","270,600,000","243,700,000","172,200,000","217,000,000","219,200,000","175,800,000","124,100,000","204,600,000","195,000,000","179,800,000","131,600,000"
ReconciledDepreciation,"19,463,000","4,743,000","4,682,000","4,835,000","5,203,000","5,191,000","5,547,000","5,632,000","5,622,000","5,449,000","5,223,000","5,084,000","5,062,000","5,115,000","5,029,000","4,988,000","5,036,000","5,580,000","5,593,000","5,795,000","5,699,000","5,678,000","5,657,000","5,487,000","5,447,000","5,352,000","5,441,000","5,460,000","5,281,000","5,031,000","4,657,000","4,216,000","3,710,000","4,016,000","3,527,000","3,076,000","2,772,000","2,278,000","2,092,000","1,925,000","1,805,000","1,724,000","1,712,000","1,638,000","1,598,000","1,715,000","1,820,000","1,847,000","1,881,000","2,017,000","2,719,000","2,396,000","2,581,000","2,929,000","3,249,000","3,626,000","3,837,000","4,140,000","4,264,000","4,295,000","4,337,000","4,069,000","3,767,000","3,311,000","3,011,000","3,272,000","2,621,000","2,391,000","2,406,000","2,382,000","2,237,000","2,163,000","2,076,000","2,069,000","1,878,000","2,312,000","2,168,000","2,165,000","1,879,000","1,836,000","1,777,000","4,328,000","3,572,000","4,022,000","3,240,000","3,574,000","3,349,000","3,478,000","3,439,000","4,200,000","3,700,000","3,600,000","3,200,000","3,300,000","3,300,000","3,300,000","3,500,000","3,500,000","3,200,000","3,300,000","3,300,000","6,200,000","1,800,000","3,700,000","3,700,000","3,900,000","3,900,000","3,700,000","3,300,000","3,500,000","3,400,000","3,400,000","3,500,000"
NetIncomeFromContinuingOperationNetMinorityInterest,"1,236,719,000","334,581,000","332,081,000","321,295,000","248,762,000","305,004,000","256,466,000","164,075,000","175,703,000","256,137,000","223,787,000","210,209,000","188,406,000","232,158,000","195,816,000","203,174,000","166,049,000","124,619,000","162,102,000","147,877,000","102,923,000","150,891,000","117,392,000","91,676,000","65,303,000","134,004,000","116,470,000","93,395,000","39,058,000","99,451,000","90,152,000","68,178,000","23,849,000","97,811,000","82,935,000","50,690,000","35,041,000","60,627,000","53,000,000","46,838,000","20,123,000","32,392,000","43,409,000","38,445,000","15,174,000","58,698,000","43,944,000","71,276,000","32,087,000","60,639,000","72,127,000","41,426,000","17,988,000","-30,457,000","36,551,000","51,332,000","43,466,000","67,274,000","91,113,000","90,747,000","84,821,000","135,167,000","129,333,000","190,352,000","132,560,000","222,537,000","189,443,000","167,649,000","117,930,000","158,938,000","147,679,000","115,970,000","100,617,000","127,490,000","109,403,000","95,092,000","87,806,000","78,947,000","91,980,000","83,830,000","76,713,000","67,020,000","62,492,000","59,362,000","47,920,000","46,554,000","43,914,000","37,204,000","30,574,000","24,300,000","30,300,000","28,300,000","26,000,000","15,000,000","24,800,000","15,500,000","10,900,000","5,100,000","9,000,000","9,000,000","5,800,000","5,000,000","8,300,000","8,800,000","3,700,000","4,800,000","5,900,000","5,100,000","300,000","2,100,000","3,400,000","3,900,000","-500,000"
TotalUnusualItemsExcludingGoodwill,,,,,,,,,,,,,,,,,,,,,,,,,,,,,,,,,,,,,,,,,,,,,,,,,,,"2,437,000","1,904,000",,"-26,573,000","4,444,000","3,885,000","6,558,000","4,973,000","4,529,000","5,527,000","7,149,000","5,678,000","3,641,000","3,017,000","2,607,000",,,,"14,180,000","17,627,000","21,244,000",,,"-55,299,000","13,636,000",,,"-47,366,000","18,547,000",,,,,"14,333,000",,"0",,"8,680,000","2,353,000",,"13,800,000",,,,"14,900,000","14,100,000","9,900,000","29,100,000","1,800,000","1,600,000","1,600,000","1,900,000","1,900,000","8,200,000","7,600,000","28,100,000","1,800,000","1,300,000","1,400,000","16,300,000","1,800,000","2,300,000","2,400,000"
TotalUnusualItems,,,,,,,,,,,,,,,,,,,,,,,,,,,,,,,,,,,,,,,,,,,,,,,,,,,"2,437,000","1,904,000",,"-26,573,000","4,444,000","3,885,000","6,558,000","4,973,000","4,529,000","5,527,000","7,149,000","5,678,000","3,641,000","3,017,000","2,607,000",,,,"14,180,000","17,627,000","21,244,000",,,"-55,299,000","13,636,000",,,"-47,366,000","18,547,000",,,,,"14,333,000",,"0",,"8,680,000","2,353,000",,"13,800,000",,,,"14,900,000","14,100,000","9,900,000","29,100,000","1,800,000","1,600,000","1,600,000","1,900,000","1,900,000","8,200,000","7,600,000","28,100,000","1,800,000","1,300,000","1,400,000","16,300,000","1,800,000","2,300,000","2,400,000"
NormalizedEBITDA,"1,662,983,000","444,755,000","452,052,000","435,570,000","330,606,000","403,735,000","338,691,000","224,988,000","173,483,000","307,322,000","278,690,000","256,097,000","229,884,000","288,826,000","260,936,000","252,903,000","202,316,000","273,213,000","256,177,000","220,677,000","143,696,000","240,521,000","196,284,000","155,021,000","113,847,000","218,125,000","196,518,000","160,100,000","73,562,000","162,103,000","154,223,000","118,763,000","59,211,000","161,599,000","140,799,000","88,631,000","63,443,000","103,804,000","87,736,000","66,138,000","33,028,000","52,538,000","71,130,000","65,543,000","26,929,000","88,851,000","67,488,000","122,299,000","57,047,000","88,965,000","119,269,000","74,963,000","36,310,000","-2,365,000","57,528,000","82,235,000","62,450,000","76,482,000","143,517,000","143,347,000","130,238,000","168,549,000","210,445,000","315,636,000","220,846,000","353,183,000","297,247,000","268,994,000","177,575,000","259,569,000","208,032,000","197,907,000","172,932,000","276,808,000","161,712,000","162,304,000","149,878,000","189,858,000","116,507,000","128,557,000","127,976,000","91,277,000","109,512,000","76,351,000","86,252,000","85,198,000","81,171,000","51,622,000","52,556,000","97,400,000","31,200,000","58,800,000","53,500,000","71,800,000","16,300,000","10,900,000","9,400,000","-40,100,000","21,500,000","22,200,000","15,300,000","14,500,000","19,300,000","9,400,000","500,000","-29,900,000","17,300,000","16,900,000","5,400,000","-3,700,000","12,900,000","13,700,000","4,000,000"
TaxRateForCalcs,"0.222","0.216","0.235","0.23","0.203","0.209","0.202","0.218","0.27","0.133","0.162","0.141","0.138","0.163","0.216","0.159","0.131","0.4","0.337","0.292","0.221","0.34","0.365","0.367","0.368","0.353","0.37","0.372","0.374","0.342","0.373","0.374","0.35","0.356","0.37","0.368","0.364","0.369","0.37","0.268","0.35","0.358","0.37","0.393","0.389","0.322","0.323","0.397","0.391","0.283","0.364","0.35","0.35","0.35","0.397","0.35","0.35","0.377","0.375","0.386","0.385","0.385","0.39","0.392","0.392","0.389","0.385","0.395","0.395","0.4","0.4","0.4","0.4","0.397","0.4","0.39","0.39","0.388","0.384","0.377","0.377","0.4","0.4","0.4","0.4","0.4","0.4","0.4","0.4","0.352","0.4","0.4","0.4","0.388","0.33","0.4","0.4","0.4","0.4","0.4","0.4","0.342","0.4","0.4","0.4","0.4","0.4","0.4","0.4","0.4","0.4","0.4","0.4"
TaxEffectOfUnusualItems,"0","0","0","0","0","0","0","0","0","0","0","0","0","0","0","0","0","0","0","0","0","0","0","0","0","0","0","0","0","0","0","0","0","0","0","0","0","0","0","0","0","0","0","0","0","0","0","0","0","0","0","0","0","-9,300,550","1,763,902.916","1,359,750","2,295,300","1,874,765.09","1,699,019.497","2,130,677.831","2,755,922.098","2,185,636.884","1,420,887.26","1,182,658.449","1,021,948.974","0","0","0","5,601,072.72","7,050,733.457","8,497,565.475","0","0","-21,972,901.384","5,454,400","0","0","-18,381,520.781","7,121,881.058","0","0","0","0","5,733,142.051","0","0","0","3,472,000","941,200","0","5,520,000","0","0","0","4,912,972.973","5,640,000","3,960,000","11,640,000","720,000","640,000","640,000","650,000","760,000","3,280,000","3,040,000","11,240,000","720,000","520,000","560,000","6,520,000","720,000","920,000","960,000"