name,ttm,12/31/2021,09/30/2021,06/30/2021,03/31/2021,12/31/2020,09/30/2020,06/30/2020,03/31/2020,12/31/2019,09/30/2019,06/30/2019,03/31/2019,12/31/2018,09/30/2018,06/30/2018,03/31/2018,12/31/2017,09/30/2017,06/30/2017,03/31/2017,12/31/2016,09/30/2016,06/30/2016,03/31/2016,12/31/2015,09/30/2015,06/30/2015,03/31/2015,12/31/2014,09/30/2014,06/30/2014,03/31/2014,12/31/2013,09/30/2013,06/30/2013,03/31/2013,12/31/2012,09/30/2012,06/30/2012,03/31/2012,12/31/2011,09/30/2011,06/30/2011,03/31/2011,12/31/2010,09/30/2010,06/30/2010,03/31/2010,12/31/2009,09/30/2009,06/30/2009,03/31/2009,12/31/2008,09/30/2008,06/30/2008,03/31/2008,12/31/2007,09/30/2007,06/30/2007,03/31/2007,12/31/2006,09/30/2006,06/30/2006,03/31/2006,12/31/2005,09/30/2005,06/30/2005,03/31/2005,12/31/2004,09/30/2004,06/30/2004,03/31/2004,12/31/2003,09/30/2003,06/30/2003,03/31/2003,12/31/2002,09/30/2002,06/30/2002,03/31/2002,12/31/2001,09/30/2001,06/30/2001,03/31/2001,12/31/2000,09/30/2000,06/30/2000,03/31/2000,11/30/1999,08/31/1999,05/31/1999,02/28/1999,11/30/1998,08/31/1998,05/31/1998,02/28/1998,11/30/1997,08/31/1997,05/31/1997,02/28/1997,11/30/1996,08/31/1996,05/31/1996,02/29/1996,11/30/1995,08/31/1995,05/31/1995,02/28/1995,11/30/1994,08/31/1994,05/31/1994,02/28/1994,11/30/1993,08/31/1993,05/31/1993,02/28/1993,11/30/1992,08/31/1992,05/31/1992,02/29/1992,11/30/1991,08/31/1991,05/31/1991,02/28/1991,11/30/1990,08/31/1990,05/31/1990,02/28/1990,11/30/1989,08/31/1989,05/31/1989,02/28/1989,11/30/1988,08/31/1988,05/31/1988,02/29/1988,11/30/1987,08/31/1987,05/31/1987,02/28/1987,11/30/1986,08/31/1986,05/31/1986,02/28/1986,11/30/1985,08/31/1985
TotalRevenue,"16,540,309,000","5,420,491,000","4,536,175,000","3,388,964,000","3,194,679,000","2,570,577,000","2,174,264,000","1,660,729,000","2,136,672,000","2,663,606,000","2,263,228,000","2,457,575,000","2,779,958,000","3,136,700,000","3,393,890,000","2,960,529,000","3,102,077,000","3,792,158,000","2,906,366,000","2,725,772,000","2,749,611,000","2,654,461,000","2,357,907,000","2,134,107,000","1,774,459,000","1,930,902,000","1,898,946,000","2,128,052,000","1,805,306,000","2,844,768,000","3,120,145,000","3,066,882,000","3,163,296,000","4,140,111,000","3,571,925,000","3,349,236,000","3,541,445,000","3,659,924,000","3,028,775,000","2,529,260,000","3,414,600,000","3,829,239,000","3,595,191,000","3,514,476,000","3,866,888,000","3,356,249,000","2,942,703,000","2,807,131,000","3,923,967,000","3,729,461,000","2,364,736,000","2,227,627,000","2,789,827,000","2,843,245,000","4,239,246,000","4,172,866,000","4,902,076,000","3,984,968,000","2,809,997,000","2,871,304,000","3,799,006,000","3,067,680,000","2,640,877,000","2,431,907,000","3,918,322,000","4,696,193,000","3,192,206,000","2,121,120,000","2,752,863,000","2,598,604,000","1,726,762,000","632,139,000","1,030,575,000","849,028,000","568,270,000","466,539,000","1,085,221,000","555,611,000","465,393,000","1,171,444,000","1,465,658,000","1,317,127,000","1,127,189,000","1,402,399,000","2,956,256,000","2,672,468,000","1,754,790,000","1,387,130,000","823,949,000","533,482,000","457,092,000","418,080,000","592,664,000","387,471,000","355,140,000","444,048,000","722,054,000","314,160,000","207,900,000","231,600,000","473,700,000","248,800,000","231,400,000","289,700,000","464,700,000","238,500,000","191,800,000","304,500,000","287,300,000","166,300,000","129,300,000","190,500,000","295,400,000","177,200,000","128,200,000","187,500,000","313,900,000","159,500,000","107,100,000","150,500,000","264,600,000","154,800,000","122,000,000","146,500,000","279,800,000","141,100,000","105,100,000","155,100,000","266,400,000","141,400,000","104,700,000","143,400,000","242,000,000","128,200,000","7,600,000","133,700,000","230,100,000","111,100,000","88,900,000","123,700,000","230,900,000","143,500,000","108,200,000","166,100,000","289,600,000","172,900,000","174,200,000"
	OperatingRevenue,"16,540,309,000","5,420,491,000","4,536,175,000","3,388,964,000","3,194,679,000","2,570,577,000","2,174,264,000","1,660,729,000","2,136,672,000","2,663,606,000","2,263,228,000","2,457,575,000","2,779,958,000","3,136,700,000","3,393,890,000","2,960,529,000","3,102,077,000","3,792,158,000","2,906,366,000","2,725,772,000","2,749,611,000","2,654,461,000","2,357,907,000","2,134,107,000","1,774,459,000","1,930,902,000","1,898,946,000","2,128,052,000","1,805,306,000","2,844,768,000","3,120,145,000","3,066,882,000","3,163,296,000","4,140,111,000","3,571,925,000","3,349,236,000","3,541,445,000","3,659,924,000","3,028,775,000","2,529,260,000","3,414,600,000","3,829,239,000","3,595,191,000","3,514,476,000","3,866,888,000","3,356,249,000","2,942,703,000","2,807,131,000","3,923,967,000","3,729,461,000","2,364,736,000","2,227,627,000","2,789,827,000","2,843,245,000","4,239,246,000","4,172,866,000","4,902,076,000","3,984,968,000","2,809,997,000","2,871,304,000","3,799,006,000","3,067,680,000","2,640,877,000","2,431,907,000","3,918,322,000","4,696,193,000","3,192,206,000","2,121,120,000","2,752,863,000","2,598,604,000","1,726,762,000","632,139,000","1,030,575,000","849,028,000","568,270,000","466,539,000","1,085,221,000","555,611,000","465,393,000","1,171,444,000","1,465,658,000","1,317,127,000","1,127,189,000","1,402,399,000","2,956,256,000","2,672,468,000","1,754,790,000","1,387,130,000","823,949,000","533,482,000","457,092,000","418,080,000","592,664,000","387,471,000","355,140,000","444,048,000","722,054,000","314,160,000","207,900,000","231,600,000","473,700,000","248,800,000","231,400,000","289,700,000","464,700,000","238,500,000","191,800,000","304,500,000","287,300,000","166,300,000","129,300,000","190,500,000","295,400,000","177,200,000","128,200,000","187,500,000","313,900,000","159,500,000","107,100,000","150,500,000","264,600,000","154,800,000","122,000,000","146,500,000","279,800,000","141,100,000","105,100,000","155,100,000","266,400,000","141,400,000","104,700,000","143,400,000","242,000,000","128,200,000","7,600,000","133,700,000","230,100,000","111,100,000","88,900,000","123,700,000","230,900,000","143,500,000","108,200,000","166,100,000","289,600,000","172,900,000","174,200,000"
CostOfRevenue,"12,878,356,000","4,472,157,000","3,603,669,000","2,523,900,000","2,278,630,000","1,779,734,000","1,418,919,000","1,080,874,000","1,409,281,000","1,917,324,000","1,535,958,000","1,740,758,000","2,070,535,000","2,428,748,000","2,668,148,000","2,282,106,000","2,472,263,000","3,177,533,000","2,331,714,000","2,191,871,000","2,243,262,000","2,120,780,000","1,850,143,000","1,626,570,000","1,290,216,000","1,426,665,000","1,449,108,000","1,690,080,000","1,429,819,000","2,361,828,000","2,657,792,000","2,643,529,000","2,720,083,000","3,596,491,000","3,105,004,000","2,987,702,000","3,008,214,000","3,391,448,000","2,474,803,000","1,980,298,000","2,771,013,000","3,138,070,000","3,061,198,000","2,992,828,000","3,233,339,000","2,812,474,000","2,491,333,000","2,349,054,000","3,304,648,000","3,149,206,000","1,912,882,000","1,795,201,000","2,238,416,000","2,369,484,000","3,784,220,000","3,752,038,000","4,316,164,000","3,447,569,000","2,469,837,000","2,504,795,000","3,234,379,000","2,596,571,000","2,291,891,000","2,030,258,000","3,343,173,000","4,300,915,000","2,849,705,000","1,857,789,000","2,353,298,000","2,223,270,000","1,480,662,000","402,087,000","637,816,000","542,320,000","373,888,000","234,103,000","675,563,000","367,640,000","240,195,000","916,525,000","1,158,086,000","1,122,914,000","923,940,000","1,208,355,000","2,688,661,000","2,466,454,000","1,578,981,000","1,020,233,000","558,296,000","338,994,000","293,627,000","259,273,000","363,288,000","239,836,000","248,399,000","287,633,000","474,704,000","209,273,000","81,300,000","138,000,000","344,100,000","147,400,000","151,200,000","181,400,000","323,800,000","151,300,000","112,100,000","210,100,000","163,500,000","82,200,000","56,800,000","108,500,000","179,900,000","87,200,000",,,,,,,,,,,,,,,,,,,,,,,,,,,,,,,,,
GrossProfit,"3,661,953,000","948,334,000","932,506,000","865,064,000","916,049,000","790,843,000","755,345,000","579,855,000","727,391,000","746,282,000","727,270,000","716,817,000","709,423,000","707,952,000","725,742,000","678,423,000","629,814,000","614,625,000","574,652,000","533,901,000","506,349,000","533,681,000","507,764,000","507,537,000","484,243,000","504,237,000","449,838,000","437,972,000","375,487,000","482,940,000","462,353,000","423,353,000","443,213,000","543,620,000","466,921,000","361,534,000","533,231,000","268,476,000","553,972,000","548,962,000","643,587,000","691,169,000","533,993,000","521,648,000","633,549,000","543,775,000","451,370,000","458,077,000","619,319,000","580,255,000","451,854,000","432,426,000","551,411,000","473,761,000","455,026,000","420,828,000","585,912,000","537,399,000","340,160,000","366,509,000","564,627,000","471,109,000","348,986,000","401,649,000","575,149,000","395,278,000","342,501,000","263,331,000","399,565,000","375,334,000","246,100,000","230,052,000","392,759,000","306,708,000","194,382,000","232,436,000","409,658,000","187,971,000","225,198,000","254,919,000","307,572,000","194,213,000","203,249,000","194,044,000","267,595,000","206,014,000","175,809,000","366,897,000","265,653,000","194,488,000","163,465,000","158,807,000","229,376,000","147,635,000","106,741,000","156,415,000","247,350,000","104,887,000","126,600,000","93,600,000","129,600,000","101,400,000","80,200,000","108,300,000","140,900,000","87,200,000","79,700,000","94,400,000","123,800,000","84,100,000","72,500,000","82,000,000","115,500,000","90,000,000",,,,,,,,,,,,,,,,,,,,,,,,,,,,,,,,,
OperatingExpense,"1,067,088,000","296,115,000","265,117,000","254,259,000","251,597,000","249,771,000","204,929,000","224,464,000","207,040,000","259,275,000","245,135,000","237,713,000","240,741,000","236,340,000","230,371,000","230,153,000","210,204,000","216,809,000","207,050,000","217,805,000","191,922,000","204,179,000","184,151,000","191,839,000","177,015,000","184,786,000","164,177,000","165,350,000","179,018,000","181,259,000","172,495,000","172,022,000","149,111,000","260,538,000","236,862,000","233,630,000","259,423,000","-24,977,000","310,639,000","315,849,000","307,467,000","328,881,000","285,043,000","304,519,000","303,003,000","306,258,000","280,592,000","279,091,000","281,201,000","308,760,000","276,896,000","281,384,000","259,072,000","256,068,000","264,157,000","247,812,000","252,802,000","281,688,000","237,449,000","230,395,000","238,529,000","268,523,000","229,451,000","247,168,000","263,601,000","222,217,000","219,287,000","194,700,000","199,974,000","193,541,000","186,597,000","176,446,000","197,651,000","186,910,000","162,562,000","170,427,000","177,221,000","113,022,000","155,934,000","170,602,000","164,624,000","169,702,000","147,024,000","122,102,000","125,217,000","105,851,000","126,728,000","289,265,000","158,596,000","148,411,000","144,184,000","113,641,000","104,239,000","112,643,000","113,577,000","106,365,000","116,101,000","76,401,000","128,000,000","63,700,000","58,400,000","72,700,000","82,000,000","80,400,000","69,400,000","64,400,000","75,700,000","71,200,000","68,000,000","62,200,000","70,900,000","65,400,000","63,700,000","68,600,000",,,,,,,,,,,,,,,,,,,,,,,,,,,,,,,,,
	DepreciationAmortizationDepletionIncomeStatement,,,,,,,,,,,,,,,,,,,,,,,,,,,,,,,,,,,,,,,"81,434,000","84,586,000","83,409,000","77,959,000","75,986,000","78,824,000","79,391,000","76,717,000","77,234,000","75,510,000","77,856,000","73,298,000","72,318,000","71,249,000","72,126,000","64,498,000","60,249,000","59,701,000","59,479,000","59,506,000","56,364,000","55,644,000","56,450,000","56,654,000","55,468,000","67,094,000","69,426,000","48,342,000","48,142,000","52,165,000","51,496,000","48,452,000","47,307,000","46,226,000","46,740,000","40,620,000","40,105,000","39,709,000","40,427,000","17,899,000","44,732,000","44,976,000","40,236,000","43,177,000","39,322,000","37,856,000","36,955,000","35,795,000","36,068,000","37,161,000","34,327,000","32,547,000","33,162,000","33,607,000","31,797,000","31,138,000","30,901,000","26,799,000","27,265,000","17,194,000","18,800,000","19,700,000","19,000,000","17,000,000","16,500,000","29,800,000","13,200,000","13,500,000","9,200,000","13,800,000","14,400,000","13,000,000","14,900,000","12,500,000","13,000,000","13,100,000",,,,,,,,,,,,,,,,,,,,,,,,,,,,,,,,,
		DepreciationAndAmortizationInIncomeStatement,,,,,,,,,,,,,,,,,,,,,,,,,,,,,,,,,,,,,,,"81,434,000","84,586,000","83,409,000","77,959,000","75,986,000","78,824,000","79,391,000","76,717,000","77,234,000","75,510,000","77,856,000","73,298,000","72,318,000","71,249,000","72,126,000",,,,,,,,,,,,,,,,,,,,,,,,,,,,,,,,,,,,,,,,,,,,,,,,,,,,,,,,,,,,,,,,,,,,,,,,,,,,,,,,,,,,,,,,,,,,,,
	OtherTaxes,"166,668,000","40,536,000","39,753,000","41,940,000","44,439,000","27,377,000","31,381,000","34,326,000","31,944,000","27,899,000","26,830,000","30,937,000","33,490,000","22,659,000","24,124,000","28,116,000","29,023,000","22,298,000","24,641,000","24,304,000","27,153,000","24,320,000","18,487,000","24,172,000","21,870,000","21,217,000","17,198,000","24,481,000","24,687,000","15,573,000","19,087,000","18,699,000","22,385,000","24,328,000","27,843,000","30,337,000","35,820,000","21,420,000","23,157,000","27,137,000","31,177,000","17,631,000","22,122,000","25,898,000","29,006,000","23,572,000","19,465,000","25,103,000","23,073,000","25,608,000","24,900,000","25,261,000","25,227,000","16,236,000","24,068,000","16,680,000","25,331,000","23,618,000","20,733,000","17,925,000","23,659,000","20,321,000","19,482,000","19,901,000","26,190,000","16,403,000","18,114,000","17,648,000","19,400,000","14,333,000","15,290,000","16,574,000","20,535,000","16,170,000","16,024,000","16,598,000","24,351,000","9,567,000","14,594,000","15,528,000","15,322,000","15,624,000","15,209,000","14,978,000","16,065,000","13,709,000","15,239,000","12,116,000","12,239,000","11,043,000","10,676,000","9,494,000","10,171,000","9,374,000","8,041,000","9,768,000","9,963,000","5,445,000","5,500,000","6,000,000","5,900,000","5,100,000","5,500,000","5,400,000","5,800,000","4,800,000","4,700,000","5,200,000","5,600,000","4,900,000","4,900,000","4,800,000","4,900,000","4,500,000",,,,,,,,,,,,,,,,,,,,,,,,,,,,,,,,,
	OtherOperatingExpenses,,,,,,,,,,,,,,,,,,,,,,,,,,,,,,,,,,,,,,,"206,048,000","204,126,000","192,881,000",,"186,935,000","199,797,000","194,606,000",,"167,767,000","178,478,000","180,272,000","209,854,000","179,678,000","184,874,000","161,719,000","175,334,000","179,840,000","171,431,000","167,992,000","198,564,000","160,352,000","156,826,000","158,420,000","191,548,000","154,501,000","160,173,000","167,985,000","157,472,000","153,031,000","124,887,000","129,078,000","130,756,000","124,000,000","113,646,000","130,376,000","130,120,000","106,433,000","114,120,000","112,443,000","85,556,000","96,608,000","110,098,000","109,066,000","110,901,000","92,493,000","69,268,000","72,197,000","56,347,000","75,421,000","239,988,000","112,030,000","104,821,000","100,346,000","70,540,000","62,271,000","72,131,000","74,635,000","69,798,000","78,873,000","53,762,000","103,700,000","38,000,000","33,500,000","50,600,000","60,000,000","45,200,000","50,400,000","46,100,000","61,800,000","52,200,000","48,000,000","44,300,000","51,100,000","48,100,000","45,800,000","51,000,000",,,,,,,,,,,,,,,,,,,,,,,,,,,,,,,,,
OperatingIncome,"2,594,865,000","652,219,000","667,389,000","610,805,000","664,452,000","541,072,000","550,416,000","355,391,000","520,351,000","487,007,000","482,135,000","479,104,000","468,682,000","471,612,000","495,371,000","448,270,000","419,610,000","397,816,000","367,602,000","316,096,000","314,427,000","329,502,000","323,613,000","315,698,000","307,228,000","319,451,000","285,661,000","272,622,000","196,469,000","301,681,000","289,858,000","251,331,000","294,102,000","283,082,000","230,059,000","127,904,000","273,808,000","293,453,000","243,333,000","233,113,000","336,120,000","362,288,000","248,950,000","217,129,000","330,546,000","237,517,000","170,778,000","178,986,000","338,118,000","271,495,000","174,958,000","151,042,000","292,339,000","217,693,000","190,869,000","173,016,000","333,110,000","255,711,000","102,711,000","136,114,000","326,098,000","202,586,000","119,535,000","154,481,000","311,548,000","173,061,000","123,214,000","68,631,000","199,591,000","181,793,000","59,503,000","53,606,000","195,108,000","119,798,000","31,820,000","62,009,000","232,437,000","74,949,000","69,264,000","84,317,000","142,948,000","24,511,000","56,225,000","71,942,000","142,378,000","100,163,000","49,081,000","77,632,000","107,057,000","46,077,000","19,281,000","45,166,000","125,137,000","34,992,000","-6,836,000","50,050,000","131,249,000","28,486,000","-1,400,000","29,900,000","71,200,000","28,700,000","-1,800,000","27,900,000","71,500,000","22,800,000","4,000,000","23,200,000","55,800,000","21,900,000","1,600,000","16,600,000","51,800,000","21,400,000","128,200,000","187,500,000","313,900,000","159,500,000","107,100,000","150,500,000","264,600,000","154,800,000","122,000,000","146,500,000","279,800,000","141,100,000","105,100,000","155,100,000","266,400,000","141,400,000","104,700,000","143,400,000","242,000,000","128,200,000","7,600,000","133,700,000","230,100,000","111,100,000","88,900,000","123,700,000","230,900,000","143,500,000","108,200,000","166,100,000","289,600,000","172,900,000","174,200,000"
NetNonOperatingInterestIncomeExpense,"-732,924,000","-178,395,000","-184,049,000","-184,957,000","-185,523,000","-176,931,000","-176,371,000","-218,968,000","-140,616,000","-129,283,000","-129,577,000","-117,493,000","-115,420,000","-118,489,000","-121,910,000","-113,496,000","-115,725,000","-124,190,000","-126,533,000","-118,473,000","-116,462,000","-114,188,000","-118,240,000","-118,976,000","-118,247,000","-110,730,000","-106,923,000","-102,384,000","-96,750,000","-86,459,000","-86,052,000","-88,751,000","-94,901,000","-90,130,000","-81,908,000","-81,731,000","-80,437,000","-83,591,000","-71,364,000","-71,535,000","-75,815,000","-68,318,000","-73,841,000","-75,498,000","-79,349,000","-69,451,000","-70,907,000","-75,361,000","-76,520,000","-76,780,000","-72,689,000","-73,392,000","-77,961,000",,,,,,,,,,,,,,,,,,,,,,,,,,,,,,,,,,,,,,,,,,,,,,,,,,,,,,,,,,,,,,,,,,,,,,,,,,,,,,,,,,,,,,,,,,,,,,
	InterestExpenseNonOperating,"732,924,000","178,395,000","184,049,000","184,957,000","185,523,000","176,931,000","176,371,000","218,968,000","140,616,000","129,283,000","129,577,000","117,493,000","115,420,000","118,489,000","121,910,000","113,496,000","115,725,000","124,190,000","126,533,000","118,473,000","116,462,000","114,188,000","118,240,000","118,976,000","118,247,000","110,730,000","106,923,000","102,384,000","96,750,000","86,459,000","86,052,000","88,751,000","94,901,000","90,130,000","81,908,000","81,731,000","80,437,000","83,591,000","71,364,000","71,535,000","75,815,000","68,318,000","73,841,000","75,498,000","79,349,000","69,451,000","70,907,000","75,361,000","76,520,000","76,780,000","72,689,000","73,392,000","77,961,000",,,,,,,,,,,,,,,,,,,,,,,,,,,,,,,,,,,,,,,,,,,,,,,,,,,,,,,,,,,,,,,,,,,,,,,,,,,,,,,,,,,,,,,,,,,,,,
OtherIncomeExpense,"122,263,000","35,947,000","30,577,000","26,360,000","29,379,000","39,095,000","44,826,000","41,038,000","-576,987,000","60,707,000","53,962,000","49,287,000","61,880,000","36,383,000","43,438,000","34,936,000","37,935,000","42,555,000","22,590,000","22,212,000","43,161,000","34,317,000","44,431,000","35,822,000","36,996,000","-222,348,000","24,258,000","29,004,000","33,546,000","41,547,000","-51,496,000","28,493,000","20,520,000","46,265,000","38,996,000","34,684,000","39,751,000","44,976,000","36,023,000","26,806,000","32,984,000","39,700,000","19,525,000","29,512,000","33,130,000","16,760,000","50,395,000","14,070,000","23,219,000","11,266,000","35,299,000","30,196,000","27,946,000","-19,113,000","47,729,000","17,903,000","26,420,000","17,085,000","27,014,000","29,817,000","31,954,000","18,710,000","30,345,000","135,272,000","6,711,000","251,121,000","3,582,000","3,000","4,510,000","4,313,000","294,000","772,000","224,000","373,000","780,000","1,046,000","741,000","-4,011,000","-7,012,000","5,131,000","-720,000","-1,075,000","-2,406,000","566,000","3,967,000","8,340,000","-1,629,000","-2,517,000","14,281,000",,"1,646,000",,,,,,,,,,,,,,,,,,,,,,,,,,,,,,,,,,,,,,,,,,,,,,,,,,,,,,,,
	EarningsFromEquityInterest,"122,520,000","34,907,000","28,573,000","25,720,000","33,320,000","35,240,000","38,046,000","25,328,000","44,627,000","39,366,000","37,576,000","34,118,000","43,481,000","42,313,000","39,313,000","36,570,000","40,187,000","40,293,000","40,058,000","39,363,000","39,564,000","39,249,000","35,155,000","32,372,000","32,914,000","32,095,000","32,244,000","30,040,000","30,921,000","34,256,000","-52,347,000","25,435,000","33,659,000","30,773,000","27,468,000","26,421,000","25,855,000","30,644,000","28,591,000","29,169,000","34,620,000","33,581,000","32,029,000","29,544,000","32,092,000","30,698,000","29,390,000","20,676,000","21,116,000","17,258,000","20,054,000","14,188,000","21,222,000",,,,,,,,,,,,,,,,,,,,,,,,,,,,,,,,,,,,,,,,,,,,,,,,,,,,,,,,,,,,,,,,,,,,,,,,,,,,,,,,,,,,,,,,,,,,,,
	SpecialIncomeCharges,"3,076,000","145,000","717,000","1,133,000","1,081,000","-1,094,000","3,101,000","4,193,000","-626,141,000","19,947,000","15,808,000","13,984,000","12,501,000","4,887,000","2,457,000","900,000","319,000","52,000","-19,926,000","659,000","6,000","99,000","5,744,000","-413,000","4,414,000","-257,556,000","-549,000","864,000","793,000","6,056,000","3,257,000","1,237,000","10,986,000","20,889,000","6,451,000","5,935,000","9,128,000","6,753,000","7,432,000","-2,363,000","-1,636,000","6,119,000","-12,504,000","-32,000","1,038,000","-13,938,000","21,005,000","-6,606,000","2,103,000","-5,992,000","15,245,000","16,008,000","6,724,000","-19,113,000","47,729,000","17,903,000","26,420,000","17,085,000","27,014,000","29,817,000","31,954,000","18,710,000","30,345,000","135,272,000","6,711,000","251,121,000","3,582,000","3,000","4,510,000","4,313,000","294,000","772,000","224,000","373,000","780,000","1,046,000","741,000","-4,011,000","-7,012,000","5,131,000","-720,000","-1,075,000","-2,406,000","566,000","3,967,000","8,340,000","-1,629,000","-2,517,000","14,281,000",,"1,646,000",,,,,,,,,,,,,,,,,,,,,,,,,,,,,,,,,,,,,,,,,,,,,,,,,,,,,,,,
		ImpairmentOfCapitalAssets,"0","0","0","0",,"3,176,000","0","0","533,900,000",,,,,"0","0",,,"0","15,970,000",,,"0",,,,"83,673,000",,,,,,,,"0","0","0","0","0","0","0","10,255,000",,,,,,,,,,,,,,,,,,,,,,,,,,,,,,,,,,,,,,,,,,,,,,,,,,,,,,,,,,,,,,,,,,,,,,,,,,,,,,,,,,,,,,,,,,,,,,,,,,,,,,,,,,
		WriteOff,"0","0","0","0","0","0","0","0","107,854,000",,,,,"0","0",,,"0","4,270,000",,,"0",,,,"180,583,000",,,,,,,,,,,,,,,,,,,,,,,,,,,,,,,,,,,,,,,,,,,,,,,,,,,,,,,,,,,,,,,,,,,,,,,,,,,,,,,,,,,,,,,,,,,,,,,,,,,,,,,,,,,,,,,,,,,,,,,,,
		OtherSpecialCharges,"-1,682,000","-197,000","-247,000","-426,000","-812,000","-1,315,000","-3,084,000","-3,854,000","-15,409,000","-19,640,000","-15,792,000","-16,942,000","-12,441,000","-4,634,000","-2,294,000","-804,000","-230,000","-32,000","-40,000","-22,000","-13,000","-1,000",,,"-208,000","-461,000","-177,000","-742,000","-799,000","-990,000","-1,723,000","-1,253,000","-10,971,000","-9,350,000","-6,429,000","-5,656,000","-9,087,000","-17,000","-7,432,000","2,363,000","-8,619,000",,,,,,,,,,,,,,,,,,,,,,,,,,,,,,,,,,,,,,,,,,,,,,,,,,,,,,,,,,,,,,,,,,,,,,,,,,,,,,,,,,,,,,,,,,,,,,,,,,,,,,,,,,
		GainOnSaleOfPPE,"1,394,000","-52,000","470,000","707,000","269,000","767,000","17,000","339,000","204,000","307,000","16,000","-2,958,000","60,000","253,000","163,000","96,000","89,000","20,000","274,000","637,000","-7,000","98,000","5,744,000","-413,000","4,206,000","6,239,000","-726,000","122,000","-6,000","5,066,000","1,534,000","-16,000","15,000","11,539,000","22,000","279,000","41,000","6,133,000",,,,,,,,,,,,,,,,,,,,,,,,,,,,,,,,,,,,,,,,,,,,,,,,,,,,,,,,,,,,,,,,,,,,,,,,,,,,,,,,,,,,,,,,,,,,,,,,,,,,,,,,,,,,,
	OtherNonOperatingIncomeExpenses,"-3,333,000","895,000","1,287,000","-493,000","-5,022,000","4,949,000","3,679,000","11,517,000","4,527,000","1,394,000","578,000","1,185,000","5,898,000","-10,817,000","1,668,000","-2,534,000","-2,571,000","2,210,000","2,458,000","-17,810,000","3,591,000","-5,031,000","3,532,000","3,863,000","-332,000","3,113,000","-7,437,000","-1,900,000","1,832,000","1,235,000","-2,406,000","1,821,000","-24,125,000","-5,397,000","5,077,000","2,328,000","4,768,000","74,000",,,,,,,,,,,,,,,,,,,,,,,,,,,,,,,,,,,,,,,,,,,,,,,,,,,,,,,,,,,,,,,,,,,,,,,,,,,,,,,,,,,,,,,,,,,,,,,,,,,,,,,,,,,,,
PretaxIncome,"1,984,204,000","509,771,000","513,917,000","452,208,000","508,308,000","403,236,000","418,871,000","177,461,000","-197,252,000","418,431,000","406,520,000","410,898,000","415,142,000","389,506,000","416,899,000","369,710,000","341,820,000","316,181,000","263,659,000","219,835,000","241,126,000","249,631,000","249,804,000","232,544,000","225,977,000","-13,627,000","202,996,000","199,242,000","133,265,000","256,769,000","152,310,000","191,073,000","219,721,000","239,217,000","187,147,000","80,857,000","233,122,000","254,235,000","207,572,000","189,350,000","293,289,000","333,670,000","194,634,000","170,931,000","284,327,000","203,445,000","150,266,000","117,422,000","284,031,000","207,541,000","136,388,000","111,608,000","242,988,000","115,272,000","82,064,000","72,439,000","236,205,000","158,326,000","22,052,000","58,413,000","250,727,000","120,839,000","40,139,000","129,583,000","209,872,000","367,248,000","85,498,000","40,733,000","174,299,000","156,523,000","34,549,000","29,429,000","171,644,000","94,504,000","7,628,000","38,086,000","204,601,000","47,559,000","33,261,000","61,595,000","116,046,000","-8,207,000","19,088,000","36,259,000","108,810,000","72,538,000","15,115,000","46,772,000","99,353,000","25,720,000","4,467,000","32,181,000","113,128,000","23,637,000","-16,231,000","44,206,000","120,447,000","19,958,000","-9,800,000","22,000,000","62,000,000","19,900,000","-9,800,000","19,400,000","62,300,000","13,700,000","-4,500,000","13,800,000","46,100,000","12,600,000","-6,400,000","8,200,000","42,900,000","12,600,000",,,,,,,,,,,,,,,,,,,,,,,,,,,,,,,,,
TaxProvision,"484,498,000","130,398,000","121,899,000","110,069,000","122,132,000","95,207,000","106,555,000","43,140,000","-55,395,000","98,180,000","97,365,000","98,935,000","77,934,000","96,618,000","102,983,000","87,531,000","75,771,000","251,369,000","97,128,000","43,844,000","54,941,000","54,870,000","55,012,000","52,458,000","50,066,000","12,652,000","38,298,000","48,222,000","37,428,000","56,003,000","37,858,000","42,313,000","14,984,000","55,154,000","39,449,000","1,362,000","67,417,000","58,360,000","42,584,000","40,412,000","73,839,000","71,148,000","33,754,000","36,165,000","84,981,000","55,510,000","29,965,000","31,048,000","97,311,000","63,544,000","34,080,000","30,258,000","79,439,000","47,098,000","24,031,000","30,574,000","92,368,000","55,402,000","8,138,000","23,210,000","97,847,000","46,259,000","15,726,000","51,638,000","80,141,000","135,607,000","32,800,000","15,881,000","66,635,000","58,126,000","13,710,000","11,640,000","66,491,000","32,962,000","3,033,000","15,538,000","78,994,000","20,283,000","12,542,000","26,212,000","43,448,000","-2,518,000","301,000","12,651,000","41,800,000","27,201,000","5,029,000","19,610,000","38,446,000","9,990,000","2,088,000","10,985,000","44,596,000","9,387,000","-4,734,000","17,270,000","46,611,000","7,438,000","-4,900,000","8,200,000","23,800,000","7,700,000","-3,900,000","7,700,000","23,800,000","5,300,000","-2,200,000","4,800,000","17,800,000","4,800,000","-2,700,000","2,500,000","16,500,000","4,800,000",,,,,,,,,,,,,,,,,,,,,,,,,,,,,,,,,
NetIncomeCommonStockholders,"1,498,606,000","379,098,000","391,743,000","341,864,000","385,901,000","307,754,000","312,041,000","134,046,000","-142,132,000","319,976,000","308,880,000","311,688,000","336,933,000","292,613,000","312,984,000","280,773,000","264,233,000","62,771,000","165,466,000","71,476,000","87,361,000","90,505,000","92,144,000","85,944,000","83,446,000","25,515,000","82,157,000","76,505,000","60,800,000","94,544,000","64,458,000","61,590,000","93,515,000","90,737,000","62,356,000","919,000","112,521,000","111,542,000","65,219,000","60,993,000","122,865,000","115,001,000","60,321,000","55,142,000","130,130,000","83,074,000","55,295,000","41,724,000","154,539,000","93,445,000","48,042,000","41,679,000","163,549,000","68,174,000","58,033,000","41,865,000","143,837,000","102,924,000","13,914,000","35,203,000","152,880,000","74,625,000","24,400,000","77,795,000","129,492,000","229,495,000","184,534,000","24,852,000","107,664,000","98,397,000","20,839,000","17,789,000","105,153,000","62,912,000","595,000","17,503,000","7,267,000","28,649,000","11,444,000","26,108,000","63,323,000","-14,964,000","9,512,000","14,333,000","55,584,000","36,062,000","811,000","17,887,000","53,747,000","6,455,000","-6,896,000","11,872,000","59,208,000","4,926,000","-20,517,000","17,953,000","64,860,000","12,520,000","-4,900,000","13,700,000","38,100,000","12,100,000","-6,000,000","11,600,000","38,400,000","8,300,000","-2,400,000","8,900,000","28,200,000","7,700,000","-3,800,000","5,600,000","26,300,000","7,700,000","-1,700,000","2,700,000","31,100,000","5,900,000","900,000","2,500,000","23,200,000","5,500,000","-700,000","3,500,000","27,900,000","4,800,000","-5,700,000","8,300,000","23,300,000","6,700,000",,,,,,,,,,,,,,,,,
	NetIncome,"1,499,706,000","379,373,000","392,018,000","342,139,000","386,176,000","308,029,000","312,316,000","134,321,000","-141,857,000","320,251,000","309,155,000","311,963,000","337,208,000","292,888,000","313,259,000","281,048,000","264,508,000","63,045,000","165,742,000","71,693,000","87,361,000","90,505,000","92,144,000","85,944,000","83,446,000","25,515,000","82,157,000","76,505,000","60,800,000","94,544,000","64,458,000","61,590,000","93,515,000","90,737,000","62,356,000","919,000","112,521,000","111,542,000","65,219,000","60,993,000","122,865,000","115,001,000","60,321,000","55,142,000","130,130,000","83,074,000","55,295,000","41,724,000","154,539,000","93,445,000","48,042,000","41,679,000","163,549,000","68,174,000","58,033,000","41,865,000","143,837,000","102,924,000","13,914,000","35,203,000","152,880,000","74,625,000","24,400,000","77,795,000","129,492,000","229,495,000","184,534,000","24,852,000","107,664,000","98,397,000","20,839,000","17,789,000","105,153,000","62,912,000","4,595,000","22,548,000","22,433,000","37,924,000","20,719,000","35,383,000","72,598,000","-5,689,000","18,787,000","23,608,000","64,859,000","45,337,000","10,086,000","27,162,000","63,022,000","15,730,000","2,379,000","21,196,000","68,532,000","14,250,000","-11,497,000","26,936,000","73,836,000","12,520,000","-4,900,000","13,800,000","38,200,000","12,200,000","-5,900,000","11,700,000","38,500,000","8,400,000","-2,300,000","9,000,000","28,300,000","7,800,000","-3,700,000","5,700,000","26,400,000","7,800,000","-1,600,000","2,800,000","31,200,000","6,000,000","1,000,000","2,600,000","23,300,000","5,600,000","-600,000","3,600,000","28,000,000","4,900,000","-5,600,000","8,400,000","23,400,000","6,800,000",,,,,,,,,,,,,,,,,
		NetIncomeIncludingNoncontrollingInterests,"1,499,706,000","379,373,000","392,018,000","342,139,000","386,176,000","308,029,000","312,316,000","134,321,000","-141,857,000","320,251,000","309,155,000","311,963,000","337,208,000","292,888,000","313,916,000","282,179,000","266,049,000","64,812,000","166,531,000","175,991,000","186,185,000","194,465,000","194,216,000","179,859,000","174,959,000","-28,216,000","160,838,000","150,880,000","95,693,000","201,565,000","114,281,000","140,751,000","206,511,000","184,063,000","147,698,000","79,495,000","165,705,000","195,875,000","164,988,000","149,205,000","233,462,000","264,752,000","160,880,000","134,766,000","199,346,000","147,935,000","120,301,000","86,374,000","186,720,000","143,997,000","102,308,000","81,350,000","204,813,000","121,321,000","153,387,000","112,962,000","212,797,000","161,110,000","58,912,000","79,905,000","198,193,000","112,005,000","72,681,000","178,362,000","174,989,000","229,495,000","184,534,000","24,852,000","107,664,000","98,397,000","20,839,000","17,789,000","105,153,000","62,912,000","4,595,000","22,548,000","22,433,000","37,924,000","20,719,000","35,383,000","72,598,000","-5,689,000","18,787,000","23,608,000","64,859,000","45,337,000","10,086,000","27,162,000","63,022,000","15,730,000","2,379,000","21,196,000","68,532,000","14,250,000","-11,497,000","26,936,000","73,836,000","12,520,000","-4,900,000","13,800,000","38,200,000","12,200,000","-5,900,000","11,700,000","38,500,000","8,400,000","-2,300,000","9,000,000","28,300,000","7,800,000","-3,700,000","5,700,000","26,400,000","7,800,000","-1,600,000","2,800,000","31,200,000","6,000,000","1,000,000","2,600,000","23,300,000","5,600,000","-600,000","3,600,000","28,000,000","4,900,000","-5,600,000","8,400,000","23,400,000","6,800,000","-5,600,000","8,400,000","28,500,000","5,300,000","-25,700,000","6,600,000","24,800,000","1,400,000","-4,700,000","4,100,000","16,900,000","3,100,000","-400,000","8,300,000","24,300,000","2,300,000","800,000"
			NetIncomeContinuousOperations,"1,499,706,000","379,373,000","392,018,000","342,139,000","386,176,000","308,029,000","312,316,000","134,321,000","-141,857,000","320,251,000","309,155,000","311,963,000","337,208,000","292,888,000","313,916,000","282,179,000","266,049,000","64,812,000","166,531,000","175,991,000","186,185,000","194,761,000","194,792,000","180,086,000","175,911,000","-26,279,000","164,698,000","151,020,000","95,837,000","200,766,000","114,452,000","148,760,000","204,737,000","184,063,000","147,698,000","79,495,000","165,705,000","195,875,000","164,988,000","148,938,000","219,450,000","262,522,000","160,880,000","134,766,000","199,346,000","147,935,000","120,301,000","86,374,000","186,720,000","143,997,000","102,308,000","81,350,000","204,813,000","68,174,000","58,033,000","41,865,000","143,837,000","102,924,000","13,914,000","35,203,000","152,880,000","74,580,000","24,413,000","77,945,000","129,731,000","231,641,000","52,698,000","24,852,000","107,664,000","98,397,000","20,839,000","17,789,000","105,153,000","61,542,000","4,595,000","22,548,000","125,607,000","27,276,000","20,719,000","35,383,000","72,598,000","-5,689,000","18,787,000","23,608,000","67,010,000","45,337,000","10,086,000","27,162,000","60,907,000","15,730,000","2,379,000","21,196,000","68,532,000","14,250,000","-11,497,000","26,936,000","73,836,000","12,520,000","-4,900,000","13,800,000","38,200,000","12,200,000","-5,900,000","11,700,000","38,500,000","8,400,000","-2,300,000","9,000,000","28,300,000","7,800,000","-3,700,000","5,700,000","26,400,000","7,800,000","-1,600,000","2,800,000","31,200,000","6,000,000","1,000,000","2,600,000","23,300,000","5,600,000","-600,000","3,600,000","28,000,000","4,900,000","-5,600,000","8,400,000","23,400,000","6,800,000","-5,600,000","8,400,000","28,500,000","5,300,000","-25,700,000","6,600,000","24,800,000","1,400,000","-4,700,000","4,100,000","16,900,000","3,100,000","-400,000","8,300,000","24,300,000","2,300,000","800,000"
			NetIncomeDiscontinuousOperations,,,,,,,,,,,,,,,,,,"0","0","0","0","-296,000","-576,000","-227,000","-952,000","-1,937,000","-3,860,000","-140,000","-144,000","799,000","-171,000","-8,009,000","1,774,000","0","0","0","0","-13,517,000","0","267,000","14,012,000",,,,,,,,,,,,,,,,,,,,,"45,000","-13,000","-150,000","-239,000","-2,146,000","131,836,000",,,,,,,"1,370,000",,,"40,711,000",,,,,,,,,,,,,,,,,,,,,,,,,,,,,,,,,,,,,,,,,,,,,,,,,,,,,,,,,,,,,,,,,,,,,,
			NetIncomeExtraordinary,,,,,,,,,,,,,,,,,,,,,,,,,,,,,,,,,,"0","0","0","0","0",,,,,,,,,,,,,,,,,,,,,,,,,,,,,,,,,,,,"0",,,"-143,885,000",,,,,"0",,,"-2,151,000","0",,,"2,115,000",,,,,,,,,,,,,,,,,,,,,,,,,,,,,,,,,,,,,,,,,,,,,,,,,,,,,,,,,,
		MinorityInterests,,,,,,,,,,"0","0","0","0","0","-657,000","-1,131,000","-1,541,000","-1,767,000","-789,000","-104,298,000","-98,824,000","-103,960,000","-102,072,000","-93,915,000","-91,513,000","53,731,000","-78,681,000","-74,375,000","-34,893,000","-107,021,000","-49,823,000","-79,161,000","-112,996,000","-93,326,000","-85,342,000","-78,576,000","-53,184,000","-84,333,000","-99,769,000","-88,212,000","-110,597,000","-149,751,000","-100,559,000","-79,624,000","-69,216,000","-64,861,000","-65,006,000","-44,650,000","-32,181,000","-50,552,000","-54,266,000","-39,671,000","-41,264,000","-53,147,000","-95,354,000","-71,097,000","-68,960,000","-58,186,000","-44,998,000","-44,702,000","-45,313,000","-37,380,000","-48,281,000","-100,567,000","-45,497,000",,,,,,,,,,,,,,,,,,,,,,,,,,,,,,,,,,,,,,,,,,,,,,,,,,,,,,,,,,,,,,,,,,,,,,,,,,,,,,,,,,
	PreferredStockDividends,"1,100,000","275,000","275,000","275,000","275,000","275,000","275,000","275,000","275,000","275,000","275,000","275,000","275,000","275,000","275,000","275,000","275,000","274,000","276,000","217,000",,,,,,,,,,,,,,,,,,,,,,,,,,,,,,,,,,,,,,,,,,,,,,,,,,,,,,"0","4,000,000","5,045,000","15,166,000","9,275,000","9,275,000","9,275,000","9,275,000","9,275,000","9,275,000","9,275,000","9,275,000","9,275,000","9,275,000","9,275,000","9,275,000","9,275,000","9,275,000","9,324,000","9,324,000","9,324,000","9,020,000","8,983,000","8,976,000",,"0","100,000","100,000","100,000","100,000","100,000","100,000","100,000","100,000","100,000","100,000","100,000","100,000","100,000","100,000","100,000",,,,,,,,,,,,,,,,,,,,,,,,,,,,,,,,,
	OtherunderPreferredStockDividend,,,,,,,,,,,,,,,,,,,,,,,,,,,,,,,,,,,,,,,,,,,,,,,,,,,,,,,,,,,,,,,,,,,,,,,,,,,,,,,,,,,,,,,,,,,,,,,,,,,,,,,,,,,,,,,,,,,"100,000","100,000","100,000","100,000","100,000","100,000","100,000","100,000","100,000","100,000","100,000","100,000","100,000","100,000","100,000","100,000",,,,,,,,,,,,,,,,,
AverageDilutionEarnings,,,,"0",,,,"0",,,"0","0","0","0","0","0","0",,,,,,,,,,,,,,,,,,,,,,,,,,,,,,,,,,,,,,,,,,,,,,,,,,,,,,,,,,,,,,,,,,,,,,,,,,,,,,,,,,,,,,,,,,,,,,,,,,,,,,,,,,,,,,,,,,,,,,,,,,,,,,,,,,
DilutedNIAvailtoComStockholders,"1,498,606,000","379,098,000","391,743,000","341,864,000","385,901,000","307,754,000","312,041,000","134,046,000","-142,132,000","319,976,000","308,880,000","311,688,000","336,933,000","292,613,000","312,984,000","280,773,000","264,233,000","62,771,000","165,466,000","71,476,000","87,361,000","90,505,000","92,144,000","85,944,000","83,446,000","25,515,000","82,157,000","76,505,000","60,800,000","94,544,000","64,458,000","61,590,000","93,515,000","90,737,000","62,356,000","919,000","112,521,000","111,542,000","65,219,000","60,993,000","122,865,000","115,001,000","60,321,000","55,142,000","130,130,000","83,074,000","55,295,000","41,724,000","154,539,000","93,445,000","48,042,000","41,679,000","163,549,000","68,174,000","58,033,000","41,865,000","143,837,000","102,924,000","13,914,000","35,203,000","152,880,000","74,625,000","24,400,000","77,795,000","129,492,000","229,495,000","184,534,000","24,852,000","107,664,000","98,397,000","20,839,000","17,789,000","105,153,000","62,912,000","595,000","17,503,000","7,267,000","28,649,000","11,444,000","26,108,000","63,323,000","-14,964,000","9,512,000","14,333,000","55,584,000","36,062,000","811,000","17,887,000","53,747,000","6,455,000","-6,896,000","11,872,000","59,208,000","4,926,000","-20,517,000","17,953,000","64,860,000","12,520,000","-4,900,000","13,700,000","38,100,000","12,100,000","-6,000,000","11,600,000","38,400,000","8,300,000","-2,400,000","8,900,000","28,200,000","7,700,000","-3,800,000","5,600,000","26,300,000","7,700,000","-1,700,000","2,700,000","31,100,000","5,900,000","900,000","2,500,000","23,200,000","5,500,000","-700,000","3,500,000","27,900,000","4,800,000","-5,700,000","8,300,000","23,300,000","6,700,000",,,,,,,,,,,,,,,,,
BasicEPS,,,"0.88","0.77","0.87",,"0.7","0.32","-0.34",,"0.75","0.75","0.82",,"0.76","0.68","0.65",,"0.43","0.34","0.41","0.43","0.44","0.41","0.4","0.13","0.39","0.36","0.29","0.45","0.31","0.29","0.45","0.44","0.3","0.004","0.55","0.55","0.32","0.29","0.59",,"0.29","0.26","0.61",,"0.26","0.195","0.73",,"0.23","0.2","0.58",,"0.28","0.2","0.69",,"0.065","0.16","0.69",,"0.11","0.33","0.605",,"0.925","0.125","0.52",,"0.1","0.085","0.53",,"0.005","0.12","0.255",,"0.085","0.145","0.305",,"0.08","0.1","0.273",,"0.008","0.153","0.46","0.053",,"0.095","0.468","0.04",,"0.143","0.515","0.11",,"0.123","0.348","0.11",,"0.105","0.355","0.078",,"0.083","0.263","0.073",,"0.053","0.245","0.073",,"0.025","0.293","0.055",,"0.025","0.218","0.053",,"0.033","0.263","0.045",,"0.078","0.218","0.063",,"0.075","0.255","0.048",,"0.058","0.22","0.013",,"0.04","0.153","0.028",,"0.075","0.223","0.02",
DilutedEPS,,,"0.88","0.77","0.86",,"0.7","0.32","-0.34",,"0.74","0.75","0.81",,"0.75","0.68","0.64",,"0.43","0.33","0.41","0.43","0.43","0.4","0.4","0.12","0.39","0.36","0.29","0.45","0.31","0.29","0.45","0.43","0.3","0.004","0.54","0.53","0.31","0.29","0.58",,"0.285","0.255","0.595",,"0.255","0.195","0.72",,"0.225","0.195","0.58",,"0.275","0.195","0.68",,"0.065","0.155","0.68",,"0.105","0.325","0.585",,"0.85","0.115","0.485",,"0.095","0.085","0.52",,"0.005","0.115","0.14",,"0.085","0.145","0.3",,"0.08","0.1","0.27",,"0.008","0.138","0.32","0.053",,"0.095","0.333","0.04",,"0.13","0.358","0.11",,"0.123","0.348","0.11",,"0.105","0.355","0.078",,"0.083","0.263","0.073",,"0.053","0.245","0.073",,"0.025","0.293","0.055",,"0.025","0.218","0.053",,"0.033","0.263","0.045",,"0.078","0.218","0.063",,"0.075","0.255","0.048",,"0.058","0.22","0.013",,"0.04","0.153","0.028",,"0.075","0.223","0.02",
BasicAverageShares,,,"446,634,000","446,337,000","445,894,000",,"445,103,000","419,722,000","414,282,000",,"413,816,000","413,606,000","412,908,000",,"412,117,000","411,946,000","409,676,000",,"380,907,000","211,785,000","211,619,000","211,398,000","211,309,000","211,075,000","210,781,000","210,417,000","210,296,000","210,204,000","209,874,000","209,541,000","209,489,000","209,403,000","209,130,000","206,319,000","206,235,000","206,143,000","205,479,000","204,648,000","205,005,000","207,292,000","207,618,000",,"206,606,000","210,674,000","214,040,000",,"212,886,000","212,712,000","212,264,000",,"210,840,000","210,670,000","210,324,000",,"208,892,000","208,680,000","208,340,000",,"207,764,000","221,758,000","221,736,000",,"226,400,000","234,846,000","214,286,000",,"199,788,000","202,286,000","207,332,000",,"205,828,000","205,090,000","198,232,000",,"155,730,000","148,824,000","167,466,000",,"199,914,000","199,754,000","200,140,000",,"199,042,000","198,814,000","198,428,000",,"116,800,000","116,784,000","116,968,000","122,664,000",,"63,268,000","63,188,000","126,140,000",,"126,144,000","125,864,000","113,072,000",,"111,836,735","109,640,288","110,000,000",,"110,476,190","108,169,014","107,096,774",,"107,878,788","107,428,571","106,206,897",,"106,666,667","107,346,939","106,206,897",,"108,000,000","106,324,786","107,272,727",,"100,000,000","106,666,667","104,761,905",,"107,692,308","106,285,714","106,666,667",,"107,096,774","107,126,437","107,200,000",,"112,208,000","112,208,000","112,208,000",,"112,208,000","112,208,000","112,080,000",,"111,904,000","111,136,000","110,280,000",,"110,256,000","109,176,000","107,944,000",
DilutedAverageShares,,,"447,635,000","446,903,000","446,885,000",,"445,510,000","420,116,000","415,348,000",,"415,578,000","415,049,000","415,233,000",,"414,847,000","414,641,000","412,173,000",,"383,419,000","214,012,000","213,602,000","213,157,000","212,870,000","212,618,000","211,071,000","210,683,000","210,524,000","210,477,000","210,467,000","210,285,000","210,759,000","210,516,000","210,166,000","210,552,000","209,893,000","208,874,000","209,458,000","209,243,000","209,960,000","211,784,000","211,852,000",,"211,940,000","216,060,000","218,358,000",,"215,302,000","215,676,000","214,820,000",,"212,976,000","211,900,000","211,466,000",,"211,272,000","212,144,000","211,642,000",,"211,862,000","225,972,000","225,448,000",,"229,840,000","238,052,000","221,512,000",,"217,204,000","218,124,000","222,002,000",,"213,884,000","207,942,000","202,596,000",,"157,402,000","194,050,000","197,028,000",,"201,146,000","201,414,000","200,552,000",,"199,266,000","199,466,000","199,192,000",,"116,816,000","196,584,000","196,756,000","122,724,000",,"63,280,000","103,374,000","126,312,000",,"206,356,000","206,304,000","113,072,000",,"111,836,735","109,640,288","110,000,000",,"110,476,190","108,169,014","107,096,774",,"107,878,788","107,428,571","106,206,897",,"106,666,667","107,346,939","106,206,897",,"108,000,000","106,324,786","107,272,727",,"100,000,000","106,666,667","104,761,905",,"107,692,308","106,285,714","106,666,667",,"107,096,774","107,126,437","107,200,000",,"112,208,000","112,208,000","112,208,000",,"112,208,000","112,208,000","112,080,000",,"111,904,000","111,136,000","110,280,000",,"110,256,000","109,176,000","107,944,000",
TotalOperatingIncomeAsReported,"2,596,259,000","652,167,000","667,859,000","611,512,000","664,721,000","538,663,000","550,433,000","355,730,000","-83,469,000","487,314,000","482,151,000","476,146,000","468,742,000","471,865,000","495,534,000","448,366,000","419,699,000","397,836,000","351,906,000","316,733,000","314,420,000","329,600,000","329,357,000","315,285,000","311,434,000","242,017,000","284,935,000","272,744,000","196,463,000","306,747,000","291,392,000","251,315,000","294,117,000","294,621,000","230,081,000","128,183,000","273,849,000","300,189,000","243,333,000","233,113,000","325,865,000","363,079,000","248,881,000","216,917,000","330,546,000","241,068,000","186,904,000","178,713,000","337,332,000","273,055,000","173,778,000","154,804,000","293,003,000","217,693,000","190,869,000","173,016,000","333,110,000","255,711,000","102,711,000","136,114,000","326,098,000","202,586,000","119,535,000","154,481,000","311,548,000","173,061,000","123,214,000","68,631,000","199,591,000","181,793,000","59,503,000","53,606,000","195,108,000","119,798,000","31,820,000","62,009,000","232,437,000","74,949,000","69,264,000","84,317,000","142,948,000","24,511,000","56,225,000","71,942,000","142,378,000","100,163,000","49,081,000","77,632,000","107,057,000","46,077,000","19,281,000","45,166,000","125,137,000","34,992,000","-6,836,000","50,050,000","131,249,000","28,486,000","-1,400,000","29,900,000","71,200,000","28,700,000","-1,800,000","27,900,000","71,500,000","22,800,000","4,000,000","23,200,000","55,800,000","21,900,000","1,600,000","16,600,000","51,800,000","21,400,000",,,,,,,,,,,,,,,,,,,,,,,,,,,,,,,,,
TotalExpenses,"13,945,444,000","4,768,272,000","3,868,786,000","2,778,159,000","2,530,227,000","2,029,505,000","1,623,848,000","1,305,338,000","1,616,321,000","2,176,599,000","1,781,093,000","1,978,471,000","2,311,276,000","2,665,088,000","2,898,519,000","2,512,259,000","2,682,467,000","3,394,342,000","2,538,764,000","2,409,676,000","2,435,184,000","2,324,959,000","2,034,294,000","1,818,409,000","1,467,231,000","1,611,451,000","1,613,285,000","1,855,430,000","1,608,837,000","2,543,087,000","2,830,287,000","2,815,551,000","2,869,194,000","3,857,029,000","3,341,866,000","3,221,332,000","3,267,637,000","3,366,471,000","2,785,442,000","2,296,147,000","3,078,480,000","3,466,951,000","3,346,241,000","3,297,347,000","3,536,342,000","3,118,732,000","2,771,925,000","2,628,145,000","3,585,849,000","3,457,966,000","2,189,778,000","2,076,585,000","2,497,488,000","2,625,552,000","4,048,377,000","3,999,850,000","4,568,966,000","3,729,257,000","2,707,286,000","2,735,190,000","3,472,908,000","2,865,094,000","2,521,342,000","2,277,426,000","3,606,774,000","4,523,132,000","3,068,992,000","2,052,489,000","2,553,272,000","2,416,811,000","1,667,259,000","578,533,000","835,467,000","729,230,000","536,450,000","404,530,000","852,784,000","480,662,000","396,129,000","1,087,127,000","1,322,710,000","1,292,616,000","1,070,964,000","1,330,457,000","2,813,878,000","2,572,305,000","1,705,709,000","1,309,498,000","716,892,000","487,405,000","437,811,000","372,914,000","467,527,000","352,479,000","361,976,000","393,998,000","590,805,000","285,674,000","209,300,000","201,700,000","402,500,000","220,100,000","233,200,000","261,800,000","393,200,000","215,700,000","187,800,000","281,300,000","231,500,000","144,400,000","127,700,000","173,900,000","243,600,000","155,800,000",,,,,,,,,,,,,,,,,,,,,,,,,,,,,,,,,
NetIncomeFromContinuingAndDiscontinuedOperation,"1,499,706,000","379,373,000","392,018,000","342,139,000","386,176,000","308,029,000","312,316,000","134,321,000","-141,857,000","320,251,000","309,155,000","311,963,000","337,208,000","292,888,000","313,259,000","281,048,000","264,508,000","63,045,000","165,742,000","71,693,000","87,361,000","90,505,000","92,144,000","85,944,000","83,446,000","25,515,000","82,157,000","76,505,000","60,800,000","94,544,000","64,458,000","61,590,000","93,515,000","90,737,000","62,356,000","919,000","112,521,000","98,025,000","65,219,000","60,993,000","122,865,000","115,001,000","60,321,000","55,142,000","130,130,000","83,074,000","55,295,000","41,724,000","154,539,000","93,445,000","48,042,000","41,679,000","163,549,000","68,174,000","58,033,000","41,865,000","143,837,000","102,924,000","13,914,000","35,203,000","152,880,000","74,625,000","24,400,000","77,795,000","129,492,000","229,495,000","184,534,000","24,852,000","107,664,000","98,397,000","20,839,000","17,789,000","105,153,000","62,912,000","4,595,000","22,548,000","166,318,000","37,924,000","20,719,000","35,383,000","72,598,000","-5,689,000","18,787,000","23,608,000","67,010,000","45,337,000","10,086,000","27,162,000","60,907,000","15,730,000","2,379,000","21,196,000","68,532,000","14,250,000","-11,497,000","26,936,000","73,836,000","12,520,000","-4,900,000","13,800,000","38,200,000","12,200,000","-5,900,000","11,700,000","38,500,000","8,400,000","-2,300,000","9,000,000","28,300,000","7,800,000","-3,700,000","5,700,000","26,400,000","7,800,000","-1,600,000","2,800,000","31,200,000","6,000,000","1,000,000","2,600,000","23,300,000","5,600,000","-600,000","3,600,000","28,000,000","4,900,000","-5,600,000","8,400,000","23,400,000","6,800,000",,,,,,,,,,,,,,,,,
NormalizedIncome,"1,497,381,090.033","379,265,090.596","391,471,069.453","341,281,776.141","385,354,733.65","308,864,698.514","310,003,851.592","131,147,300.128","308,442,534.793","304,984,333.102","297,133,150.546","301,346,032.792","327,053,794.432","289,213,233.357","311,408,931.729","280,361,080.252","264,259,712.507","63,013,800","178,327,562.056","71,165,431.283","87,356,367.111","90,723,760.639","88,240,947.431","86,490,834.173","80,961,937.241","181,985,600","86,462,423.565","75,990,111.573","60,373,717.173","89,009,853.249","62,181,556.208","68,635,932.9","81,504,196.59","74,664,179.059","57,264,816.075","-4,916,027.58","106,032,743.894","106,339,160.599","59,311,696.433","62,584,677.021","110,077,117.509","107,956,746.042","70,656,519.591","55,167,229.549","129,402,242.355","93,209,014.525","38,478,670.924","46,583,282.281","153,156,502.456","97,602,395.522","36,606,349.796","30,010,922.443","159,023,247.798","80,597,450","24,280,598.74","30,228,050","127,748,544.887","91,817,444.286","-3,130,839.289","17,233,577.936","133,396,148.959","63,032,471.47","5,956,823.09","-3,421,969.741","125,582,639.375","73,246,891.493","50,490,179.513","24,850,169.641","104,878,185.738","95,685,665.174","20,661,667.342","17,322,347.786","105,015,772.529","61,299,098.472","4,125,138.962","21,920,400","125,152,091.241","29,682,600","25,086,927.242","32,304,400","73,048,429.657","-4,943,822.103","21,155,059.619","23,239,481.067","64,566,946.328","40,124,413.769","11,173,005.888","28,672,200","52,152,227.955","15,730,000","1,391,400","21,196,000","68,532,000","14,250,000","-11,497,000","26,936,000","73,836,000","12,520,000","-4,900,000","13,800,000","38,200,000","12,200,000","-5,900,000","11,700,000","38,500,000","8,400,000","-2,300,000","9,000,000","28,300,000","7,800,000","-3,700,000","5,700,000","26,400,000","7,800,000","-1,600,000","2,800,000","31,200,000","6,000,000","1,000,000","2,600,000","23,300,000","5,600,000","-600,000","3,600,000","28,000,000","4,900,000","-5,600,000","8,400,000","23,400,000","6,800,000",,,,,,,,,,,,,,,,,
InterestExpense,"732,924,000","178,395,000","184,049,000","184,957,000","185,523,000","176,931,000","176,371,000","218,968,000","140,616,000","129,283,000","129,577,000","117,493,000","115,420,000","118,489,000","121,910,000","113,496,000","115,725,000","124,190,000","126,533,000","118,473,000","116,462,000","114,188,000","118,240,000","118,976,000","118,247,000","110,730,000","106,923,000","102,384,000","96,750,000","86,459,000","86,052,000","88,751,000","94,901,000","90,130,000","81,908,000","81,731,000","80,437,000","83,591,000","71,364,000","71,535,000","75,815,000","68,318,000","73,841,000","75,498,000","79,349,000","69,451,000","70,907,000","75,361,000","76,520,000","76,780,000","72,689,000","73,392,000","77,961,000",,,,,,,,,,,,,,,,,,,,,,,,,,,,,,,,,,,,,,,,,,,,,,,,,,,,,,,,,,,,,,,,,,,,,,,,,,,,,,,,,,,,,,,,,,,,,,
NetInterestIncome,"-732,924,000","-178,395,000","-184,049,000","-184,957,000","-185,523,000","-176,931,000","-176,371,000","-218,968,000","-140,616,000","-129,283,000","-129,577,000","-117,493,000","-115,420,000","-118,489,000","-121,910,000","-113,496,000","-115,725,000","-124,190,000","-126,533,000","-118,473,000","-116,462,000","-114,188,000","-118,240,000","-118,976,000","-118,247,000","-110,730,000","-106,923,000","-102,384,000","-96,750,000","-86,459,000","-86,052,000","-88,751,000","-94,901,000","-90,130,000","-81,908,000","-81,731,000","-80,437,000","-83,591,000","-71,364,000","-71,535,000","-75,815,000","-68,318,000","-73,841,000","-75,498,000","-79,349,000","-69,451,000","-70,907,000","-75,361,000","-76,520,000","-76,780,000","-72,689,000","-73,392,000","-77,961,000",,,,,,,,,,,,,,,,,,,,,,,,,,,,,,,,,,,,,,,,,,,,,,,,,,,,,,,,,,,,,,,,,,,,,,,,,,,,,,,,,,,,,,,,,,,,,,
EBIT,"2,717,128,000","688,166,000","697,966,000","637,165,000","693,831,000","580,167,000","595,242,000","396,429,000","-56,636,000","547,714,000","536,097,000","528,391,000","530,562,000","507,995,000","538,809,000","483,206,000","457,545,000","440,371,000","390,192,000","338,308,000","357,588,000","363,819,000","368,044,000","351,520,000","344,224,000","97,103,000","309,919,000","301,626,000","230,015,000","343,228,000","238,362,000","279,824,000","314,622,000","329,347,000","269,055,000","162,588,000","313,559,000","337,826,000","278,936,000","260,885,000","369,104,000","401,988,000","268,475,000","246,429,000","363,676,000","272,896,000","221,173,000","192,783,000","360,551,000","284,321,000","209,077,000","185,000,000","320,949,000","217,693,000","190,869,000","173,016,000","333,110,000","255,711,000","102,711,000","136,114,000","326,098,000","202,586,000","119,535,000","154,481,000","311,548,000","173,061,000","123,214,000","68,631,000","199,591,000","181,793,000","59,503,000","53,606,000","195,108,000","119,798,000","31,820,000","62,009,000","232,437,000","74,949,000","69,264,000","84,317,000","142,948,000","24,511,000","56,225,000","71,942,000","142,378,000","100,163,000","49,081,000","77,632,000","107,057,000","46,077,000","19,281,000","45,166,000","125,137,000","34,992,000","-6,836,000","50,050,000","131,249,000","28,486,000","-1,400,000","29,900,000","71,200,000","28,700,000","-1,800,000","27,900,000","71,500,000","22,800,000","4,000,000","23,200,000","55,800,000","21,900,000","1,600,000","16,600,000","51,800,000","21,400,000","128,200,000","187,500,000","313,900,000","159,500,000","107,100,000","150,500,000","264,600,000","154,800,000","122,000,000","146,500,000","279,800,000","141,100,000","105,100,000","155,100,000","266,400,000","141,400,000","104,700,000","143,400,000","242,000,000","128,200,000","7,600,000","133,700,000","230,100,000","111,100,000","88,900,000","123,700,000","230,900,000","143,500,000","108,200,000","166,100,000","289,600,000","172,900,000","174,200,000"
EBITDA,"3,338,829,000"
ReconciledCostOfRevenue,"12,878,356,000","4,472,157,000","3,603,669,000","2,523,900,000","2,278,630,000","1,779,734,000","1,418,919,000","1,080,874,000","1,409,281,000","1,917,324,000","1,535,958,000","1,740,758,000","2,070,535,000","2,428,748,000","2,668,148,000","2,282,106,000","2,472,263,000","3,177,533,000","2,331,714,000","2,191,871,000","2,243,262,000","2,120,780,000","1,850,143,000","1,626,570,000","1,290,216,000","1,426,665,000","1,449,108,000","1,690,080,000","1,429,819,000","2,361,828,000","2,657,792,000","2,643,529,000","2,720,083,000","3,596,491,000","3,105,004,000","2,987,702,000","3,008,214,000","3,391,448,000","2,474,803,000","1,980,298,000","2,771,005,000","3,137,942,000","3,061,198,000","2,992,828,000","3,233,339,000","2,812,474,000","2,491,334,000","2,349,053,000","3,304,648,000","3,149,206,000","1,912,882,000","1,795,201,000","2,238,416,000","2,369,484,000","3,784,220,000","3,752,038,000","4,316,164,000","3,447,569,000","2,469,837,000","2,504,795,000","3,234,379,000","2,596,571,000","2,291,890,000","2,043,358,000","3,343,173,000","4,300,915,000","2,866,456,000","1,857,789,000","2,353,298,000","2,223,270,000","1,480,662,000","402,087,000","637,816,000","542,320,000","373,888,000","234,103,000","675,563,000","367,166,000","239,606,000","915,954,000","1,157,599,000","1,122,648,000","923,096,000","1,208,687,000","2,688,329,000","2,465,822,000","1,578,981,000","1,020,233,000","558,296,000","338,994,000","293,627,000","259,273,000","363,288,000","239,836,000","253,000,000","286,131,000","472,430,000","208,954,000","81,300,000","138,000,000","344,100,000","147,400,000","151,200,000","181,400,000","323,800,000","151,300,000","112,100,000","210,100,000","163,500,000","82,200,000","56,800,000","108,500,000","179,900,000","87,200,000",,,,,,,,,,,,,,,,,,,,,,,,,,,,,,,,,
ReconciledDepreciation,"621,701,000","153,118,000","154,542,000","156,921,000","157,120,000","152,648,000","153,245,000","140,416,000","132,353,000","125,983,000","121,430,000","114,964,000","114,158,000","110,649,000","107,383,000","106,288,000","104,237,000","103,769,000","102,298,000","100,849,000","99,419,000","99,310,000","98,550,000","99,247,000","94,478,000","93,379,000","88,299,000","86,987,000","85,955,000","80,555,000","74,588,000","72,127,000","78,768,000","108,034,000","94,267,000","91,855,000","90,221,000","86,415,000","81,434,000","84,586,000","83,417,000","78,087,000","75,986,000","78,824,000","79,391,000","76,717,000","77,233,000","75,511,000","77,856,000","73,298,000","72,318,000","71,249,000","72,126,000","64,498,000","60,249,000","59,701,000","59,479,000","59,506,000","56,364,000","55,644,000","56,450,000","56,654,000","55,469,000","53,994,000","69,426,000","48,342,000","31,391,000","52,165,000","51,496,000","48,452,000","47,307,000","46,226,000","46,740,000","40,620,000","40,105,000","39,709,000","40,427,000","18,373,000","45,321,000","45,547,000","40,723,000","43,443,000","40,166,000","37,524,000","37,287,000","36,427,000","36,068,000","37,161,000","34,327,000","32,547,000","33,162,000","33,607,000","31,797,000","31,138,000","26,300,000","28,301,000","29,539,000","17,513,000",,,,,,,,,,,,,,,,,,,,,,,,,,,,,,,,,,,,,,,,,,,,,,,,,
NetIncomeFromContinuingOperationNetMinorityInterest,"1,499,706,000","379,373,000","392,018,000","342,139,000","386,176,000","308,029,000","312,316,000","134,321,000","-141,857,000","320,251,000","309,155,000","311,963,000","337,208,000","292,888,000","313,259,000","281,048,000","264,508,000","63,045,000","165,742,000","71,693,000","87,361,000","90,801,000","92,720,000","86,171,000","84,398,000","27,452,000","86,017,000","76,645,000","60,944,000","93,745,000","64,629,000","69,599,000","91,741,000","90,737,000","62,356,000","919,000","112,521,000","111,542,000","65,219,000","60,726,000","108,853,000","112,771,000","60,321,000","55,142,000","130,130,000","83,074,000","55,295,000","41,724,000","154,539,000","93,445,000","48,042,000","41,679,000","163,549,000","68,174,000","58,033,000","41,865,000","143,837,000","102,924,000","13,914,000","35,203,000","152,880,000","74,580,000","24,413,000","77,945,000","129,731,000","231,641,000","52,698,000","24,852,000","107,664,000","98,397,000","20,839,000","17,789,000","105,153,000","61,542,000","4,595,000","22,548,000","125,607,000","27,276,000","20,719,000","35,383,000","72,598,000","-5,689,000","18,787,000","23,608,000","67,010,000","45,337,000","10,086,000","27,162,000","60,907,000","15,730,000","2,379,000","21,196,000","68,532,000","14,250,000","-11,497,000","26,936,000","73,836,000","12,520,000","-4,900,000","13,800,000","38,200,000","12,200,000","-5,900,000","11,700,000","38,500,000","8,400,000","-2,300,000","9,000,000","28,300,000","7,800,000","-3,700,000","5,700,000","26,400,000","7,800,000","-1,600,000","2,800,000","31,200,000","6,000,000","1,000,000","2,600,000","23,300,000","5,600,000","-600,000","3,600,000","28,000,000","4,900,000","-5,600,000","8,400,000","23,400,000","6,800,000",,,,,,,,,,,,,,,,,
TotalUnusualItemsExcludingGoodwill,"3,076,000","145,000","717,000","1,133,000","1,081,000","-1,094,000","3,101,000","4,193,000","-626,141,000","19,947,000","15,808,000","13,984,000","12,501,000","4,887,000","2,457,000","900,000","319,000","52,000","-19,926,000","659,000","6,000","99,000","5,744,000","-413,000","4,414,000","-257,556,000","-549,000","864,000","793,000","6,056,000","3,257,000","1,237,000","10,986,000","20,889,000","6,451,000","5,935,000","9,128,000","6,753,000","7,432,000","-2,363,000","-1,636,000","6,119,000","-12,504,000","-32,000","1,038,000","-13,938,000","21,005,000","-6,606,000","2,103,000","-5,992,000","15,245,000","16,008,000","6,724,000","-19,113,000","47,729,000","17,903,000","26,420,000","17,085,000","27,014,000","29,817,000","31,954,000","18,710,000","30,345,000","135,272,000","6,711,000","251,121,000","3,582,000","3,000","4,510,000","4,313,000","294,000","772,000","224,000","373,000","780,000","1,046,000","741,000","-4,011,000","-7,012,000","5,131,000","-720,000","-1,075,000","-2,406,000","566,000","3,967,000","8,340,000","-1,629,000","-2,517,000","14,281,000",,"1,646,000",,,,,,,,,,,,,,,,,,,,,,,,,,,,,,,,,,,,,,,,,,,,,,,,,,,,,,,,
TotalUnusualItems,"3,076,000","145,000","717,000","1,133,000","1,081,000","-1,094,000","3,101,000","4,193,000","-626,141,000","19,947,000","15,808,000","13,984,000","12,501,000","4,887,000","2,457,000","900,000","319,000","52,000","-19,926,000","659,000","6,000","99,000","5,744,000","-413,000","4,414,000","-257,556,000","-549,000","864,000","793,000","6,056,000","3,257,000","1,237,000","10,986,000","20,889,000","6,451,000","5,935,000","9,128,000","6,753,000","7,432,000","-2,363,000","-1,636,000","6,119,000","-12,504,000","-32,000","1,038,000","-13,938,000","21,005,000","-6,606,000","2,103,000","-5,992,000","15,245,000","16,008,000","6,724,000","-19,113,000","47,729,000","17,903,000","26,420,000","17,085,000","27,014,000","29,817,000","31,954,000","18,710,000","30,345,000","135,272,000","6,711,000","251,121,000","3,582,000","3,000","4,510,000","4,313,000","294,000","772,000","224,000","373,000","780,000","1,046,000","741,000","-4,011,000","-7,012,000","5,131,000","-720,000","-1,075,000","-2,406,000","566,000","3,967,000","8,340,000","-1,629,000","-2,517,000","14,281,000",,"1,646,000",,,,,,,,,,,,,,,,,,,,,,,,,,,,,,,,,,,,,,,,,,,,,,,,,,,,,,,,
NormalizedEBITDA,"3,335,753,000","841,139,000","851,791,000","792,953,000","849,870,000","733,909,000","745,386,000","532,652,000","701,858,000","653,750,000","641,719,000","629,371,000","632,219,000","613,757,000","643,735,000","588,594,000","561,463,000","544,088,000","512,416,000","438,498,000","457,001,000","463,030,000","460,850,000","451,180,000","434,288,000","448,038,000","398,767,000","387,749,000","315,177,000","417,727,000","309,693,000","350,714,000","382,404,000","416,492,000","356,871,000","248,508,000","394,652,000","417,488,000","352,938,000","347,834,000","454,157,000","473,956,000","356,965,000","325,285,000","442,029,000","363,551,000","277,402,000","274,900,000","436,304,000","363,611,000","266,150,000","240,241,000","386,351,000","301,304,000","203,389,000","214,814,000","366,169,000","298,132,000","132,061,000","161,941,000","350,594,000","240,530,000","144,659,000","86,303,000","374,263,000","-29,718,000","167,774,000","120,793,000","246,577,000","225,932,000","106,516,000","99,060,000","241,624,000","160,045,000","71,145,000","100,672,000","272,123,000","97,333,000","121,597,000","124,733,000","184,391,000","69,029,000","98,797,000","109,232,000","175,698,000","128,250,000","86,778,000","117,310,000","127,103,000","78,624,000","50,797,000","78,773,000","156,934,000","66,130,000","24,065,000","78,351,000","160,788,000","45,999,000","17,400,000","49,600,000","90,200,000","45,700,000","14,700,000","57,700,000","84,700,000","36,300,000","13,200,000","37,000,000","70,200,000","34,900,000","16,500,000","29,100,000","64,800,000","34,500,000","128,200,000","187,500,000","313,900,000","159,500,000","107,100,000","150,500,000","264,600,000","154,800,000","122,000,000","146,500,000","279,800,000","141,100,000","105,100,000","155,100,000","266,400,000","141,400,000","104,700,000","143,400,000","242,000,000","128,200,000","7,600,000","133,700,000","230,100,000","111,100,000","88,900,000","123,700,000","230,900,000","143,500,000","108,200,000","166,100,000","289,600,000","172,900,000","174,200,000"
TaxRateForCalcs,"0.244","0.256","0.237","0.243","0.24","0.236","0.254","0.243","0.281","0.235","0.24","0.241","0.188","0.248","0.247","0.237","0.222","0.4","0.368","0.199","0.228","0.22","0.22","0.226","0.222","0.4","0.189","0.242","0.281","0.218","0.249","0.221","0.068","0.231","0.211","0.017","0.289","0.23","0.205","0.213","0.252","0.213","0.173","0.212","0.299","0.273","0.199","0.264","0.343","0.306","0.25","0.271","0.327","0.35","0.293","0.35","0.391","0.35","0.369","0.397","0.39","0.383","0.392","0.398","0.382","0.369","0.384","0.39","0.382","0.371","0.397","0.396","0.387","0.349","0.398","0.4","0.386","0.4","0.377","0.4","0.374","0.307","0.016","0.349","0.384","0.375","0.333","0.4","0.387","0.388","0.4","0.341","0.394","0.397","0.292","0.391","0.387","0.373","0.4","0.373","0.384","0.387","0.398","0.397","0.382","0.387","0.4","0.348","0.386","0.381","0.4","0.305","0.385","0.381","0.4","0.4","0.4","0.4","0.4","0.4","0.4","0.4","0.4","0.4","0.4","0.4","0.4","0.4","0.4","0.4",,,,,,,,,,,,,,,,,
TaxEffectOfUnusualItems,"751,090.033","37,090.596","170,069.453","275,776.141","259,733.65","-258,301.486","788,851.592","1,019,300.128","-175,841,465.207","4,680,333.102","3,786,150.546","3,367,032.792","2,346,794.432","1,212,233.357","606,931.729","213,080.252","70,712.507","20,800","-7,340,437.944","131,431.283","1,367.111","21,760.639","1,264,947.431","-93,165.827","977,937.241","-103,022,400","-103,576.435","209,111.573","222,717.173","1,320,853.249","809,556.208","273,932.9","749,196.59","4,816,179.059","1,359,816.075","99,972.42","2,639,743.894","1,550,160.599","1,524,696.433","-504,322.979","-411,882.491","1,304,746.042","-2,168,480.409","-6,770.451","310,242.355","-3,802,985.475","4,188,670.924","-1,746,717.719","720,502.456","-1,834,604.478","3,809,349.796","4,339,922.443","2,198,247.798","-6,689,550","13,976,598.74","6,266,050","10,331,544.887","5,978,444.286","9,969,160.711","11,847,577.936","12,470,148.959","7,162,471.47","11,888,823.09","53,905,030.259","2,562,639.375","92,726,891.493","1,374,179.513","1,169.641","1,724,185.738","1,601,665.174","116,667.342","305,347.786","86,772.529","130,098.472","310,138.962","418,400","286,091.241","-1,604,400","-2,644,072.758","2,052,400","-269,570.343","-329,822.103","-37,940.381","197,481.067","1,523,946.328","3,127,413.769","-541,994.112","-1,006,800","5,526,227.955","0","658,400","0","0","0","0","0","0","0","0","0","0","0","0","0","0","0","0","0","0","0","0","0","0","0","0","0","0","0","0","0","0","0","0","0","0","0","0","0","0","0",,,,,,,,,,,,,,,,,