name,ttm,12/31/2021,09/30/2021,06/30/2021,03/31/2021,12/31/2020,09/30/2020,06/30/2020,03/31/2020,12/31/2019,09/30/2019,06/30/2019,03/31/2019,12/31/2018,09/30/2018,06/30/2018,03/31/2018,12/31/2017,09/30/2017,06/30/2017,03/31/2017,12/31/2016,09/30/2016,06/30/2016,03/31/2016,12/31/2015,09/30/2015,06/30/2015,03/31/2015,12/31/2014,09/30/2014,06/30/2014,03/31/2014,12/31/2013,09/30/2013,06/30/2013,03/31/2013,12/31/2012,09/30/2012,06/30/2012,03/31/2012,12/31/2011,09/30/2011,06/30/2011,03/31/2011,12/31/2010,09/30/2010,06/30/2010,03/31/2010,12/31/2009,09/30/2009,06/30/2009,03/31/2009,12/31/2008,09/30/2008,06/30/2008,03/31/2008,12/31/2007,09/30/2007,06/30/2007,03/31/2007,12/31/2006,09/30/2006,06/30/2006,03/31/2006,12/31/2005,09/30/2005,06/30/2005,03/31/2005,12/31/2004,09/30/2004,06/30/2004,03/31/2004,12/31/2003,09/30/2003,06/30/2003,03/31/2003,12/31/2002,09/30/2002,06/30/2002,03/31/2002,12/31/2001,09/30/2001,06/30/2001,03/31/2001,12/31/2000,09/30/2000,06/30/2000,03/31/2000,12/31/1999,09/30/1999,06/30/1999,03/31/1999,12/31/1998,09/30/1998,06/30/1998,03/31/1998,12/31/1997,09/30/1997,06/30/1997,03/31/1997,12/31/1996,09/30/1996,06/30/1996,03/31/1996,12/31/1995,09/30/1995,06/30/1995,03/31/1995,12/31/1994,09/30/1994,06/30/1994,03/31/1994,12/31/1993,09/30/1993,06/30/1993,03/31/1993,12/31/1992,09/30/1992,06/30/1992,03/31/1992,12/31/1991,09/30/1991,06/30/1991,03/31/1991,12/31/1990,09/30/1990,06/30/1990,03/31/1990,12/31/1989,09/30/1989,06/30/1989,03/31/1989,12/31/1988,09/30/1988,06/30/1988,03/31/1988,12/31/1987,09/30/1987,06/30/1987,03/31/1987,12/31/1986,09/30/1986,06/30/1986,03/31/1986,12/31/1985,09/30/1985
TotalRevenue,"14,289,400,000","3,855,800,000","3,435,000,000","3,571,600,000","3,426,900,000","3,757,000,000","3,206,500,000","2,800,700,000","3,406,900,000","4,141,200,000","3,623,800,000","3,719,800,000","3,468,900,000","4,086,700,000","3,714,300,000","3,859,600,000","3,629,600,000","4,176,500,000","3,719,500,000","3,790,100,000","3,587,400,000","4,241,800,000","3,791,100,000","3,884,900,000","3,499,100,000","4,153,300,000","3,706,600,000","3,805,300,000","3,469,200,000","4,195,100,000","3,749,600,000","3,870,900,000","3,502,200,000","4,058,100,000","3,490,500,000","3,637,000,000","3,398,900,000","3,944,600,000","3,406,600,000","3,561,000,000","3,307,300,000","3,852,900,000","3,380,900,000","3,487,400,000","3,151,300,000","3,586,800,000","2,994,600,000","3,041,200,000","2,920,000,000","3,265,800,000","2,837,600,000","2,870,700,000","2,746,600,000","3,371,400,000","3,316,200,000","3,476,900,000","3,195,400,000","3,625,900,000","3,101,400,000","3,126,100,000","2,840,600,000","3,216,200,000","2,774,300,000","2,823,400,000","2,562,900,000","2,939,400,000","2,522,900,000","2,615,800,000","2,403,000,000","2,789,100,000","2,319,000,000","2,407,800,000","2,231,400,000","2,506,048,000","2,028,603,000","2,149,508,000","1,937,245,000","2,118,845,000","1,768,459,000","1,916,569,000","1,732,426,000","1,970,473,000","1,571,012,000","1,746,788,000","1,601,134,000","1,802,447,000","1,452,523,000","1,520,245,000","1,379,015,000","1,502,400,000","1,210,900,000","1,270,400,000","1,146,900,000","1,197,900,000","981,600,000","1,051,500,000","861,000,000","895,000,000","746,800,000","786,300,000","696,600,000","751,900,000","631,800,000","666,500,000","567,000,000","650,500,000","537,700,000","526,000,000","459,900,000","532,200,000","422,300,000","425,200,000","376,500,000","456,100,000","339,500,000","381,800,000","321,200,000","401,000,000","327,800,000","347,600,000","308,900,000","376,300,000","275,400,000","301,800,000","282,800,000","323,800,000","281,600,000","298,500,000","274,300,000","292,600,000","246,600,000","232,000,000","216,400,000","248,000,000","204,800,000","223,600,000","205,000,000","248,400,000","185,600,000","200,300,000","177,200,000","211,700,000","178,500,000","60,800,000","54,800,000","64,600,000","49,400,000"
	OperatingRevenue,"14,289,400,000","3,855,800,000","3,435,000,000","3,571,600,000","3,426,900,000","3,757,000,000","3,206,500,000","2,800,700,000","3,406,900,000","4,141,200,000","3,623,800,000","3,719,800,000","3,468,900,000","4,086,700,000","3,714,300,000","3,859,600,000","3,629,600,000","4,176,500,000","3,719,500,000","3,790,100,000","3,587,400,000","4,241,800,000","3,791,100,000","3,884,900,000","3,499,100,000","4,153,300,000","3,706,600,000","3,805,300,000","3,469,200,000","4,195,100,000","3,749,600,000","3,870,900,000","3,502,200,000","4,058,100,000","3,490,500,000","3,637,000,000","3,398,900,000","3,944,600,000","3,406,600,000","3,561,000,000","3,307,300,000","3,852,900,000","3,380,900,000","3,487,400,000","3,151,300,000","3,586,800,000","2,994,600,000","3,041,200,000","2,920,000,000","3,265,800,000","2,837,600,000","2,870,700,000","2,746,600,000","3,371,400,000","3,316,200,000","3,476,900,000","3,195,400,000","3,625,900,000","3,101,400,000","3,126,100,000","2,840,600,000","3,216,200,000","2,774,300,000","2,823,400,000","2,562,900,000","2,939,400,000","2,522,900,000","2,615,800,000","2,403,000,000","2,789,100,000","2,319,000,000","2,407,800,000","2,231,400,000","2,506,048,000","2,028,603,000","2,149,508,000","1,937,245,000","2,118,845,000","1,768,459,000","1,916,569,000","1,732,426,000","1,970,473,000","1,571,012,000","1,746,788,000","1,601,134,000","1,802,447,000","1,452,523,000","1,520,245,000","1,379,015,000","1,502,400,000","1,210,900,000","1,270,400,000","1,146,900,000","1,197,900,000","981,600,000","1,051,500,000","861,000,000","895,000,000","746,800,000","786,300,000","696,600,000","751,900,000","631,800,000","666,500,000","567,000,000","650,500,000","537,700,000","526,000,000","459,900,000","532,200,000","422,300,000","425,200,000","376,500,000","456,100,000","339,500,000","381,800,000","321,200,000","401,000,000","327,800,000","347,600,000","308,900,000","376,300,000","275,400,000","301,800,000","282,800,000","323,800,000","281,600,000","298,500,000","274,300,000","292,600,000","246,600,000","232,000,000","216,400,000","248,000,000","204,800,000","223,600,000","205,000,000","248,400,000","185,600,000","200,300,000","177,200,000","211,700,000","178,500,000","60,800,000","54,800,000","64,600,000","49,400,000"
CostOfRevenue,"11,499,700,000","3,069,300,000","2,747,300,000","2,846,500,000","2,836,600,000","2,987,200,000","2,560,200,000","2,599,000,000","2,842,900,000","3,341,100,000","2,995,400,000","2,980,600,000","2,876,800,000","3,279,100,000","3,032,600,000","3,092,500,000","3,033,100,000","3,365,300,000","3,087,200,000","3,033,100,000","2,996,200,000","3,446,500,000","3,160,800,000","3,139,200,000","2,924,700,000","3,118,800,000","2,832,600,000","2,789,700,000","2,620,800,000","3,119,300,000","2,813,200,000","2,794,600,000","2,622,800,000","3,012,900,000","2,579,200,000","2,598,800,000","2,533,600,000","2,889,200,000","2,515,800,000","2,541,300,000","2,434,400,000","2,854,800,000","2,504,700,000","2,472,800,000","2,418,300,000","2,687,700,000","2,210,800,000","2,153,400,000","2,162,400,000","2,375,100,000","2,049,900,000","2,011,800,000","2,013,800,000",,,,,,,,,,,,,,,,,,,,,,,,,,,,,,,,,"-58,653,000","-57,338,000","-57,043,000","-52,636,000","-74,700,000","-29,000,000","-47,000,000","-45,000,000","-44,000,000","-42,200,000","-41,000,000","-27,200,000","-34,900,000","-29,800,000","-29,400,000","-26,000,000","-30,000,000","-24,500,000","-24,700,000","-20,500,000","-22,200,000","-28,500,000","-15,300,000","-18,800,000","-20,500,000","-22,900,000","-12,500,000","-16,400,000","-22,400,000","-13,400,000","100,500,000","89,200,000","100,400,000","95,300,000","97,300,000","85,200,000","97,800,000","78,100,000","83,900,000","73,200,000","82,000,000","80,300,000","82,100,000","75,400,000","325,300,000","78,500,000",,,,,,,,,,,,,,,,
GrossProfit,"2,789,700,000","786,500,000","687,700,000","725,100,000","590,300,000","769,800,000","646,300,000","201,700,000","564,000,000","800,100,000","628,400,000","739,200,000","592,100,000","807,600,000","681,700,000","767,100,000","596,500,000","811,200,000","632,300,000","757,000,000","591,200,000","795,300,000","630,300,000","745,700,000","574,400,000","1,034,500,000","874,000,000","1,015,600,000","848,400,000","1,075,800,000","936,400,000","1,076,300,000","879,400,000","1,045,200,000","911,300,000","1,038,200,000","865,300,000","1,055,400,000","890,800,000","1,019,700,000","872,900,000","998,100,000","876,200,000","1,014,600,000","733,000,000","899,100,000","783,800,000","887,800,000","757,600,000","890,700,000","787,700,000","858,900,000","732,800,000",,,,,,,,,,,,,,,,,,,,,,,,,,,,,,,,,"1,861,100,000","1,509,861,000","1,577,288,000","1,431,651,000","1,577,100,000","1,239,900,000","1,317,400,000","1,191,900,000","1,241,900,000","1,023,800,000","1,092,500,000","888,200,000","929,900,000","776,600,000","815,700,000","722,600,000","781,900,000","656,300,000","691,200,000","587,500,000","672,700,000","566,200,000","541,300,000","478,700,000","552,700,000","445,200,000","437,700,000","392,900,000","478,500,000","352,900,000","281,300,000","232,000,000","300,600,000","232,500,000","250,300,000","223,700,000","278,500,000","197,300,000","217,900,000","209,600,000","241,800,000","201,300,000","216,400,000","198,900,000","-32,700,000","168,100,000",,,,,,,,,,,,,,,,
OperatingExpense,"591,800,000","164,000,000","146,100,000","156,700,000","124,900,000","155,100,000","144,900,000","139,200,000","143,800,000","153,700,000","155,100,000","165,500,000","163,200,000","180,400,000","179,400,000","184,800,000","174,800,000","191,100,000","168,100,000","191,500,000","181,300,000","193,400,000","177,200,000","183,900,000","182,300,000","459,000,000","445,700,000","477,000,000","470,700,000","505,200,000","502,800,000","526,100,000","489,700,000","480,800,000","503,800,000","515,200,000","493,600,000","507,400,000","503,500,000","513,300,000","510,400,000","510,700,000","502,800,000","526,500,000","410,900,000","459,500,000","469,700,000","472,400,000","466,600,000","491,100,000","492,900,000","460,800,000","450,400,000","2,923,000,000","2,942,800,000","2,960,100,000","2,844,600,000","3,094,100,000","2,751,200,000","2,664,500,000","2,525,100,000","2,742,000,000","2,466,900,000","2,406,000,000","2,278,500,000","2,513,300,000","2,248,400,000","2,233,800,000","2,145,700,000","2,394,200,000","2,071,600,000","2,064,100,000","2,002,100,000","2,135,784,000","1,794,192,000","1,812,863,000","1,713,891,000","1,785,470,000","1,557,068,000","1,586,079,000","1,503,567,000","1,666,889,000","1,388,802,000","1,455,682,000","1,409,850,000","1,582,668,000","1,327,607,000","1,323,571,000","1,267,964,000","1,345,200,000","1,092,700,000","1,106,900,000","1,057,300,000","1,066,800,000","912,900,000","917,700,000","789,000,000","803,100,000","696,800,000","692,900,000","648,600,000","677,200,000","596,700,000","590,000,000","527,900,000","584,900,000","520,400,000","460,600,000","430,900,000","485,900,000","410,100,000","372,800,000","355,100,000","423,400,000","326,800,000","224,700,000","200,700,000","252,600,000","202,300,000","205,000,000","200,600,000","234,800,000","172,000,000","179,100,000","182,100,000","204,900,000","179,400,000","173,900,000","173,400,000","-69,900,000","154,600,000",,,,,,,,,,,,,,,,
	SellingGeneralAndAdministration,"379,700,000","109,800,000","95,000,000","103,200,000","71,600,000","101,300,000","90,200,000","82,100,000","86,800,000","97,500,000","97,200,000","107,700,000","103,600,000","119,100,000","113,500,000","117,400,000","105,400,000","121,400,000","99,500,000","120,400,000","108,600,000","120,800,000","104,100,000","110,900,000","108,100,000","459,000,000","445,700,000","477,000,000","470,700,000","505,200,000","502,800,000","526,100,000","489,700,000","480,800,000","503,800,000","515,200,000","493,600,000","507,400,000","503,500,000","513,300,000","510,400,000","510,700,000","502,800,000","526,500,000","410,900,000","459,500,000","469,700,000","472,400,000","466,600,000","491,100,000","492,900,000","460,800,000","450,400,000","2,923,000,000","2,942,800,000","2,960,100,000","2,844,600,000","3,094,100,000","2,751,200,000","2,664,500,000","2,525,100,000","2,742,000,000","2,466,900,000","2,406,000,000","2,278,500,000","2,513,300,000","2,248,400,000","2,233,800,000","2,145,700,000","2,394,200,000","2,071,600,000","2,064,100,000","2,002,100,000","2,135,784,000","1,794,192,000","1,812,863,000","1,713,891,000","1,785,470,000","1,557,068,000","1,586,079,000","1,503,567,000","1,666,889,000","1,388,802,000","1,455,682,000","1,409,850,000","1,524,015,000","1,270,269,000","1,266,528,000","1,215,328,000","1,270,500,000","1,063,700,000","1,059,900,000","1,012,300,000","1,022,800,000","870,600,000","876,700,000","761,800,000","768,200,000","667,000,000","663,500,000","622,600,000","647,200,000","572,200,000","565,300,000","507,400,000","562,700,000","491,900,000","445,300,000","412,100,000","465,400,000","387,200,000","360,300,000","338,700,000","401,000,000","313,400,000","211,600,000","189,000,000","238,900,000","190,300,000","193,200,000","189,100,000","222,800,000","161,600,000","168,500,000","168,900,000","191,500,000","167,600,000","163,200,000","162,900,000","-82,000,000","146,700,000",,,,,,,,,,,,,,,,
	ResearchAndDevelopment,,,,,,,,,,,,,,,,,,,,,,,,,,,,,,,,,,,,,,,,,,,,,,,,,,,,,,,,,,,,,,,,,,,,,,,,,,,,,,,,,,,,,,,,,,,,,,,"100,000",,,,,,,,,,,,,,,,,,,,,,,,,,,,,,,,,,,,,,,,,,,,,,,,,,,,
	DepreciationAmortizationDepletionIncomeStatement,"212,100,000","54,200,000","51,100,000","53,500,000","53,300,000","53,800,000","54,700,000","57,100,000","57,000,000","56,200,000","57,900,000","57,800,000","59,600,000","61,300,000","65,900,000","67,400,000","69,400,000","69,700,000","68,600,000","71,100,000","72,700,000","72,600,000","73,100,000","73,000,000","74,200,000",,,,,"30,000,000",,,,,,"25,300,000","25,400,000",,"27,300,000","24,000,000",,,"23,700,000",,,,,,,,,,,,,,,,,,,,,,,,,,,,,,,,,,,,,,,,,,,"58,653,000","57,338,000","57,043,000","52,636,000","74,700,000","29,000,000","47,000,000","45,000,000","44,000,000","42,200,000","41,000,000","27,200,000","34,900,000","29,800,000","29,400,000","26,000,000","30,000,000","24,500,000","24,700,000","20,500,000","22,200,000","28,500,000","15,300,000","18,800,000","20,500,000","22,900,000","12,500,000","16,400,000","22,400,000","13,400,000","13,100,000","11,700,000","13,700,000","12,000,000","11,800,000","11,500,000","12,000,000","10,400,000","10,600,000","13,200,000","13,400,000","11,800,000","10,700,000","10,500,000","12,100,000","7,900,000",,,,,,,,,,,,,,,,
		DepreciationAndAmortizationInIncomeStatement,"212,100,000","54,200,000","51,100,000","53,500,000","53,300,000","53,800,000","54,700,000","57,100,000","57,000,000","56,200,000","57,900,000","57,800,000","59,600,000","61,300,000","65,900,000","67,400,000","69,400,000","69,700,000","68,600,000","71,100,000","72,700,000","72,600,000","73,100,000","73,000,000","74,200,000",,,,,"30,000,000",,,,,,"25,300,000","25,400,000",,"27,300,000","24,000,000",,,"23,700,000",,,,,,,,,,,,,,,,,,,,,,,,,,,,,,,,,,,,,,,,,,,"58,653,000","57,338,000","57,043,000","52,636,000","74,700,000","29,000,000","47,000,000","45,000,000","44,000,000","42,200,000","41,000,000","27,200,000","34,900,000","29,800,000","29,400,000","26,000,000","30,000,000","24,500,000","24,700,000","20,500,000","22,200,000","28,500,000","15,300,000","18,800,000","20,500,000","22,900,000","12,500,000","16,400,000","22,400,000","13,400,000","13,100,000","11,700,000","13,700,000","12,000,000","11,800,000","11,500,000","12,000,000","10,400,000","10,600,000","13,200,000","13,400,000","11,800,000","10,700,000","10,500,000","12,100,000","7,900,000",,,,,,,,,,,,,,,,
			Amortization,,,,,,,,,,,,,,,,,,,,,,,,,"28,300,000",,,,,"30,000,000",,,,,,"25,300,000","25,400,000",,"27,300,000","24,000,000",,,"23,700,000",,,,,,,,,,,,,,,,,,,,,,,,,,,,,,,,,,,,,,,,,,,,,,,,,,,,,,,,,,,,,,,,,,,,,,,,,,,,,,,,,,,,,,,,,,,,,,,,,,,,,,,,
				AmortizationOfIntangiblesIncomeStatement,,,,,,,,,,,,,,,,,,,,,,,,,"28,300,000",,,,,"30,000,000",,,,,,"25,300,000","25,400,000",,"27,300,000","24,000,000",,,"23,700,000",,,,,,,,,,,,,,,,,,,,,,,,,,,,,,,,,,,,,,,,,,,,,,,,,,,,,,,,,,,,,,,,,,,,,,,,,,,,,,,,,,,,,,,,,,,,,,,,,,,,,,,,
	OtherOperatingExpenses,,,,,,,,,,,,,,,,,,,,,,,,,,,,,,,,,,,,,,,,"3,030,600,000",,,"2,983,800,000",,,,,,,,,,,,,,,,,,,,,,,,,,,,,,,,,,,,,,,,,,,,,,,,,,,,,,,,,,,,,,,,,,,,,,,,,,,,,,,,,,,,,,,,,,,,,,,,,,,,,,,,
OperatingIncome,"2,197,900,000","622,500,000","541,600,000","568,400,000","465,400,000","614,700,000","501,400,000","62,500,000","420,200,000","646,400,000","473,300,000","573,700,000","428,900,000","627,200,000","502,300,000","582,300,000","421,700,000","620,100,000","464,200,000","565,500,000","409,900,000","601,900,000","453,100,000","561,800,000","392,100,000","575,500,000","428,300,000","538,600,000","377,700,000","570,600,000","433,600,000","550,200,000","389,700,000","564,400,000","407,500,000","523,000,000","371,700,000","548,000,000","387,300,000","506,400,000","362,500,000","487,400,000","373,400,000","488,100,000","322,100,000","439,600,000","314,100,000","415,400,000","291,000,000","399,600,000","294,800,000","398,100,000","282,400,000","448,400,000","373,400,000","516,800,000","350,800,000","531,800,000","350,200,000","461,600,000","315,500,000","474,200,000","307,400,000","417,400,000","284,400,000","426,100,000","274,500,000","382,000,000","257,300,000","394,900,000","247,400,000","343,700,000","229,300,000","370,264,000","234,411,000","336,645,000","223,354,000","333,375,000","211,391,000","330,490,000","228,859,000","303,584,000","182,210,000","291,106,000","191,284,000","278,432,000","182,254,000","253,717,000","163,687,000","231,900,000","147,200,000","210,500,000","134,600,000","175,100,000","110,900,000","174,800,000","99,200,000","126,800,000","79,800,000","122,800,000","74,000,000","104,700,000","59,600,000","101,200,000","59,600,000","87,800,000","45,800,000","80,700,000","47,800,000","66,800,000","35,100,000","64,900,000","37,800,000","55,100,000","26,100,000","56,600,000","31,300,000","48,000,000","30,200,000","45,300,000","23,100,000","43,700,000","25,300,000","38,800,000","27,500,000","36,900,000","21,900,000","42,500,000","25,500,000","37,200,000","13,500,000","232,000,000","216,400,000","-548,700,000","204,800,000","223,600,000","205,000,000","-488,700,000","185,600,000","200,300,000","177,200,000","-480,700,000","178,500,000","60,800,000","54,800,000","-142,000,000","49,400,000"
NetNonOperatingInterestIncomeExpense,"-218,700,000","-54,000,000","-43,700,000","-73,500,000","-47,500,000","-56,100,000","-48,500,000","-47,200,000","-45,800,000","-47,200,000","-49,300,000","-50,200,000","-46,000,000","-60,800,000","-56,700,000","-52,500,000","-46,900,000","-43,600,000","-46,400,000","-45,300,000","-39,600,000","-40,100,000","-42,000,000","-44,800,000","-40,100,000","-36,800,000","-35,900,000","-34,600,000","-34,200,000","-30,000,000","-31,400,000","-33,700,000","-39,000,000","-39,800,000","-42,800,000","-40,700,000","-40,900,000","-40,300,000","-40,300,000","-34,900,000","-29,200,000","-30,300,000","-31,900,000","-27,600,000","-32,100,000","-32,100,000","-29,800,000","-23,700,000","-24,100,000","-28,600,000","-28,900,000","-21,900,000","-21,400,000",,,,,,,,,,,,,,,,,,,,,,,,,,,,,,,,,,,,,,,,,,,,,,,,,,,,,,,,,,,,,,,,,,,,,,,,,,,,,,,,,,,,,,,,,,,,,,
	InterestIncomeNonOperating,"27,300,000","7,200,000","7,000,000","6,800,000","6,300,000","7,200,000","5,900,000","6,500,000","12,700,000","13,400,000","13,500,000","16,400,000","17,000,000","15,200,000","12,700,000","13,900,000","15,400,000","11,700,000","12,600,000","11,500,000","13,900,000","12,000,000","10,900,000","9,500,000","10,200,000","10,300,000","9,700,000","10,100,000","9,400,000","11,800,000","10,800,000","11,800,000","8,700,000","8,600,000","7,700,000","8,500,000","8,100,000","9,100,000","7,500,000","9,100,000","9,300,000","9,200,000","7,900,000","9,300,000","9,800,000","6,700,000","6,300,000","6,200,000","5,700,000","5,600,000","4,900,000","5,500,000","5,400,000",,,,,,,,,,,,,,,,,,,,,,,,,,,,,,,,,,,,,,,,,,,,,,,,,,,,,,,,,,,,,,,,,,,,,,,,,,,,,,,,,,,,,,,,,,,,,,
	InterestExpenseNonOperating,"202,600,000","17,800,000","50,700,000","80,300,000","53,800,000","56,800,000","54,400,000","53,700,000","58,500,000","55,900,000","62,800,000","66,600,000","63,000,000","70,400,000","69,400,000","66,400,000","62,300,000","55,300,000","59,000,000","56,800,000","53,500,000","52,100,000","52,900,000","54,300,000","50,300,000","47,100,000","45,600,000","44,700,000","43,600,000","41,800,000","42,200,000","45,500,000","47,700,000","48,400,000","50,500,000","49,200,000","49,000,000","49,400,000","47,800,000","44,000,000","38,500,000","39,500,000","39,800,000","36,900,000","41,900,000","38,800,000","36,100,000","29,900,000","29,800,000","34,200,000","33,800,000","27,400,000","26,800,000",,,,,,,,,,,,,,,,,,,,,,,,,,,,,,,,,,,,,,,,,,,,,,,,,,,,,,,,,,,,,,,,,,,,,,,,,,,,,,,,,,,,,,,,,,,,,,
	TotalOtherFinanceCost,"43,400,000",,,,,,,,,,,,,,,,,,,,,,,,,,,,,,,,,,,,,,,,,,"31,900,000",,,,,,,,"-28,900,000","-21,900,000",,,,,,,,,,,,,,,,,,,,,,,,,,,,,,,,,,,,,,,,,,,,,,,,,,,,,,,,,,,,,,,,,,,,,,,,,,,,,,,,,,,,,,,,,,,,,,,
OtherIncomeExpense,"9,600,000",,,,,,,,,,,,,,,,,,,,,,,,,,,,,,,"-1,800,000","-7,000,000","-13,300,000","-28,100,000",,,,,,,,"4,500,000",,,,,,,,,"7,300,000",,"16,000,000","6,800,000","11,000,000","8,100,000","12,600,000","8,000,000","12,500,000","5,200,000","12,100,000","6,300,000","6,300,000","4,900,000","10,400,000","6,900,000","5,000,000","5,200,000","6,600,000","3,200,000","4,900,000","2,500,000","6,756,000","3,996,000","1,865,000","2,486,000","5,399,000","2,436,000","3,454,000","2,522,000","6,856,000","2,521,000","2,880,000","410,000","4,302,000","3,107,000","2,629,000","110,920,000","-9,400,000","4,500,000","12,100,000","8,100,000","17,900,000","12,400,000","13,500,000","11,000,000","-10,000,000","10,100,000","13,600,000","7,100,000","12,500,000","6,500,000","7,700,000","3,100,000","13,400,000","6,700,000","9,000,000","6,000,000","600,000","6,100,000","7,000,000","4,500,000","21,700,000","1,800,000","5,600,000","4,400,000","20,100,000","100,000","4,100,000","2,100,000","23,500,000",,"2,900,000","1,000,000","19,500,000","1,800,000","1,900,000","4,900,000","6,700,000","5,800,000",,,,,,,,,,,,,,,,
	GainOnSaleOfSecurity,"9,600,000"
	EarningsFromEquityInterest,,,,,,,,,,,,,,,,,,,,,,,,,,,,,,,,,,,,,,,,,,,"4,500,000",,,,,,,,,"7,300,000",,"16,000,000","6,800,000","11,000,000","8,100,000","12,600,000","8,000,000","12,500,000","5,200,000","12,100,000","6,300,000","6,300,000","4,900,000","10,400,000","6,900,000","5,000,000","5,200,000","6,600,000","3,200,000","4,900,000","2,500,000","6,756,000","3,996,000","1,865,000",,"5,399,000","2,436,000","3,454,000","2,522,000","6,856,000","2,521,000","2,880,000","410,000",,,,,,,,,,,,,,,,,,,,,,,,,,,,,,,,,,,,,,,,,,,,,,,,,,,,,,,,,,,,,,
	SpecialIncomeCharges,,,,,,,,,,,,,,,,,,,,,,,,,,,,,,,"0","-1,800,000","-7,000,000","-13,300,000","-28,100,000",,,,,,,,,,,,,,,,,,,,,,,,,,,,,,,,,,,,,,,,,,"2,486,000",,,,,,,,,"4,302,000","3,107,000","2,629,000","110,920,000","-9,400,000","4,500,000","12,100,000","8,100,000","17,900,000","12,400,000","13,500,000","11,000,000","-10,000,000","10,100,000","13,600,000","7,100,000","12,500,000","6,500,000","7,700,000","3,100,000","13,400,000","6,700,000","9,000,000","6,000,000","600,000","6,100,000","7,000,000","4,500,000","21,700,000","1,800,000","5,600,000","4,400,000","20,100,000","100,000","4,100,000","2,100,000","23,500,000",,"2,900,000","1,000,000","19,500,000","1,800,000","1,900,000","4,900,000","6,700,000","5,800,000",,,,,,,,,,,,,,,,
		RestructuringAndMergernAcquisition,,,,,,,,,,,,,,,,,,,,,,,,,,,,,,,"0","1,800,000","7,000,000","13,300,000","28,100,000",,,,,,,,,,,,,,,,,,,,,,,,,,,,,,,,,,,,,,,,,,,,,,,,,,,,,,,,,,,,,,,,,,,,,,,,,,,,,,,,,,,,,,,,,,,,,,,,,,,,,,,,,,,,,,,,
PretaxIncome,"1,988,800,000","578,100,000","497,900,000","494,900,000","417,900,000","566,700,000","452,900,000","15,300,000","374,400,000","607,900,000","424,000,000","523,500,000","382,900,000","574,100,000","445,600,000","529,800,000","374,800,000","576,500,000","417,800,000","520,200,000","370,300,000","561,800,000","411,100,000","517,000,000","352,000,000","538,700,000","392,400,000","504,000,000","343,500,000","549,400,000","402,200,000","514,700,000","343,700,000","511,300,000","336,600,000","482,300,000","330,800,000","507,700,000","347,000,000","471,500,000","333,300,000","457,100,000","341,500,000","460,500,000","290,000,000","407,500,000","284,300,000","391,700,000","266,900,000","371,000,000","265,900,000","376,200,000","261,000,000","424,500,000","352,700,000","498,100,000","339,800,000","517,600,000","330,900,000","439,400,000","297,200,000","450,000,000","280,700,000","391,900,000","269,300,000","409,600,000","258,200,000","367,700,000","245,200,000","384,900,000","238,600,000","336,400,000","218,900,000","340,933,000","210,779,000","323,693,000","215,086,000","271,185,000","205,827,000","324,548,000","217,536,000","248,538,000","164,090,000","271,667,000","170,975,000","242,070,000","150,216,000","223,643,000","252,007,000","208,200,000","124,200,000","187,700,000","116,100,000","160,200,000","96,000,000","155,800,000","88,900,000","124,700,000","71,400,000","114,400,000","68,400,000","100,900,000","54,400,000","91,400,000","52,200,000","80,100,000","39,200,000","72,000,000","40,700,000","62,500,000","30,500,000","57,300,000","32,100,000","51,300,000","21,000,000","48,000,000","25,400,000","41,800,000","21,000,000","39,400,000","16,600,000","34,600,000","17,400,000","34,400,000","19,900,000","29,500,000","13,800,000","33,900,000","20,700,000","31,800,000","9,900,000",,,,,,,,,,,,,,,,
TaxProvision,"488,700,000","133,600,000","120,000,000","123,200,000","111,900,000","141,500,000","120,900,000","21,900,000","97,400,000","158,900,000","112,300,000","130,600,000","102,700,000","149,700,000","115,300,000","136,700,000","90,900,000","289,500,000","132,000,000","166,700,000","108,000,000","182,800,000","134,300,000","167,900,000","115,500,000","176,700,000","128,900,000","165,300,000","112,700,000","182,200,000","134,400,000","160,300,000","116,300,000","176,300,000","116,200,000","163,600,000","109,200,000","137,200,000","118,700,000","161,900,000","109,300,000","156,800,000","117,100,000","158,100,000","73,900,000","139,400,000","96,900,000","133,200,000","90,700,000","124,700,000","90,500,000","129,700,000","88,700,000","142,100,000","118,200,000","167,200,000","115,200,000","175,500,000","112,100,000","148,800,000","100,500,000","151,400,000","92,900,000","131,700,000","90,900,000","137,900,000","86,900,000","124,300,000","86,100,000","129,400,000","80,300,000","113,100,000","73,600,000","119,651,000","75,510,000","110,555,000","75,211,000","104,069,000","69,696,000","122,014,000","79,858,000","112,453,000","64,340,000","107,613,000","67,723,000","99,864,000","64,552,000","96,256,000","108,469,000","88,300,000","53,900,000","80,600,000","50,500,000","65,800,000","42,200,000","69,800,000","38,000,000","50,300,000","29,900,000","48,000,000","28,300,000","40,700,000","22,200,000","38,400,000","21,700,000","32,500,000","15,500,000","29,900,000","16,600,000","25,000,000","12,300,000","23,800,000","13,200,000","20,600,000","8,200,000","20,700,000","10,700,000","18,000,000","10,600,000","17,000,000","7,700,000","14,300,000","9,700,000","15,800,000","9,400,000","12,400,000","7,100,000","16,500,000","9,900,000","14,700,000","4,300,000",,,,,,,,,,,,,,,,
EarningsFromEquityInterestNetOfTax,"7,500,000","5,400,000","2,200,000","-100,000","0","3,300,000","2,900,000","-7,800,000","-5,300,000","800,000","500,000","1,200,000","-500,000","5,300,000","1,000,000","1,700,000","800,000","800,000","1,100,000","1,600,000","100,000","1,400,000","1,400,000","2,800,000","-200,000","2,200,000","3,200,000","4,000,000","-1,000,000","5,800,000","5,800,000","4,000,000","600,000","5,400,000","4,300,000","2,900,000","3,200,000","-26,900,000","5,300,000","4,600,000","2,000,000","6,900,000","4,500,000","4,800,000","1,000,000","10,400,000","8,200,000","10,300,000","4,700,000","10,300,000","7,300,000","7,300,000","5,900,000",,,,,,,,,,,,,,,,,,,,,,,,,,,,,,,,,,,,,,,,,,,,,,,,,,,,,,,,,,,,,,,,,,,,,,,,,,,,,,,,,,,,,,,,,,,,,,
NetIncomeCommonStockholders,"1,407,800,000","416,200,000","355,600,000","348,200,000","287,800,000","398,100,000","313,300,000","-24,200,000","258,100,000","415,000,000","290,200,000","370,700,000","263,200,000","399,300,000","298,900,000","364,100,000","264,100,000","254,200,000","263,300,000","328,100,000","241,300,000","348,600,000","252,600,000","324,100,000","216,900,000","328,200,000","236,800,000","310,000,000","206,300,000","323,800,000","239,500,000","318,900,000","201,400,000","293,400,000","191,200,000","281,700,000","199,700,000","284,600,000","203,900,000","282,700,000","204,600,000","271,900,000","203,700,000","275,100,000","201,900,000","246,500,000","174,600,000","243,300,000","163,400,000","229,500,000","165,600,000","233,400,000","164,500,000","271,000,000","213,600,000","307,000,000","208,700,000","313,800,000","202,200,000","276,700,000","183,000,000","277,200,000","177,100,000","244,100,000","165,700,000","252,600,000","161,700,000","225,800,000","150,500,000","236,500,000","145,300,000","206,100,000","135,600,000","221,282,000","135,269,000","190,747,000","128,584,000","201,474,000","126,104,000","187,315,000","128,566,000","164,141,000","92,355,000","151,366,000","95,280,000","142,206,000","85,664,000","127,387,000","143,538,000","119,900,000","70,300,000","107,100,000","65,600,000","94,400,000","53,800,000","86,000,000","50,900,000","74,400,000","41,500,000","66,400,000","40,100,000","60,200,000","32,200,000","53,000,000","30,500,000","47,600,000","23,700,000","42,100,000","24,100,000","37,500,000","18,200,000","33,500,000","-9,100,000","30,700,000","12,800,000","27,300,000","14,700,000","23,800,000","10,400,000","22,400,000","12,700,000","20,300,000","7,700,000","18,600,000","10,500,000","17,100,000","6,700,000","17,400,000","10,800,000","17,100,000","5,600,000",,,,,,,,,,,,,,,,
	NetIncome,"1,407,800,000","416,200,000","355,600,000","348,200,000","287,800,000","398,100,000","313,300,000","-24,200,000","258,100,000","415,000,000","290,200,000","370,700,000","263,200,000","399,200,000","298,900,000","364,200,000","264,100,000","254,400,000","263,600,000","328,600,000","241,800,000","350,300,000","253,800,000","326,100,000","218,400,000","331,600,000","239,300,000","313,900,000","209,100,000","329,500,000","243,800,000","325,200,000","205,500,000","300,400,000","196,000,000","289,500,000","205,100,000","307,100,000","203,900,000","282,700,000","204,600,000","271,900,000","203,700,000","275,100,000","201,900,000","246,500,000","174,600,000","243,300,000","163,400,000","229,500,000","165,600,000","233,400,000","164,500,000","271,000,000","213,600,000","307,000,000","208,700,000","313,800,000","202,200,000","276,700,000","183,000,000","277,200,000","177,100,000","244,100,000","165,700,000","252,600,000","161,700,000","225,800,000","150,500,000","236,500,000","145,300,000","206,100,000","135,600,000","221,282,000","135,269,000","190,747,000","128,584,000","201,474,000","126,104,000","187,315,000","128,566,000","164,141,000","92,355,000","151,366,000","95,280,000","142,206,000","85,664,000","127,387,000","143,538,000","119,900,000","70,300,000","107,100,000","65,600,000","94,400,000","53,800,000","86,000,000","50,900,000","74,400,000","41,500,000","66,400,000","40,100,000","60,200,000","32,200,000","53,000,000","30,500,000","47,600,000","23,700,000","42,100,000","24,100,000","37,500,000","18,200,000","33,500,000","-9,100,000","30,700,000","12,800,000","27,300,000","14,700,000","23,800,000","10,400,000","22,400,000","12,700,000","20,300,000","7,700,000","18,600,000","10,500,000","17,100,000","6,700,000","17,400,000","10,800,000","17,100,000","5,600,000",,,,,,,,,,,,,,,,
		NetIncomeIncludingNoncontrollingInterests,"1,507,600,000","449,900,000","380,100,000","371,600,000","306,000,000","428,500,000","334,900,000","-14,400,000","271,700,000","449,800,000","312,200,000","394,100,000","279,700,000","429,700,000","331,300,000","394,800,000","284,700,000","287,800,000","286,900,000","355,100,000","262,400,000","380,400,000","278,200,000","351,900,000","236,300,000","364,200,000","266,700,000","342,700,000","229,800,000","373,000,000","273,600,000","358,400,000","228,000,000","340,400,000","224,700,000","321,600,000","224,800,000","343,600,000","233,600,000","314,200,000","226,000,000","307,200,000","228,900,000","307,200,000","217,100,000","278,500,000","195,600,000","268,800,000","180,900,000","256,600,000","182,700,000","253,800,000","178,200,000","298,400,000","241,300,000","341,900,000","232,700,000","354,700,000","226,800,000","303,100,000","201,900,000","310,700,000","194,100,000","266,500,000","183,300,000","282,100,000","178,200,000","248,400,000","164,300,000","262,100,000","161,500,000","228,200,000","147,800,000","247,297,000","151,364,000","215,003,000","142,361,000","227,042,000","138,567,000","205,988,000","140,200,000","183,056,000","102,271,000","166,934,000","103,662,000","157,266,000","97,310,000","143,997,000","154,817,000","143,900,000","77,200,000","120,900,000","73,800,000","107,700,000","63,300,000","99,800,000","58,600,000","54,300,000","47,800,000","77,200,000","45,600,000","69,200,000","36,400,000","60,700,000","35,200,000","58,900,000","27,000,000","50,500,000","27,000,000","45,900,000","21,000,000","38,300,000","-7,500,000","35,400,000","13,100,000","31,300,000","15,900,000","27,700,000","12,600,000","26,600,000","15,600,000","28,800,000","9,600,000","21,000,000","12,700,000","22,900,000","8,900,000","21,400,000","12,700,000","20,900,000","7,300,000","14,100,000","8,200,000","15,700,000","3,600,000","12,400,000","7,600,000","15,200,000","2,900,000","10,400,000","6,300,000","6,600,000","-29,800,000","2,900,000","1,600,000","2,300,000","-700,000"
			NetIncomeContinuousOperations,"1,507,600,000","449,900,000","380,100,000","371,600,000","306,000,000","428,500,000","334,900,000","-14,400,000","271,700,000","449,800,000","312,200,000","394,100,000","279,700,000","429,700,000","331,300,000","394,800,000","284,700,000","287,800,000","286,900,000","355,100,000","262,400,000","380,400,000","278,200,000","351,900,000","236,300,000","364,200,000","266,700,000","342,700,000","229,800,000","373,000,000","273,600,000","358,400,000","228,000,000","340,400,000","224,700,000","321,600,000","224,800,000","343,600,000","233,600,000","314,200,000","226,000,000","307,200,000","228,900,000","307,200,000","217,100,000","278,500,000","195,600,000","268,800,000","180,900,000","256,600,000","182,700,000","253,800,000","178,200,000","271,000,000","213,600,000","307,000,000","208,700,000","313,800,000","202,200,000","276,700,000","183,000,000","277,200,000","177,100,000","244,100,000","165,700,000","252,600,000","161,700,000","225,800,000","150,500,000","236,500,000","145,300,000","206,100,000","135,600,000","221,282,000","135,269,000","190,747,000","128,584,000","201,474,000","126,104,000","187,315,000","128,566,000","164,141,000","92,355,000","151,366,000","95,280,000","142,206,000","85,664,000","127,387,000","143,538,000","119,900,000","70,300,000","107,100,000","65,600,000","94,400,000","53,800,000","86,000,000","50,900,000","74,400,000","41,500,000","66,400,000","40,100,000","60,200,000","32,200,000","53,000,000","30,500,000","47,600,000","23,700,000","42,100,000","24,100,000","37,500,000","18,200,000","33,500,000","18,900,000","30,700,000","12,800,000","27,300,000","14,700,000","23,800,000","10,400,000","22,400,000","8,900,000","20,300,000","7,700,000","18,600,000","10,500,000","17,100,000","6,700,000","17,400,000","10,800,000","17,100,000","5,600,000","14,100,000","8,200,000","15,700,000","3,600,000","12,400,000","7,600,000","15,200,000","2,900,000","10,400,000","6,300,000","6,600,000","-29,800,000","2,900,000","1,600,000","2,300,000","-700,000"
			NetIncomeExtraordinary,,,,,,,,,,,,,,,,,,,,,,,,,,,,,,,,,,,,,,,,,,,,,,,,,,,,,,,,,,,,,,,,,,,,,,,,,,,,,,,,,,,,,,,,,,,,,,,,,,,,,,,,,,,,,,"0",,,"-28,000,000",,,,,"0",,,"3,800,000",,,,,,,,,,,,,,,,,,,,,,,,,,
		MinorityInterests,"-99,800,000","-33,700,000","-24,500,000","-23,400,000","-18,200,000","-30,400,000","-21,600,000","-9,800,000","-13,600,000","-34,800,000","-22,000,000","-23,400,000","-16,500,000","-30,500,000","-32,400,000","-30,600,000","-20,600,000","-33,400,000","-23,300,000","-26,500,000","-20,600,000","-30,100,000","-24,400,000","-25,800,000","-17,900,000","-32,600,000","-27,400,000","-28,800,000","-20,700,000","-43,500,000","-29,800,000","-33,200,000","-22,500,000","-40,000,000","-28,700,000","-32,100,000","-19,700,000","-36,500,000","-29,700,000","-31,500,000","-21,400,000","-35,300,000","-25,200,000","-32,100,000","-15,200,000","-32,000,000","-21,000,000","-25,500,000","-17,500,000","-27,100,000","-17,100,000","-20,400,000","-13,700,000","-27,400,000","-27,700,000","-34,900,000","-24,000,000","-40,900,000","-24,600,000","-26,400,000","-18,900,000","-33,500,000","-17,000,000","-22,400,000","-17,600,000","-29,500,000","-16,500,000","-22,600,000","-13,800,000","-25,600,000","-16,200,000","-22,100,000","-12,200,000","-26,015,000","-16,095,000","-24,256,000","-13,777,000","-25,568,000","-12,463,000","-18,673,000","-11,634,000","-18,915,000","-9,916,000","-15,568,000","-8,382,000","-15,060,000","-11,646,000","-16,610,000","-11,279,000","-24,000,000","-6,900,000","-13,800,000","-8,200,000","-13,300,000","-9,500,000","-13,800,000","-7,700,000","20,100,000","-6,300,000","-10,800,000","-5,500,000","-9,000,000","-4,200,000","-7,700,000","-4,700,000","-11,300,000","-3,300,000","-8,400,000","-2,900,000","-8,400,000","-2,800,000","-4,800,000","-1,600,000","-4,700,000","-300,000","-4,000,000","-1,200,000","-3,900,000","-2,200,000","-4,200,000","-2,900,000","-8,500,000","-1,900,000","-2,400,000","-2,200,000","-5,800,000","-2,200,000","-4,000,000","-1,900,000","-3,800,000","-1,700,000",,,,,,,,,,,,,,,,
	PreferredStockDividends,,,,,,,,,,,,,,,,,,,,,,,,,,,,,,,,,,,,,,,"4,500,000","6,400,000",,,"2,300,000",,,,,,,,,,,,,,,,,,,,,,,,,,,,,,,,,,,,,,,,,,,,,,,,,,,,,,,,,,,,,,,,,,,,,,,,,,,,,,,,,,,,,,,,,,,,,,,,,,,,,,,,
	OtherunderPreferredStockDividend,,,,,,,,,,,,,,,"0","100,000","0","200,000","300,000","500,000","500,000","1,700,000","1,200,000","2,000,000","1,500,000","3,400,000","2,500,000","3,900,000","2,800,000","5,700,000","4,300,000","6,300,000","4,100,000","7,000,000","4,800,000","7,800,000","5,400,000",,,,,,,,,,,,,,,"20,400,000",,,,,,,,,,,,,,,,,,,,,,,,,,,,,,,,,,,,,,,,,,,,,,,,,,,,,,,,,,,,,,,,,,,,,,,,,,,,,,,,,,,,,,,,,,,,,,,
DilutedNIAvailtoComStockholders,"1,407,800,000","416,200,000","355,600,000","348,200,000","287,800,000","398,100,000","313,300,000","-24,200,000","258,100,000","415,000,000","290,200,000","370,700,000","263,200,000","399,300,000","298,900,000","364,100,000","264,100,000","254,200,000","263,300,000","328,100,000","241,300,000","348,600,000","252,600,000","324,100,000","216,900,000","328,200,000","236,800,000","310,000,000","206,300,000","323,800,000","239,500,000","318,900,000","201,400,000","293,400,000","191,200,000","281,700,000","199,700,000","284,600,000","203,900,000","282,700,000","204,600,000","271,900,000","203,700,000","275,100,000","201,900,000","246,500,000","174,600,000","243,300,000","163,400,000","229,500,000","165,600,000","233,400,000","164,500,000","271,000,000","213,600,000","307,000,000","208,700,000","313,800,000","202,200,000","276,700,000","183,000,000","277,200,000","177,100,000","244,100,000","165,700,000","252,600,000","161,700,000","225,800,000","150,500,000","236,500,000","145,300,000","206,100,000","135,600,000","221,282,000","135,269,000","190,747,000","128,584,000","201,474,000","126,104,000","187,315,000","128,566,000","164,141,000","92,355,000","151,366,000","95,280,000","142,206,000","85,664,000","127,387,000","143,538,000","119,900,000","70,300,000","107,100,000","65,600,000","94,400,000","53,800,000","86,000,000","50,900,000","74,400,000","41,500,000","66,400,000","40,100,000","60,200,000","32,200,000","53,000,000","30,500,000","47,600,000","23,700,000","42,100,000","24,100,000","37,500,000","18,200,000","33,500,000","-9,100,000","30,700,000","12,800,000","27,300,000","14,700,000","23,800,000","10,400,000","22,400,000","12,700,000","20,300,000","7,700,000","18,600,000","10,500,000","17,100,000","6,700,000","17,400,000","10,800,000","17,100,000","5,600,000",,,,,,,,,,,,,,,,
BasicEPS,,"1.96","1.66","1.62","1.33","1.85","1.45","-0.11","1.19","1.9","1.33","1.69","1.18","1.78","1.33","1.61","1.15","1.1","1.14","1.41","1.03","1.47","1.06","1.36","0.9",,"0.97","1.27","0.84","1.3","0.95","1.24","0.78",,"0.74","1.09","0.76",,"0.75","1.03","0.73",,"0.73","0.98","0.7",,"0.58","0.8","0.53",,"0.53","0.75","0.53",,"0.69","0.97","0.65",,"0.62","0.85","0.555",,"0.525","0.715","0.47",,"0.45","0.62","0.41",,"0.395","0.55","0.36",,"0.36","0.51","0.345",,"0.34","0.505","0.345",,"0.25","0.415","0.26",,"0.245","0.365","0.41",,"0.2","0.305","0.185",,"0.16","0.255","0.155",,"0.13","0.205","0.125",,"0.105","0.18","0.105",,"0.08","0.15","0.085",,"0.065","0.13","-0.035",,"0.055","0.115","0.065",,"0.05","0.1","0.06",,"0.035","0.085","0.05",,"0.035","0.085","0.055",,"0.03","0.075","0.045",,"0.02","0.065","0.04",,"0.015","0.055","0.035",,"-0.155","0.065","0.035",,"-0.02"
DilutedEPS,,"1.95","1.65","1.6","1.33","1.84","1.45","-0.11","1.19","1.89","1.32","1.68","1.17","1.77","1.32","1.6","1.14","1.09","1.13","1.4","1.02","1.47","1.06","1.36","0.9",,"0.97","1.26","0.83","1.3","0.95","1.23","0.77",,"0.74","1.09","0.76",,"0.74","1.02","0.72",,"0.72","0.96","0.69",,"0.57","0.79","0.52",,"0.53","0.75","0.53",,"0.69","0.96","0.65",,"0.62","0.84","0.545",,"0.52","0.71","0.465",,"0.45","0.62","0.41",,"0.395","0.55","0.36",,"0.36","0.51","0.345",,"0.34","0.5","0.34",,"0.25","0.405","0.26",,"0.24","0.35","0.39",,"0.195","0.295","0.185",,"0.16","0.25","0.155",,"0.13","0.2","0.125",,"0.105","0.17","0.105",,"0.08","0.145","0.085",,"0.065","0.12","-0.035",,"0.055","0.105","0.065",,"0.05","0.09","0.06",,"0.035","0.08","0.05",,"0.035","0.08","0.05",,"0.03","0.07","0.045",,"0.02","0.065","0.04",,"0.015","0.055","0.035",,"-0.155","0.065","0.035",,"-0.02"
BasicAverageShares,,"212,200,000","214,000,000","215,400,000","215,600,000","215,500,000","215,400,000","214,900,000","216,600,000","218,200,000","218,200,000","219,600,000","223,200,000","224,600,000","224,800,000","226,800,000","230,200,000","231,200,000","231,200,000","232,100,000","234,600,000","236,500,000","237,400,000","237,700,000","240,000,000",,"243,200,000","244,500,000","246,400,000","249,000,000","251,400,000","256,200,000","259,100,000",,"258,200,000","257,700,000","261,000,000",,"266,600,000","269,000,000","273,300,000",,"277,100,000","278,700,000","283,600,000",,"299,300,000","302,300,000","306,400,000",,"308,600,000","308,100,000","307,500,000",,"309,100,000","317,500,000","321,076,923",,"326,129,032","325,529,412","329,729,730",,"337,333,333","341,398,601","352,553,191",,"359,333,333","364,193,548","367,073,171",,"367,848,101","374,727,273","376,666,667",,"375,747,222","374,013,725","372,707,246",,"370,894,118","370,920,792","372,655,072",,"369,420,000","364,737,349","366,461,538",,"349,648,980","349,005,479","350,092,683",,"351,500,000","351,147,541","354,594,595",,"336,250,000","337,254,902","328,387,097",,"319,230,769","323,902,439","320,800,000",,"306,666,667","294,444,444","290,476,190",,"296,250,000","280,666,667","283,529,412",,"280,000,000","257,692,308","260,000,000",,"232,727,273","237,391,304","226,153,846",,"208,000,000","224,000,000","211,666,667",,"220,000,000","218,823,529","210,000,000",,"191,428,571","204,705,882","196,363,636",,"186,666,667","197,576,000","201,400,000",,"201,872,000","200,504,000","196,712,000",,"196,712,000","196,184,000","194,184,000",,"194,184,000","194,232,000","42,280,000",,"42,280,000"
DilutedAverageShares,,"213,300,000","215,400,000","217,100,000","216,800,000","216,100,000","215,800,000","215,400,000","217,500,000","219,300,000","219,400,000","220,900,000","224,200,000","225,600,000","225,900,000","228,100,000","231,500,000","232,300,000","232,700,000","234,000,000","236,500,000","237,800,000","238,700,000","239,000,000","241,100,000",,"244,400,000","245,700,000","247,400,000","249,900,000","252,400,000","258,200,000","261,400,000",,"259,900,000","259,200,000","263,200,000",,"268,500,000","271,800,000","277,500,000",,"281,400,000","283,700,000","289,200,000",,"303,500,000","307,000,000","311,000,000",,"311,600,000","308,600,000","307,600,000",,"310,700,000","320,800,000","321,076,923",,"326,129,032","329,404,762","335,779,817",,"340,576,923","343,802,817","356,344,086",,"359,333,333","364,193,548","367,073,171",,"367,848,101","374,727,273","376,666,667",,"375,747,222","374,013,725","372,707,246",,"370,894,118","374,630,000","378,135,294",,"369,420,000","373,743,210","366,461,538",,"356,933,333","363,962,857","368,046,154",,"360,512,821","363,050,847","354,594,595",,"336,250,000","344,000,000","328,387,097",,"319,230,769","332,000,000","320,800,000",,"306,666,667","311,764,706","290,476,190",,"296,250,000","290,344,828","283,529,412",,"280,000,000","279,166,667","260,000,000",,"232,727,273","260,000,000","226,153,846",,"208,000,000","248,888,889","211,666,667",,"220,000,000","232,500,000","210,000,000",,"191,428,571","217,500,000","216,000,000",,"186,666,667","197,576,000","201,400,000",,"201,872,000","200,504,000","196,712,000",,"196,712,000","196,184,000","194,184,000",,"194,184,000","194,232,000","42,280,000",,"42,280,000"
TotalOperatingIncomeAsReported,"2,197,900,000","622,500,000","541,600,000","568,400,000","465,400,000","614,700,000","501,400,000","62,500,000","420,200,000","646,400,000","473,300,000","573,700,000","428,900,000","627,200,000","502,300,000","582,300,000","421,700,000","620,100,000","464,200,000","565,500,000","409,900,000","601,900,000","453,100,000","561,800,000","392,100,000","575,500,000","428,300,000","538,600,000","377,700,000","579,400,000","433,600,000","548,400,000","382,700,000","551,100,000","379,400,000","523,000,000","371,700,000","548,000,000","387,300,000","506,400,000","362,500,000","487,400,000","373,400,000","488,100,000","322,100,000","439,600,000","314,100,000","415,400,000","291,000,000","399,600,000","294,800,000","398,100,000","282,400,000","448,400,000","373,400,000","516,800,000","350,800,000","531,800,000","350,200,000","461,600,000","315,500,000","474,200,000","307,400,000","417,400,000","284,400,000","426,100,000","274,500,000","382,000,000","257,300,000","394,900,000","247,400,000","343,700,000","229,300,000","370,264,000","234,411,000","336,645,000","223,354,000","333,375,000","211,391,000","330,490,000","228,859,000","303,584,000","182,210,000","291,106,000","191,284,000","278,432,000","182,254,000","253,717,000","163,687,000","231,900,000","147,200,000","210,500,000","134,600,000","175,100,000","110,900,000","174,800,000","99,200,000","126,800,000","79,800,000","122,800,000","74,000,000","104,700,000","59,600,000","101,200,000","59,600,000","87,800,000","45,800,000","80,700,000","47,800,000","66,800,000","35,100,000","64,900,000","37,800,000","55,100,000","26,100,000","56,600,000","31,300,000","48,000,000","30,200,000","45,300,000","23,100,000","43,700,000","25,300,000","38,800,000","27,500,000","36,900,000","21,900,000","42,500,000","25,500,000","37,200,000","13,500,000",,,,,,,,,,,,,,,,
RentExpenseSupplemental,"1,148,200,000","277,200,000","285,500,000","293,900,000","291,600,000","265,900,000","273,100,000","290,000,000",,,,,,,,,"320,300,000","316,400,000","316,700,000","297,000,000","302,000,000","297,800,000","305,500,000","314,600,000","300,100,000",,,,,,,,,,,,,,,,,,,,,,,,,,,,,,,,,,,,,,,,,,,,,,,,,,,,,,,,,,,,,,,,,,,,,,,,,,,,,,,,,,,,,,,,,,,,,,,,,,,,,,,,,,,,,,,,,,,,,,,,,,
TotalExpenses,"12,091,500,000","3,233,300,000","2,893,400,000","3,003,200,000","2,961,500,000","3,142,300,000","2,705,100,000","2,738,200,000","2,986,700,000","3,494,800,000","3,150,500,000","3,146,100,000","3,040,000,000","3,459,500,000","3,212,000,000","3,277,300,000","3,207,900,000","3,556,400,000","3,255,300,000","3,224,600,000","3,177,500,000","3,639,900,000","3,338,000,000","3,323,100,000","3,107,000,000","3,577,800,000","3,278,300,000","3,266,700,000","3,091,500,000","3,624,500,000","3,316,000,000","3,320,700,000","3,112,500,000","3,493,700,000","3,083,000,000","3,114,000,000","3,027,200,000","3,396,600,000","3,019,300,000","3,054,600,000","2,944,800,000","3,365,500,000","3,007,500,000","2,999,300,000","2,829,200,000","3,147,200,000","2,680,500,000","2,625,800,000","2,629,000,000","2,866,200,000","2,542,800,000","2,472,600,000","2,464,200,000","2,923,000,000","2,942,800,000","2,960,100,000","2,844,600,000","3,094,100,000","2,751,200,000","2,664,500,000","2,525,100,000","2,742,000,000","2,466,900,000","2,406,000,000","2,278,500,000","2,513,300,000","2,248,400,000","2,233,800,000","2,145,700,000","2,394,200,000","2,071,600,000","2,064,100,000","2,002,100,000","2,135,784,000","1,794,192,000","1,812,863,000","1,713,891,000","1,785,470,000","1,557,068,000","1,586,079,000","1,503,567,000","1,666,889,000","1,388,802,000","1,455,682,000","1,409,850,000","1,524,015,000","1,270,269,000","1,266,528,000","1,215,328,000","1,270,500,000","1,063,700,000","1,059,900,000","1,012,300,000","1,022,800,000","870,700,000","876,700,000","761,800,000","768,200,000","667,000,000","663,500,000","622,600,000","647,200,000","572,200,000","565,300,000","507,400,000","562,700,000","491,900,000","445,300,000","412,100,000","465,400,000","387,200,000","360,300,000","338,700,000","401,000,000","313,400,000","325,200,000","289,900,000","353,000,000","297,600,000","302,300,000","285,800,000","332,600,000","250,100,000","263,000,000","255,300,000","286,900,000","259,700,000","256,000,000","248,800,000","255,400,000","233,100,000",,,,,,,,,,,,,,,,
NetIncomeFromContinuingAndDiscontinuedOperation,"1,407,800,000","416,200,000","355,600,000","348,200,000","287,800,000","398,100,000","313,300,000","-24,200,000","258,100,000","415,000,000","290,200,000","370,700,000","263,200,000","399,200,000","298,900,000","364,200,000","264,100,000","254,400,000","263,600,000","328,600,000","241,800,000","350,300,000","253,800,000","326,100,000","218,400,000","331,600,000","239,300,000","313,900,000","209,100,000","329,500,000","243,800,000","325,200,000","205,500,000","300,400,000","196,000,000","289,500,000","205,100,000","307,100,000","203,900,000","282,700,000","204,600,000","271,900,000","203,700,000","275,100,000","201,900,000","246,500,000","174,600,000","243,300,000","163,400,000","229,500,000","165,600,000","233,400,000","164,500,000","271,000,000","213,600,000","307,000,000","208,700,000","313,800,000","202,200,000","276,700,000","183,000,000","277,200,000","177,100,000","244,100,000","165,700,000","252,600,000","161,700,000","225,800,000","150,500,000","236,500,000","145,300,000","206,100,000","135,600,000","221,282,000","135,269,000","190,747,000","128,584,000","201,474,000","126,104,000","187,315,000","128,566,000","164,141,000","92,355,000","151,366,000","95,280,000","142,206,000","85,664,000","127,387,000","143,538,000","119,900,000","70,300,000","107,100,000","65,600,000","94,400,000","53,800,000","86,000,000","50,900,000","74,400,000","41,500,000","66,400,000","40,100,000","60,200,000","32,200,000","53,000,000","30,500,000","47,600,000","23,700,000","42,100,000","24,100,000","37,500,000","18,200,000","33,500,000","18,900,000","30,700,000","12,800,000","27,300,000","14,700,000","23,800,000","10,400,000","22,400,000","8,900,000","20,300,000","7,700,000","18,600,000","10,500,000","17,100,000","6,700,000","17,400,000","10,800,000","17,100,000","5,600,000",,,,,,,,,,,,,,,,
NormalizedIncome,"1,400,561,600","416,200,000","355,600,000","348,200,000","287,800,000","398,100,000","313,300,000","-24,200,000","258,100,000","415,000,000","290,200,000","370,700,000","263,200,000","399,200,000","298,900,000","364,200,000","264,100,000","254,400,000","263,600,000","328,600,000","241,800,000","350,300,000","253,800,000","326,100,000","218,400,000","331,600,000","239,300,000","313,900,000","209,100,000","329,500,000","243,800,000","326,440,200","210,134,000","309,114,062.194","214,405,500","289,500,000","205,100,000","307,100,000","203,900,000","282,700,000","204,600,000","271,900,000","203,700,000","275,100,000","201,900,000","246,500,000","174,600,000","243,300,000","163,400,000","229,500,000","165,600,000","233,400,000","164,500,000","271,000,000","213,600,000","307,000,000","208,700,000","313,800,000","202,200,000","276,700,000","183,000,000","277,200,000","177,100,000","244,100,000","165,700,000","252,600,000","161,700,000","225,800,000","150,500,000","236,500,000","145,300,000","206,100,000","135,600,000","221,282,000","135,269,000","190,747,000","126,967,301.331","201,474,000","126,104,000","187,315,000","128,566,000","164,141,000","92,355,000","151,366,000","95,280,000","139,624,800","83,799,800","125,809,600","76,986,000","125,540,000","67,600,000","99,840,000","60,740,000","83,660,000","46,360,000","77,900,000","44,300,000","80,400,000","35,440,000","58,240,000","35,840,000","52,700,000","28,300,000","48,380,000","28,640,000","39,560,000","19,649,234.694","36,700,000","20,500,000","37,140,000","14,540,000","29,300,000","16,200,000","17,680,000","11,702,857.143","23,940,000","12,060,000","11,740,000","10,340,000","19,940,000","7,640,000","6,200,000","7,700,000","16,860,000","9,900,000","5,400,000","5,620,000","16,260,000","7,860,000","13,080,000","2,120,000",,,,,,,,,,,,,,,,
InterestIncome,"27,300,000","7,200,000","7,000,000","6,800,000","6,300,000","7,200,000","5,900,000","6,500,000","12,700,000","13,400,000","13,500,000","16,400,000","17,000,000","15,200,000","12,700,000","13,900,000","15,400,000","11,700,000","12,600,000","11,500,000","13,900,000","12,000,000","10,900,000","9,500,000","10,200,000","10,300,000","9,700,000","10,100,000","9,400,000","11,800,000","10,800,000","11,800,000","8,700,000","8,600,000","7,700,000","8,500,000","8,100,000","9,100,000","7,500,000","9,100,000","9,300,000","9,200,000","7,900,000","9,300,000","9,800,000","6,700,000","6,300,000","6,200,000","5,700,000","5,600,000","4,900,000","5,500,000","5,400,000",,,,,,,,,,,,,,,,,,,,,,,,,,,,,,,,,,,,,,,,,,,,,,,,,,,,,,,,,,,,,,,,,,,,,,,,,,,,,,,,,,,,,,,,,,,,,,
InterestExpense,"202,600,000","17,800,000","50,700,000","80,300,000","53,800,000","56,800,000","54,400,000","53,700,000","58,500,000","55,900,000","62,800,000","66,600,000","63,000,000","70,400,000","69,400,000","66,400,000","62,300,000","55,300,000","59,000,000","56,800,000","53,500,000","52,100,000","52,900,000","54,300,000","50,300,000","47,100,000","45,600,000","44,700,000","43,600,000","41,800,000","42,200,000","45,500,000","47,700,000","48,400,000","50,500,000","49,200,000","49,000,000","49,400,000","47,800,000","44,000,000","38,500,000","39,500,000","39,800,000","36,900,000","41,900,000","38,800,000","36,100,000","29,900,000","29,800,000","34,200,000","33,800,000","27,400,000","26,800,000",,,,,,,,,,,,,,,,,,,,,,,,,,,,,,,,,,,,,,,,,,,,,,,,,,,,,,,,,,,,,,,,,,,,,,,,,,,,,,,,,,,,,,,,,,,,,,
NetInterestIncome,"-218,700,000","-54,000,000","-43,700,000","-73,500,000","-47,500,000","-56,100,000","-48,500,000","-47,200,000","-45,800,000","-47,200,000","-49,300,000","-50,200,000","-46,000,000","-60,800,000","-56,700,000","-52,500,000","-46,900,000","-43,600,000","-46,400,000","-45,300,000","-39,600,000","-40,100,000","-42,000,000","-44,800,000","-40,100,000","-36,800,000","-35,900,000","-34,600,000","-34,200,000","-30,000,000","-31,400,000","-33,700,000","-39,000,000","-39,800,000","-42,800,000","-40,700,000","-40,900,000","-40,300,000","-40,300,000","-34,900,000","-29,200,000","-30,300,000","-31,900,000","-27,600,000","-32,100,000","-32,100,000","-29,800,000","-23,700,000","-24,100,000","-28,600,000","-28,900,000","-21,900,000","-21,400,000",,,,,,,,,,,,,,,,,,,,,,,,,,,,,,,,,,,,,,,,,,,,,,,,,,,,,,,,,,,,,,,,,,,,,,,,,,,,,,,,,,,,,,,,,,,,,,
EBIT,"2,191,400,000","595,900,000","548,600,000","575,200,000","471,700,000","623,500,000","507,300,000","69,000,000","432,900,000","663,800,000","486,800,000","590,100,000","445,900,000","644,500,000","515,000,000","596,200,000","437,100,000","631,800,000","476,800,000","577,000,000","423,800,000","613,900,000","464,000,000","571,300,000","402,300,000","585,800,000","438,000,000","548,700,000","387,100,000","591,200,000","444,400,000","560,200,000","391,400,000","559,700,000","387,100,000","531,500,000","379,800,000","557,100,000","394,800,000","515,500,000","371,800,000","496,600,000","381,300,000","497,400,000","331,900,000","446,300,000","320,400,000","421,600,000","296,700,000","405,200,000","299,700,000","403,600,000","287,800,000","448,400,000","373,400,000","516,800,000","350,800,000","531,800,000","350,200,000","461,600,000","315,500,000","474,200,000","307,400,000","417,400,000","284,400,000","426,100,000","274,500,000","382,000,000","257,300,000","394,900,000","247,400,000","343,700,000","229,300,000","370,264,000","234,411,000","336,645,000","223,354,000","333,375,000","211,391,000","330,490,000","228,859,000","303,584,000","182,210,000","291,106,000","191,284,000","278,432,000","182,254,000","253,717,000","163,687,000","231,900,000","147,200,000","210,500,000","134,600,000","175,100,000","110,900,000","174,800,000","99,200,000","126,800,000","79,800,000","122,800,000","74,000,000","104,700,000","59,600,000","101,200,000","59,600,000","87,800,000","45,800,000","80,700,000","47,800,000","66,800,000","35,100,000","64,900,000","37,800,000","55,100,000","26,100,000","56,600,000","31,300,000","48,000,000","30,200,000","45,300,000","23,100,000","43,700,000","25,300,000","38,800,000","27,500,000","36,900,000","21,900,000","42,500,000","25,500,000","37,200,000","13,500,000","232,000,000","216,400,000","-548,700,000","204,800,000","223,600,000","205,000,000","-488,700,000","185,600,000","200,300,000","177,200,000","-480,700,000","178,500,000","60,800,000","54,800,000","-142,000,000","49,400,000"
EBITDA,"2,403,500,000"
ReconciledCostOfRevenue,"11,499,700,000","3,069,300,000","2,747,300,000","2,846,500,000","2,836,600,000","2,987,200,000","2,560,200,000","2,599,000,000","2,842,900,000","3,341,100,000","2,995,400,000","2,980,600,000","2,876,800,000","3,279,100,000","3,032,600,000","3,092,500,000","3,033,100,000","3,365,300,000","3,087,200,000","3,033,100,000","2,996,200,000","3,446,500,000","3,160,800,000","3,139,200,000","2,924,700,000","3,118,800,000","2,832,600,000","2,789,700,000","2,620,800,000","3,119,300,000","2,813,200,000","2,794,600,000","2,622,800,000","3,012,900,000","2,579,200,000","2,598,800,000","2,533,600,000","2,889,200,000","2,515,800,000","2,541,300,000","2,434,400,000","2,854,800,000","2,504,700,000","2,472,800,000","2,418,300,000","2,687,700,000","2,210,800,000","2,153,400,000","2,162,400,000","2,375,100,000","2,049,900,000","2,011,800,000","2,013,800,000",,,,,,,,,,,,,,,,,,,,,,,,,,,,,,,,,"-58,653,000","-57,338,000","-57,043,000","-52,636,000","-74,700,000","-29,000,000","-47,000,000","-45,000,000","-44,000,000","-42,200,000","-41,000,000","-27,200,000","-34,900,000","-29,800,000","-29,400,000","-26,000,000","-30,000,000","-24,500,000","-24,700,000","-20,500,000","-22,200,000","-28,500,000","-15,300,000","-18,800,000","-20,500,000","-22,900,000","-12,500,000","-16,400,000","-22,400,000","-13,400,000","100,500,000","89,200,000","100,400,000","94,500,000","97,300,000","85,200,000","97,800,000","78,100,000","83,900,000","73,200,000","82,000,000","80,300,000","82,100,000","75,400,000","325,300,000","78,500,000",,,,,,,,,,,,,,,,
ReconciledDepreciation,"212,100,000","54,200,000","51,100,000","53,500,000","53,300,000","53,800,000","54,700,000","57,100,000","57,000,000","56,200,000","57,900,000","57,800,000","59,600,000","61,300,000","65,900,000","67,400,000","69,400,000","69,700,000","68,600,000","71,100,000","72,700,000","72,600,000","73,100,000","73,000,000","74,200,000","72,400,000","71,700,000","72,800,000","74,200,000","77,000,000","74,100,000","72,400,000","70,900,000","71,900,000","71,000,000","70,800,000","71,100,000","72,100,000","71,900,000","69,400,000","69,300,000","70,100,000","69,700,000","68,700,000","65,200,000","67,400,000","62,400,000","61,200,000","62,000,000","69,000,000","60,100,000","57,900,000","55,800,000","119,000,000","32,700,000","71,100,000","72,400,000","73,100,000","69,700,000","68,300,000","66,200,000","70,900,000","66,000,000","64,300,000","59,900,000","66,600,000","62,700,000","65,200,000","67,700,000","70,900,000","70,200,000","71,300,000","76,900,000","68,235,000","52,702,000","52,917,000","47,337,000","54,022,000","51,697,000","49,980,000","49,107,000","64,255,000","67,948,000","65,908,000","59,933,000","58,653,000","57,338,000","57,043,000","52,636,000","74,700,000","29,000,000","47,000,000","45,000,000","44,000,000","42,200,000","41,000,000","27,200,000","34,900,000","29,800,000","29,400,000","26,000,000","30,000,000","24,500,000","24,700,000","20,500,000","22,200,000","28,500,000","15,300,000","18,800,000","20,500,000","22,900,000","12,500,000","16,400,000","22,400,000","13,400,000","13,100,000","11,700,000","13,700,000","12,800,000","11,800,000","11,500,000","12,000,000","10,400,000","10,600,000","13,200,000","13,400,000","11,800,000","10,700,000","10,500,000","12,100,000","7,900,000",,,,,,,,,,,,,,,,
NetIncomeFromContinuingOperationNetMinorityInterest,"1,407,800,000","416,200,000","355,600,000","348,200,000","287,800,000","398,100,000","313,300,000","-24,200,000","258,100,000","415,000,000","290,200,000","370,700,000","263,200,000","399,200,000","298,900,000","364,200,000","264,100,000","254,400,000","263,600,000","328,600,000","241,800,000","350,300,000","253,800,000","326,100,000","218,400,000","331,600,000","239,300,000","313,900,000","209,100,000","329,500,000","243,800,000","325,200,000","205,500,000","300,400,000","196,000,000","289,500,000","205,100,000","307,100,000","203,900,000","282,700,000","204,600,000","271,900,000","203,700,000","275,100,000","201,900,000","246,500,000","174,600,000","243,300,000","163,400,000","229,500,000","165,600,000","233,400,000","164,500,000","271,000,000","213,600,000","307,000,000","208,700,000","313,800,000","202,200,000","276,700,000","183,000,000","277,200,000","177,100,000","244,100,000","165,700,000","252,600,000","161,700,000","225,800,000","150,500,000","236,500,000","145,300,000","206,100,000","135,600,000","221,282,000","135,269,000","190,747,000","128,584,000","201,474,000","126,104,000","187,315,000","128,566,000","164,141,000","92,355,000","151,366,000","95,280,000","142,206,000","85,664,000","127,387,000","143,538,000","119,900,000","70,300,000","107,100,000","65,600,000","94,400,000","53,800,000","86,000,000","50,900,000","74,400,000","41,500,000","66,400,000","40,100,000","60,200,000","32,200,000","53,000,000","30,500,000","47,600,000","23,700,000","42,100,000","24,100,000","37,500,000","18,200,000","33,500,000","18,900,000","30,700,000","12,800,000","27,300,000","14,700,000","23,800,000","10,400,000","22,400,000","8,900,000","20,300,000","7,700,000","18,600,000","10,500,000","17,100,000","6,700,000","17,400,000","10,800,000","17,100,000","5,600,000",,,,,,,,,,,,,,,,
TotalUnusualItemsExcludingGoodwill,"9,600,000",,,,,,,,,,,,,,,,,,,,,,,,,,,,,,"0","-1,800,000","-7,000,000","-13,300,000","-28,100,000",,,,,,,,,,,,,,,,,,,,,,,,,,,,,,,,,,,,,,,,,,"2,486,000",,,,,,,,,"4,302,000","3,107,000","2,629,000","110,920,000","-9,400,000","4,500,000","12,100,000","8,100,000","17,900,000","12,400,000","13,500,000","11,000,000","-10,000,000","10,100,000","13,600,000","7,100,000","12,500,000","6,500,000","7,700,000","3,100,000","13,400,000","6,700,000","9,000,000","6,000,000","600,000","6,100,000","7,000,000","4,500,000","21,700,000","1,800,000","5,600,000","4,400,000","20,100,000","100,000","4,100,000","2,100,000","23,500,000",,"2,900,000","1,000,000","19,500,000","1,800,000","1,900,000","4,900,000","6,700,000","5,800,000",,,,,,,,,,,,,,,,
TotalUnusualItems,"9,600,000",,,,,,,,,,,,,,,,,,,,,,,,,,,,,,"0","-1,800,000","-7,000,000","-13,300,000","-28,100,000",,,,,,,,,,,,,,,,,,,,,,,,,,,,,,,,,,,,,,,,,,"2,486,000",,,,,,,,,"4,302,000","3,107,000","2,629,000","110,920,000","-9,400,000","4,500,000","12,100,000","8,100,000","17,900,000","12,400,000","13,500,000","11,000,000","-10,000,000","10,100,000","13,600,000","7,100,000","12,500,000","6,500,000","7,700,000","3,100,000","13,400,000","6,700,000","9,000,000","6,000,000","600,000","6,100,000","7,000,000","4,500,000","21,700,000","1,800,000","5,600,000","4,400,000","20,100,000","100,000","4,100,000","2,100,000","23,500,000",,"2,900,000","1,000,000","19,500,000","1,800,000","1,900,000","4,900,000","6,700,000","5,800,000",,,,,,,,,,,,,,,,
NormalizedEBITDA,"2,393,900,000","650,100,000","599,700,000","628,700,000","525,000,000","677,300,000","562,000,000","126,100,000","489,900,000","720,000,000","544,700,000","647,900,000","505,500,000","705,800,000","580,900,000","663,600,000","506,500,000","701,500,000","545,400,000","648,100,000","496,500,000","686,500,000","537,100,000","644,300,000","476,500,000","658,200,000","509,700,000","621,500,000","461,300,000","668,200,000","518,500,000","634,400,000","469,300,000","644,900,000","486,200,000","602,300,000","450,900,000","629,200,000","466,700,000","584,900,000","441,100,000","566,700,000","451,000,000","566,100,000","397,100,000","513,700,000","382,800,000","482,800,000","358,700,000","474,200,000","359,800,000","461,500,000","343,600,000","567,400,000","406,100,000","587,900,000","423,200,000","604,900,000","419,900,000","529,900,000","381,700,000","545,100,000","373,400,000","481,700,000","344,300,000","492,700,000","337,200,000","447,200,000","325,000,000","465,800,000","317,600,000","415,000,000","306,200,000","438,499,000","287,113,000","389,562,000","268,205,000","387,397,000","263,088,000","380,470,000","277,966,000","367,839,000","250,158,000","357,014,000","251,217,000","332,783,000","236,485,000","308,131,000","105,403,000","316,000,000","171,700,000","245,400,000","171,500,000","201,200,000","140,700,000","202,300,000","115,400,000","171,700,000","99,500,000","138,600,000","92,900,000","122,200,000","77,600,000","118,200,000","77,000,000","96,600,000","67,600,000","87,000,000","60,600,000","86,700,000","51,900,000","70,400,000","49,700,000","55,800,000","37,700,000","64,100,000","38,600,000","41,600,000","42,900,000","53,000,000","32,500,000","32,200,000","35,700,000","46,500,000","39,700,000","30,800,000","31,900,000","51,300,000","31,100,000","42,600,000","15,600,000","232,000,000","216,400,000","-548,700,000","204,800,000","223,600,000","205,000,000","-488,700,000","185,600,000","200,300,000","177,200,000","-480,700,000","178,500,000","60,800,000","54,800,000","-142,000,000","49,400,000"
TaxRateForCalcs,"0.246","0.231","0.241","0.249","0.268","0.25","0.267","0.27","0.26","0.261","0.265","0.249","0.268","0.261","0.259","0.258","0.243","0.4","0.316","0.32","0.292","0.325","0.327","0.325","0.328","0.328","0.328","0.328","0.328","0.332","0.334","0.311","0.338","0.345","0.345","0.339","0.33","0.27","0.342","0.343","0.328","0.343","0.343","0.343","0.255","0.342","0.341","0.34","0.34","0.336","0.34","0.345","0.34","0.335","0.335","0.336","0.339","0.339","0.339","0.339","0.338","0.336","0.331","0.336","0.338","0.337","0.337","0.338","0.351","0.336","0.337","0.336","0.336","0.351","0.358","0.342","0.35","0.384","0.339","0.376","0.367","0.4","0.392","0.396","0.396","0.4","0.4","0.4","0.4","0.4","0.4","0.4","0.4","0.4","0.4","0.4","0.4","0.4","0.4","0.4","0.4","0.4","0.4","0.4","0.4","0.4","0.395","0.4","0.4","0.4","0.4","0.4","0.4","0.4","0.39","0.4","0.4","0.4","0.4","0.4","0.4","0.4","0.4","0.4","0.4","0.4","0.4","0.4","0.4","0.4","0.4",,,,,,,,,,,,,,,,
TaxEffectOfUnusualItems,"2,361,600","0","0","0","0","0","0","0","0","0","0","0","0","0","0","0","0","0","0","0","0","0","0","0","0","0","0","0","0","0","0","-559,800","-2,366,000","-4,585,937.806","-9,694,500","0","0","0","0","0","0","0","0","0","0","0","0","0","0","0","0","0","0","0","0","0","0","0","0","0","0","0","0","0","0","0","0","0","0","0","0","0","0","0","0","0","869,301.331","0","0","0","0","0","0","0","0","1,720,800","1,242,800","1,051,600","44,368,000","-3,760,000","1,800,000","4,840,000","3,240,000","7,160,000","4,960,000","5,400,000","4,400,000","-4,000,000","4,040,000","5,440,000","2,840,000","5,000,000","2,600,000","3,080,000","1,240,000","5,360,000","2,649,234.694","3,600,000","2,400,000","240,000","2,440,000","2,800,000","1,800,000","8,680,000","702,857.143","2,240,000","1,760,000","8,040,000","40,000","1,640,000","840,000","9,400,000","0","1,160,000","400,000","7,800,000","720,000","760,000","1,960,000","2,680,000","2,320,000",,,,,,,,,,,,,,,,