name,ttm,02/28/2022,11/30/2021,08/31/2021,05/31/2021,02/28/2021,11/30/2020,08/31/2020,05/31/2020,02/29/2020,11/30/2019,08/31/2019,05/31/2019,02/28/2019,11/30/2018,08/31/2018,05/31/2018,02/28/2018,11/30/2017,08/31/2017,05/31/2017,02/28/2017,11/30/2016,08/31/2016,05/31/2016,02/29/2016,11/30/2015,08/31/2015,05/31/2015,02/28/2015,11/30/2014,08/31/2014,05/31/2014,02/28/2014,11/30/2013,08/31/2013,05/31/2013,02/28/2013,11/30/2012,08/31/2012,05/31/2012,02/29/2012,11/30/2011,08/31/2011,05/31/2011,02/28/2011,11/30/2010,08/31/2010,05/31/2010,02/28/2010,11/30/2009,08/31/2009,05/31/2009,02/28/2009,11/30/2008,08/31/2008,05/31/2008,02/29/2008,11/30/2007,08/31/2007,05/31/2007,02/28/2007,11/30/2006,08/31/2006,05/31/2006,02/28/2006,11/30/2005,08/31/2005,05/31/2005,02/28/2005,11/30/2004,08/31/2004,05/31/2004,02/29/2004,11/30/2003,08/31/2003,05/31/2003,02/28/2003,11/30/2002,08/31/2002,05/31/2002,02/28/2002,11/30/2001,08/31/2001,05/31/2001,02/28/2001,11/30/2000,08/31/2000,05/31/2000,02/29/2000,11/30/1999,08/31/1999,05/31/1999,02/28/1999,11/30/1998,08/31/1998,05/31/1998,02/28/1998,11/30/1997,08/31/1997,05/31/1997,02/28/1997,11/30/1996,08/31/1996,05/31/1996,02/29/1996,11/30/1995,08/31/1995,05/31/1995,02/28/1995,11/30/1994,08/31/1994,05/31/1994,02/28/1994,11/30/1993,08/31/1993,05/31/1993,02/28/1993,11/30/1992,08/31/1992,05/31/1992,02/29/1992,11/30/1991,08/31/1991,05/31/1991,02/28/1991,11/30/1990,08/31/1990,05/31/1990,02/28/1990,11/30/1989,08/31/1989,05/31/1989,02/28/1989,11/30/1988,08/31/1988,05/31/1988,02/29/1988,11/30/1987,08/31/1987,05/31/1987,02/28/1987,11/30/1986,08/31/1986,05/31/1986,02/28/1986,11/30/1985,08/31/1985
TotalRevenue,"41,827,000,000","10,513,000,000","10,360,000,000","9,728,000,000","11,227,000,000","10,085,000,000","9,800,000,000","9,367,000,000","10,439,000,000","9,796,000,000","9,614,000,000","9,218,000,000","11,137,000,000","9,614,000,000","9,562,000,000","9,193,000,000","11,252,000,000","9,771,000,000","9,621,000,000","9,187,000,000","10,893,000,000","9,205,000,000","9,035,000,000","8,595,000,000","10,594,000,000","9,012,000,000","8,993,000,000","8,448,000,000","10,706,000,000","9,327,000,000","9,598,000,000","8,596,000,000","11,320,000,000","9,307,000,000","9,275,000,000","8,372,000,000","10,947,000,000","8,958,000,000","9,094,000,000","8,181,000,000","10,916,000,000","9,039,000,000","8,792,000,000","8,374,000,000","10,775,000,000","8,764,000,000","8,582,000,000","7,502,000,000","9,505,000,000","6,404,000,000","5,858,000,000","5,054,000,000","6,861,000,000","5,453,000,000","5,607,000,000","5,331,000,000","7,239,000,000","5,349,000,000","5,313,000,000","4,529,000,000","5,829,000,000","4,414,000,000","4,163,000,000","3,591,000,000","4,851,000,000","3,470,000,000","3,292,000,000","2,768,000,000","3,878,000,000","2,950,000,000","2,756,000,000","2,215,000,000","3,076,000,000","2,509,000,000","2,498,000,000","2,072,000,000","2,832,000,000","2,307,000,000","2,309,000,000","2,028,000,000","2,844,277,000","2,229,343,000","2,357,335,000","2,242,045,000","3,263,884,000","2,674,367,000","2,659,546,000","2,261,875,000","3,374,310,000","2,449,418,000","2,321,883,000","1,984,517,000","2,943,278,000","2,078,919,000","2,055,944,000","1,749,110,000","2,412,553,000","1,748,757,000","1,613,727,000","1,368,829,000","1,948,031,000","1,372,612,000","1,311,373,000","1,052,300,000","1,464,074,000","1,020,239,000","967,184,000","771,803,000","1,017,900,000","722,200,000","670,300,000","556,500,000","668,100,000","482,800,000","452,200,000","398,100,000","472,600,000","370,100,000","353,200,000","306,900,000","360,200,000","289,600,000","283,900,000","244,700,000","285,900,000","269,500,000","268,700,000","203,700,000","334,400,000","236,400,000","224,600,000","175,500,000","216,000,000","153,400,000","123,700,000","90,600,000","104,200,000","76,300,000","60,300,000","41,300,000","50,400,000","34,900,000","28,400,000","17,600,000","20,900,000","16,000,000","9,300,000","9,300,000"
	OperatingRevenue,"41,827,000,000","10,513,000,000","10,360,000,000","9,728,000,000","11,227,000,000","10,085,000,000","9,800,000,000","9,367,000,000","10,439,000,000","9,796,000,000","9,614,000,000","9,218,000,000","11,137,000,000","9,614,000,000","9,562,000,000","9,193,000,000","11,252,000,000","9,771,000,000","9,621,000,000","9,187,000,000","10,893,000,000","9,205,000,000","9,035,000,000","8,595,000,000","10,594,000,000","9,012,000,000","8,993,000,000","8,448,000,000","10,706,000,000","9,327,000,000","9,598,000,000","8,596,000,000","11,320,000,000","9,307,000,000","9,275,000,000","8,372,000,000","10,947,000,000","8,958,000,000","9,094,000,000","8,181,000,000","10,916,000,000","9,039,000,000","8,792,000,000","8,374,000,000","10,775,000,000","8,764,000,000","8,582,000,000","7,502,000,000","9,505,000,000","6,404,000,000","5,858,000,000","5,054,000,000","6,861,000,000","5,453,000,000","5,607,000,000","5,331,000,000","7,239,000,000","5,349,000,000","5,313,000,000","4,529,000,000","5,829,000,000","4,414,000,000","4,163,000,000","3,591,000,000","4,851,000,000","3,470,000,000","3,292,000,000","2,768,000,000","3,878,000,000","2,950,000,000","2,756,000,000","2,215,000,000","3,076,000,000","2,509,000,000","2,498,000,000","2,072,000,000","2,832,000,000","2,307,000,000","2,309,000,000","2,028,000,000","2,844,277,000","2,229,343,000","2,357,335,000","2,242,045,000","3,263,884,000","2,674,367,000","2,659,546,000","2,261,875,000","3,374,310,000","2,449,418,000","2,321,883,000","1,984,517,000","2,943,278,000","2,078,919,000","2,055,944,000","1,749,110,000","2,412,553,000","1,748,757,000","1,613,727,000","1,368,829,000","1,948,031,000","1,372,612,000","1,311,373,000","1,052,300,000","1,464,074,000","1,020,239,000","967,184,000","771,803,000","1,017,900,000","722,200,000","670,300,000","556,500,000","668,100,000","482,800,000","452,200,000","398,100,000","472,600,000","370,100,000","353,200,000","306,900,000","360,200,000","289,600,000","283,900,000","244,700,000","285,900,000","269,500,000","268,700,000","203,700,000","334,400,000","236,400,000","224,600,000","175,500,000","216,000,000","153,400,000","123,700,000","90,600,000","104,200,000","76,300,000","60,300,000","41,300,000","50,400,000","34,900,000","28,400,000","17,600,000","20,900,000","16,000,000","9,300,000","9,300,000"
CostOfRevenue,"8,602,000,000","2,218,000,000","2,159,000,000","2,103,000,000","2,122,000,000","1,915,000,000","1,939,000,000","1,880,000,000","1,969,000,000","1,964,000,000","2,048,000,000","1,957,000,000","2,063,000,000","1,976,000,000","2,001,000,000","1,953,000,000","2,179,000,000","2,002,000,000","1,965,000,000","1,933,000,000","2,003,000,000","1,892,000,000","1,797,000,000","1,776,000,000","1,936,000,000","1,839,000,000","1,853,000,000","1,850,000,000","2,053,000,000","1,900,000,000","1,899,000,000","1,681,000,000","2,207,000,000","1,676,000,000","1,719,000,000","1,633,000,000","1,828,000,000","1,716,000,000","1,794,000,000","1,775,000,000","2,006,000,000","1,908,000,000","1,956,000,000","1,988,000,000","2,169,000,000","2,012,000,000","2,157,000,000","2,062,000,000","2,242,000,000","1,419,000,000","832,000,000","782,000,000","1,179,000,000","1,111,000,000","1,196,000,000","1,308,000,000","1,341,000,000","1,243,000,000","1,238,000,000","1,159,000,000","1,159,000,000","1,030,000,000","1,025,000,000","980,000,000","964,000,000","790,000,000","757,000,000","723,000,000","790,000,000","716,000,000","590,000,000","555,000,000","980,000,000","439,000,000","455,000,000","563,000,000","580,000,000","574,000,000","599,000,000","589,000,000","638,822,000","547,467,000","609,838,000","609,873,000","718,550,000","708,614,000","694,998,000","673,878,000","725,498,000","707,261,000","753,170,000","756,750,000","812,988,000","792,023,000","779,847,000","679,290,000","670,411,000","586,398,000","548,631,000","468,167,000","435,435,000","401,441,000","377,483,000","336,107,000","322,239,000","286,843,000","255,422,000","231,509,000","192,700,000","159,500,000","153,100,000","125,900,000","126,200,000","100,700,000","90,900,000","76,900,000","55,600,000","64,400,000","64,500,000","59,000,000","61,000,000","57,600,000","52,200,000","45,000,000","50,200,000","52,300,000","51,700,000","41,600,000","39,100,000","32,000,000",,,,,,,,,,,,,,,,,,
GrossProfit,"33,225,000,000","8,295,000,000","8,201,000,000","7,625,000,000","9,105,000,000","8,170,000,000","7,861,000,000","7,487,000,000","8,470,000,000","7,832,000,000","7,566,000,000","7,261,000,000","9,074,000,000","7,638,000,000","7,561,000,000","7,240,000,000","9,073,000,000","7,769,000,000","7,656,000,000","7,254,000,000","8,890,000,000","7,313,000,000","7,238,000,000","6,819,000,000","8,658,000,000","7,173,000,000","7,140,000,000","6,598,000,000","8,653,000,000","7,427,000,000","7,699,000,000","6,915,000,000","9,113,000,000","7,631,000,000","7,556,000,000","6,739,000,000","9,119,000,000","7,242,000,000","7,300,000,000","6,406,000,000","8,910,000,000","7,131,000,000","6,836,000,000","6,386,000,000","8,606,000,000","6,752,000,000","6,425,000,000","5,440,000,000","7,263,000,000","4,985,000,000","5,026,000,000","4,272,000,000","5,682,000,000","4,342,000,000","4,411,000,000","4,023,000,000","5,898,000,000","4,106,000,000","4,075,000,000","3,370,000,000","4,670,000,000","3,384,000,000","3,138,000,000","2,611,000,000","3,887,000,000","2,680,000,000","2,535,000,000","2,045,000,000","3,088,000,000","2,234,000,000","2,166,000,000","1,660,000,000","2,096,000,000","2,070,000,000","2,043,000,000","1,509,000,000","2,252,000,000","1,733,000,000","1,710,000,000","1,439,000,000","2,205,455,000","1,681,876,000","1,747,497,000","1,632,172,000","2,545,334,000","1,965,753,000","1,964,548,000","1,587,997,000","2,648,812,000","1,742,157,000","1,568,713,000","1,227,767,000","2,130,290,000","1,286,896,000","1,276,097,000","1,069,820,000","1,742,142,000","1,162,359,000","1,065,096,000","900,662,000","1,512,596,000","971,171,000","933,890,000","716,193,000","1,141,835,000","733,396,000","711,762,000","540,294,000","825,200,000","562,700,000","517,200,000","430,600,000","541,900,000","382,100,000","361,300,000","321,200,000","417,000,000","305,700,000","288,700,000","247,900,000","299,200,000","232,000,000","231,700,000","199,700,000","235,700,000","217,200,000","217,000,000","162,100,000","295,300,000","204,400,000",,,,,,,,,,,,,,,,,,
OperatingExpense,"22,061,000,000","4,447,000,000","8,990,000,000","4,155,000,000","4,568,000,000","4,213,000,000","4,106,000,000","4,083,000,000","4,081,000,000","4,237,000,000","4,329,000,000","4,281,000,000","4,634,000,000","4,200,000,000","4,299,000,000","4,358,000,000","4,591,000,000","4,265,000,000","4,278,000,000","4,297,000,000","4,680,000,000","4,163,000,000","4,075,000,000","4,065,000,000","4,518,000,000","4,020,000,000","4,097,000,000","3,830,000,000","4,433,000,000","3,988,000,000","4,126,000,000","3,858,000,000","4,147,000,000","4,031,000,000","4,077,000,000","3,800,000,000","4,342,000,000","3,834,000,000","3,819,000,000","3,640,000,000","4,244,000,000","3,712,000,000","3,668,000,000","3,583,000,000","4,122,000,000","3,643,000,000","3,419,000,000","3,311,000,000","3,704,000,000","2,802,000,000","2,724,000,000","2,478,000,000","2,707,000,000","2,360,000,000","2,398,000,000","2,439,000,000","2,805,000,000","2,263,000,000","2,265,000,000","2,106,000,000","2,318,000,000","1,934,000,000","1,806,000,000","1,611,000,000","1,968,000,000","1,517,000,000","1,419,000,000","1,294,000,000","1,536,000,000","1,306,000,000","1,035,000,000","945,000,000","689,000,000","1,143,000,000","1,128,000,000","893,000,000","981,000,000","937,000,000","916,000,000","859,000,000","978,916,000","903,137,000","927,553,000","886,394,000","1,250,408,000","1,087,630,000","1,018,547,000","929,956,000","1,260,301,000","972,436,000","992,648,000","881,904,000","1,323,992,000","880,217,000","894,030,000","791,983,000","1,137,197,000","844,086,000","793,090,000","684,632,000","952,801,000","674,244,000","659,702,000","547,318,000","735,689,000","513,454,000","507,150,000","415,172,000","555,800,000","407,900,000","379,300,000","343,100,000","372,600,000","278,200,000","269,400,000","266,400,000","287,600,000","262,000,000","237,000,000","231,900,000","251,900,000","202,200,000","203,800,000","191,200,000","216,700,000","188,400,000","200,000,000","209,200,000","210,700,000","163,400,000",,,,,,,,,,,,,,,,,,
	SellingGeneralAndAdministration,"9,146,000,000","2,339,000,000","2,273,000,000","2,152,000,000","2,382,000,000","2,245,000,000","2,160,000,000","2,149,000,000","2,237,000,000","2,337,000,000","2,391,000,000","2,310,000,000","2,648,000,000","2,367,000,000","2,400,000,000","2,360,000,000","2,632,000,000","2,373,000,000","2,403,000,000","2,312,000,000","2,631,000,000","2,245,000,000","2,263,000,000","2,234,000,000","2,629,000,000","2,193,000,000","2,230,000,000","1,988,000,000","2,490,000,000","2,091,000,000","2,169,000,000","1,982,000,000","2,231,000,000","2,179,000,000","2,227,000,000","1,968,000,000","2,482,000,000","2,062,000,000","2,036,000,000","1,820,000,000","2,378,000,000","1,961,000,000","1,974,000,000","1,941,000,000","2,353,000,000","1,904,000,000","1,686,000,000","1,605,000,000","2,037,000,000","1,477,000,000","1,316,000,000","1,387,000,000","1,540,000,000","1,246,000,000","1,320,000,000","1,318,000,000","1,726,000,000","1,289,000,000","1,301,000,000","1,169,000,000","1,464,000,000","1,142,000,000","1,085,000,000","907,000,000","1,246,000,000","902,000,000","825,000,000","771,000,000","957,000,000","814,000,000","708,000,000","633,000,000","362,000,000","815,000,000","805,000,000","595,000,000","683,000,000","636,000,000","621,000,000","573,000,000","696,930,000","619,906,000","670,069,000","633,095,000","930,579,000","786,175,000","752,267,000","678,929,000","990,072,000","716,884,000","744,488,000","645,963,000","1,080,685,000","670,419,000","693,352,000","604,360,000","945,044,000","659,980,000","609,873,000","524,965,000","788,361,000","535,717,000","524,402,000","430,129,000","617,114,000","420,649,000","413,878,000","330,731,000","429,400,000","303,300,000","287,600,000","257,300,000","287,100,000","203,000,000","244,100,000","243,100,000","268,600,000","242,600,000","216,900,000","211,200,000","235,200,000","187,100,000","186,900,000","174,100,000","196,100,000","171,400,000","183,100,000","193,000,000","195,300,000","153,800,000",,,,,,,,,,,,,,,,,,
		GeneralAndAdministrativeExpense,"1,258,000,000","335,000,000","319,000,000","298,000,000","305,000,000","330,000,000","324,000,000","295,000,000","278,000,000","288,000,000","323,000,000","292,000,000","330,000,000","316,000,000","299,000,000","321,000,000","307,000,000","340,000,000","321,000,000","320,000,000","317,000,000","241,000,000","303,000,000","315,000,000","323,000,000","290,000,000","285,000,000","257,000,000","278,000,000","252,000,000","272,000,000","276,000,000","265,000,000","251,000,000","262,000,000","260,000,000","274,000,000","260,000,000","263,000,000","275,000,000","278,000,000","261,000,000","277,000,000","311,000,000","256,000,000","286,000,000","156,000,000","272,000,000","292,000,000","236,000,000","183,000,000","427,000,000",,,,,,,,,,,,,,,,,,,,,,,,,,,,,,,,,,,,,,,,,,,,,,,,,,,,,,,,,,,,,,,,,,,,,,,,,,,,,,,,,,,,,,,,,,,,,,,,
			SalariesAndWages,,,"66,000,000","49,000,000","19,000,000","40,000,000","41,000,000","36,000,000",,,,,,,,,,,,,,,,,,,,,,,,,,,,,,,,,,,,,,,,,,,,,,,,,,,,,,,,,,,,,,,,,,,,,,,,,,,,,,,,,,,,,,,,,,,,,,,,,,,,,,,,,,,,,,,,,,,,,,,,,,,,,,,,,,,,,,,,,,,,
			OtherGandA,"1,258,000,000","335,000,000","319,000,000","298,000,000","305,000,000","330,000,000","324,000,000","295,000,000","278,000,000","288,000,000","323,000,000","292,000,000","330,000,000","316,000,000","299,000,000","321,000,000","307,000,000","340,000,000","321,000,000","320,000,000","317,000,000","241,000,000","303,000,000","315,000,000","323,000,000","290,000,000","285,000,000","257,000,000","278,000,000","252,000,000","272,000,000","276,000,000","265,000,000","251,000,000","262,000,000","260,000,000","274,000,000","260,000,000","263,000,000","275,000,000","278,000,000","261,000,000","277,000,000","311,000,000","256,000,000","286,000,000","156,000,000","272,000,000","292,000,000","236,000,000","183,000,000","427,000,000",,,,,,,,,,,,,,,,,,,,,,,,,,,,,,,,,,,,,,,,,,,,,,,,,,,,,,,,,,,,,,,,,,,,,,,,,,,,,,,,,,,,,,,,,,,,,,,,
		SellingAndMarketingExpense,"7,888,000,000","2,004,000,000","1,954,000,000","1,854,000,000","2,077,000,000","1,915,000,000","1,836,000,000","1,854,000,000","1,959,000,000","2,049,000,000","2,068,000,000","2,018,000,000","2,318,000,000","2,051,000,000","2,101,000,000","2,039,000,000","2,325,000,000","2,033,000,000","2,082,000,000","1,992,000,000","2,314,000,000","2,004,000,000","1,960,000,000","1,919,000,000","2,306,000,000","1,903,000,000","1,945,000,000","1,731,000,000","2,212,000,000","1,839,000,000","1,897,000,000","1,706,000,000","1,966,000,000","1,928,000,000","1,965,000,000","1,708,000,000","2,208,000,000","1,802,000,000","1,773,000,000","1,545,000,000","2,100,000,000","1,700,000,000","1,697,000,000","1,630,000,000","2,097,000,000","1,618,000,000","1,530,000,000","1,333,000,000","1,745,000,000","1,241,000,000","1,133,000,000","960,000,000",,,,,,,,,,,,,,,,,,,,,,,,,,,,,,,,,,,,,,,,,,,,,,,,,,,,,,,,,,,,,,,,,,,,,,,,,,,,,,,,,,,,,,,,,,,,,,,,
	ResearchAndDevelopment,"6,969,000,000","1,816,000,000","1,754,000,000","1,684,000,000","1,715,000,000","1,621,000,000","1,601,000,000","1,589,000,000","1,479,000,000","1,500,000,000","1,531,000,000","1,557,000,000","1,562,000,000","1,426,000,000","1,475,000,000","1,564,000,000","1,544,000,000","1,498,000,000","1,475,000,000","1,574,000,000","1,608,000,000","1,521,000,000","1,510,000,000","1,520,000,000","1,534,000,000","1,419,000,000","1,444,000,000","1,390,000,000","1,436,000,000","1,370,000,000","1,389,000,000","1,329,000,000","1,348,000,000","1,292,000,000","1,273,000,000","1,237,000,000","1,264,000,000","1,186,000,000","1,199,000,000","1,201,000,000","1,226,000,000","1,145,000,000","1,102,000,000","1,050,000,000","1,170,000,000","1,127,000,000","1,119,000,000","1,103,000,000","1,063,000,000","823,000,000","708,000,000","660,000,000","730,000,000","677,000,000","651,000,000","708,000,000","734,000,000","682,000,000","674,000,000","652,000,000","599,000,000","570,000,000","519,000,000","506,000,000","537,000,000","467,000,000","468,000,000","400,000,000","457,000,000","411,000,000","327,000,000","312,000,000","327,000,000","328,000,000","323,000,000","298,000,000","298,000,000","301,000,000","295,000,000","286,000,000","281,986,000","283,231,000","257,484,000","253,299,000","319,829,000","301,455,000","266,280,000","251,027,000","270,229,000","255,552,000","248,160,000","235,941,000","243,307,000","209,798,000","200,678,000","187,623,000","192,153,000","184,106,000","183,217,000","159,700,000","164,440,000","138,527,000","135,300,000","117,200,000","118,575,000","92,805,000","93,272,000","84,441,000","80,900,000","67,400,000","57,200,000","55,200,000","56,200,000","48,500,000",,,,,,,,,,,,,,,,,,,,,,,,,,,,,,,,,,
	DepreciationAmortizationDepletionIncomeStatement,"1,224,000,000","279,000,000","299,000,000","303,000,000","342,000,000","347,000,000","345,000,000","345,000,000","365,000,000","400,000,000","407,000,000","414,000,000","424,000,000","407,000,000","424,000,000","434,000,000","415,000,000","394,000,000","400,000,000","411,000,000","441,000,000","397,000,000","302,000,000","311,000,000","355,000,000","408,000,000","423,000,000","452,000,000","507,000,000","527,000,000","568,000,000","547,000,000","568,000,000","560,000,000","577,000,000","595,000,000","596,000,000","586,000,000","584,000,000","619,000,000","640,000,000","606,000,000","592,000,000","592,000,000","599,000,000","612,000,000","614,000,000","603,000,000","604,000,000","502,000,000","436,000,000","431,000,000","437,000,000","437,000,000","427,000,000","413,000,000","345,000,000","292,000,000","290,000,000","285,000,000","255,000,000","222,000,000","202,000,000","198,000,000","185,000,000","148,000,000","126,000,000","123,000,000","122,000,000","81,000,000",,,,,,,,,,,,,,,,,,,,,,,,,,,,,,,,,,,,,,,"45,500,000","37,200,000","34,500,000","30,600,000","29,300,000","26,700,000","25,300,000","23,300,000","19,000,000","19,400,000","20,100,000","20,700,000","16,700,000","15,100,000","16,900,000","17,100,000","20,600,000","17,000,000","16,900,000","16,200,000","15,400,000","9,600,000",,,,,,,,,,,,,,,,,,
		DepreciationAndAmortizationInIncomeStatement,"1,224,000,000","279,000,000","299,000,000","303,000,000","342,000,000","347,000,000","345,000,000","345,000,000","365,000,000","400,000,000","407,000,000","414,000,000","424,000,000","407,000,000","424,000,000","434,000,000","415,000,000","394,000,000","400,000,000","411,000,000","441,000,000","397,000,000","302,000,000","311,000,000","355,000,000","408,000,000","423,000,000","452,000,000","507,000,000","527,000,000","568,000,000","547,000,000","568,000,000","560,000,000","577,000,000","595,000,000","596,000,000","586,000,000","584,000,000","619,000,000","640,000,000","606,000,000","592,000,000","592,000,000","599,000,000","612,000,000","614,000,000","603,000,000","604,000,000","502,000,000","436,000,000","431,000,000","437,000,000","437,000,000","427,000,000","413,000,000","345,000,000","292,000,000","290,000,000","285,000,000","255,000,000","222,000,000","202,000,000","198,000,000","185,000,000","148,000,000","126,000,000","123,000,000","122,000,000","81,000,000",,,,,,,,,,,,,,,,,,,,,,,,,,,,,,,,,,,,,,,"45,500,000","37,200,000","34,500,000","30,600,000","29,300,000","26,700,000","25,300,000","23,300,000","19,000,000","19,400,000","20,100,000","20,700,000","16,700,000","15,100,000","16,900,000","17,100,000","20,600,000","17,000,000","16,900,000","16,200,000","15,400,000","9,600,000",,,,,,,,,,,,,,,,,,
			Amortization,"1,224,000,000","279,000,000","299,000,000","303,000,000","342,000,000","347,000,000","345,000,000","345,000,000","365,000,000","400,000,000","407,000,000","414,000,000","424,000,000","407,000,000","424,000,000","434,000,000","415,000,000","394,000,000","400,000,000","411,000,000","441,000,000","397,000,000","302,000,000","311,000,000","355,000,000","408,000,000","423,000,000","452,000,000","507,000,000","527,000,000","568,000,000","547,000,000","568,000,000","560,000,000","577,000,000","595,000,000","596,000,000","586,000,000","584,000,000","619,000,000","640,000,000","606,000,000","592,000,000","592,000,000","599,000,000","612,000,000","614,000,000","603,000,000","604,000,000","502,000,000","436,000,000","431,000,000","437,000,000","437,000,000","427,000,000","413,000,000","345,000,000","292,000,000","290,000,000","285,000,000","255,000,000","222,000,000","202,000,000","198,000,000","185,000,000","148,000,000","126,000,000","123,000,000","122,000,000","81,000,000",,,,,,,,,,,,,,,,,,,,,,,,,,,,,,,,,,,,,,,,,,,,,,,,,,,,,,,,,,,,,,,,,,,,,,,,,,,,,,
				AmortizationOfIntangiblesIncomeStatement,"1,224,000,000","279,000,000","299,000,000","303,000,000","342,000,000","347,000,000","345,000,000","345,000,000","365,000,000","400,000,000","407,000,000","414,000,000","424,000,000","407,000,000","424,000,000","434,000,000","415,000,000","394,000,000","400,000,000","411,000,000","441,000,000","397,000,000","302,000,000","311,000,000","355,000,000","408,000,000","423,000,000","452,000,000","507,000,000","527,000,000","568,000,000","547,000,000","568,000,000","560,000,000","577,000,000","595,000,000","596,000,000","586,000,000","584,000,000","619,000,000","640,000,000","606,000,000","592,000,000","592,000,000","599,000,000","612,000,000","614,000,000","603,000,000","604,000,000","502,000,000","436,000,000","431,000,000","437,000,000","437,000,000","427,000,000","413,000,000","345,000,000","292,000,000","290,000,000","285,000,000","255,000,000","222,000,000","202,000,000","198,000,000","185,000,000","148,000,000","126,000,000","123,000,000","122,000,000","81,000,000",,,,,,,,,,,,,,,,,,,,,,,,,,,,,,,,,,,,,,,,,,,,,,,,,,,,,,,,,,,,,,,,,,,,,,,,,,,,,,
	OtherOperatingExpenses,"4,722,000,000","13,000,000","4,664,000,000","16,000,000",,,,,,,,,,,,,,,,,,,,,,,,,,,,,,,,,,,,,,,,,,,,,,,"264,000,000",,,,,,,,,,,,,,,,,,,,,,,,,,,,,,,,,,,,,,,,,,,,,,,,,"-33,000",,,,"-11,000",,,,,,,,,,,,,,,,,,,,,,,,,,,,,,,,,,,,,,,,,,,,
OperatingIncome,"11,164,000,000","3,848,000,000","-789,000,000","3,470,000,000","4,537,000,000","3,957,000,000","3,755,000,000","3,404,000,000","4,389,000,000","3,595,000,000","3,237,000,000","2,980,000,000","4,440,000,000","3,438,000,000","3,262,000,000","2,882,000,000","4,482,000,000","3,504,000,000","3,378,000,000","2,957,000,000","4,210,000,000","3,150,000,000","3,163,000,000","2,754,000,000","4,140,000,000","3,153,000,000","3,043,000,000","2,768,000,000","4,220,000,000","3,439,000,000","3,573,000,000","3,057,000,000","4,966,000,000","3,600,000,000","3,479,000,000","2,939,000,000","4,777,000,000","3,408,000,000","3,481,000,000","2,766,000,000","4,666,000,000","3,419,000,000","3,168,000,000","2,803,000,000","4,484,000,000","3,109,000,000","3,006,000,000","2,129,000,000","3,559,000,000","2,183,000,000","2,302,000,000","1,794,000,000","2,975,000,000","1,982,000,000","2,013,000,000","1,584,000,000","3,093,000,000","1,843,000,000","1,810,000,000","1,264,000,000","2,352,000,000","1,450,000,000","1,332,000,000","1,000,000,000","1,919,000,000","1,163,000,000","1,116,000,000","751,000,000","1,552,000,000","928,000,000","1,131,000,000","715,000,000","1,407,000,000","927,000,000","915,000,000","616,000,000","1,271,000,000","796,000,000","794,000,000","580,000,000","1,226,539,000","778,739,000","819,944,000","745,778,000","1,294,926,000","878,123,000","946,001,000","658,041,000","1,388,511,000","769,721,000","576,065,000","345,863,000","806,298,000","406,679,000","382,067,000","277,837,000","604,945,000","318,273,000","272,006,000","216,030,000","559,795,000","296,927,000","274,188,000","168,875,000","406,146,000","219,942,000","204,612,000","125,122,000","269,400,000","154,800,000","137,900,000","87,500,000","169,300,000","103,900,000","91,900,000","54,800,000","129,400,000","43,700,000","51,700,000","16,000,000","47,300,000","29,800,000","27,900,000","8,500,000","19,000,000","28,800,000","17,000,000","-47,100,000","84,600,000","41,000,000","224,600,000","175,500,000","-244,700,000","153,400,000","123,700,000","90,600,000","-114,100,000","76,300,000","60,300,000","41,300,000","-52,500,000","34,900,000","28,400,000","17,600,000","-23,600,000","16,000,000","9,300,000","9,300,000"
NetNonOperatingInterestIncomeExpense,"-2,671,000,000","-651,000,000","-658,000,000","-685,000,000","-676,000,000","-562,000,000","-573,000,000","-583,000,000","-509,000,000","-334,000,000","-320,000,000","-304,000,000","-323,000,000","-263,000,000","-223,000,000","-181,000,000","-196,000,000","-220,000,000","-196,000,000","-212,000,000","-257,000,000","-253,000,000","-247,000,000","-239,000,000","-206,000,000","-219,000,000","-248,000,000","-257,000,000","-227,000,000","-191,000,000","-203,000,000","-172,000,000","-166,000,000","-161,000,000","-165,000,000","-160,000,000","-152,000,000","-143,000,000","-134,000,000","-131,000,000","-136,000,000","-130,000,000","-134,000,000","-135,000,000","-150,000,000","-160,000,000","-214,000,000","-196,000,000","-201,000,000","-186,000,000","-188,000,000","-179,000,000",,,,,,,,,,,,,,,,,,,,,,,,,,,,,,,,,,,,,,,,,,,,,,,,,,,,,,,,,,,,,,,,,,,,,,,,,,,,,,,,,,,,,,,,,,,,,,,,
	InterestIncomeNonOperating,"77,000,000","16,000,000","21,000,000","20,000,000","21,000,000","23,000,000","27,000,000","31,000,000","70,000,000","122,000,000","145,000,000","190,000,000","202,000,000","246,000,000","296,000,000","348,000,000","352,000,000","313,000,000","279,000,000","257,000,000","224,000,000","197,000,000","204,000,000","177,000,000","156,000,000","141,000,000","123,000,000","117,000,000","99,000,000","82,000,000","79,000,000","89,000,000","74,000,000","67,000,000","65,000,000","57,000,000","57,000,000","62,000,000","61,000,000","57,000,000","56,000,000","60,000,000","58,000,000","57,000,000","45,000,000","44,000,000",,,,,,,,,,,,,,,,,,,,,,,,,,,,,,,,,,,,,,,,,,,,,,,,,,,,,,,,,,,,,,,,,,,,,,,,,,,,,,,,,,,,,,,,,,,,,,,,,,,,,,
	InterestExpenseNonOperating,"2,748,000,000","667,000,000","679,000,000","705,000,000","697,000,000","585,000,000","600,000,000","614,000,000","579,000,000","456,000,000","465,000,000","494,000,000","525,000,000","509,000,000","519,000,000","529,000,000","548,000,000","533,000,000","475,000,000","469,000,000","481,000,000","450,000,000","451,000,000","416,000,000","362,000,000","360,000,000","371,000,000","374,000,000","326,000,000","273,000,000","282,000,000","261,000,000","240,000,000","228,000,000","230,000,000","217,000,000","209,000,000","205,000,000","195,000,000","188,000,000","192,000,000","190,000,000","192,000,000","192,000,000","195,000,000","204,000,000","214,000,000","196,000,000","201,000,000","186,000,000","188,000,000","179,000,000",,,,,,,,,,,,,,,,,,,,,,,,,,,,,,,,,,,,,,,,,,,,,,,,,,,,,,,,,,,,,,,,,,,,,,,,,,,,,,,,,,,,,,,,,,,,,,,,
OtherIncomeExpense,"-312,000,000","-357,000,000","-49,000,000","-104,000,000","295,000,000","-119,000,000","-210,000,000","-226,000,000","-184,000,000","-185,000,000","-107,000,000","-194,000,000","-251,000,000","-87,000,000","-265,000,000","-161,000,000","-146,000,000","16,000,000","-315,000,000","-160,000,000","-192,000,000","-199,000,000","-231,000,000","-142,000,000","-202,000,000","-202,000,000","-127,000,000","-201,000,000","-296,000,000","-98,000,000","-101,000,000","-167,000,000","-212,000,000","-190,000,000","-111,000,000","-116,000,000","201,000,000","-175,000,000","-67,000,000","67,000,000","-147,000,000","-141,000,000","-74,000,000","-197,000,000","-164,000,000","-150,000,000","-146,000,000","-138,000,000","-283,000,000","-415,000,000","-91,000,000","-53,000,000","124,000,000","-53,000,000","-108,000,000","19,000,000","-92,000,000","44,000,000","21,000,000","30,000,000","-115,000,000","-9,000,000","43,000,000","-20,000,000","-55,000,000","-77,000,000","22,000,000","-22,000,000","-173,000,000","-148,000,000","-4,000,000","23,000,000","-41,000,000","-5,000,000","-7,000,000","48,000,000","-110,000,000","33,000,000","6,000,000","-83,000,000","-376,976,000","2,761,000","25,382,000","39,833,000","-234,735,000","25,308,000","19,880,000","118,202,000","6,446,858,000","439,609,000","15,450,000","18,347,000","-76,340,000","37,656,000","28,654,000","22,166,000","-54,546,000","12,615,000","16,248,000","-127,080,000","-37,968,000","-32,470,000","6,275,000","7,330,000","-20,775,000","1,709,000","2,814,000","-43,663,000","8,700,000","1,500,000","2,200,000","3,800,000","8,200,000","200,000",,"1,900,000","-14,300,000","1,000,000","-100,000","-700,000","14,700,000","-2,800,000","-6,100,000","-4,700,000","-9,300,000","-7,500,000","-6,800,000","-7,500,000","5,500,000","-5,300,000",,,,,,,,,,,,,,,,,,
	GainOnSaleOfSecurity,"-137,000,000","-29,000,000","-46,000,000","-35,000,000","-28,000,000","-18,000,000","-16,000,000","-50,000,000","-58,000,000","-47,000,000","-26,000,000","-55,000,000","-43,000,000","-13,000,000","-22,000,000","-34,000,000","-28,000,000","-35,000,000","-7,000,000","-4,000,000","-50,000,000","-20,000,000","-69,000,000","-13,000,000","-42,000,000","-15,000,000","-28,000,000","-25,000,000","-52,000,000","-32,000,000","-32,000,000","-41,000,000","-149,000,000","-148,000,000","-44,000,000","-35,000,000","-12,000,000","-87,000,000","-37,000,000","-26,000,000","-37,000,000","-28,000,000","-10,000,000","-29,000,000","-41,000,000","-30,000,000",,,,,,,,,,,,,,,,,,,,,,,,,,,,,,,,,,,,,,,,,,,,,,,,,,,,,,,,,,,,,,,,,,,,,,,,,,,,,,,,,,,,,,,,,,,,,,,,,,,,,,
	EarningsFromEquityInterest,"-184,000,000","-42,000,000","-42,000,000","-47,000,000","-53,000,000","-46,000,000","-43,000,000","-38,000,000","-49,000,000","-28,000,000","-46,000,000","-40,000,000","-46,000,000","-35,000,000","-32,000,000","-39,000,000","-24,000,000","-37,000,000","-28,000,000","-47,000,000","-23,000,000","-20,000,000","-41,000,000","-35,000,000","-21,000,000","-36,000,000","-29,000,000","-30,000,000","-13,000,000","-17,000,000","-37,000,000","-46,000,000","-23,000,000","-23,000,000","-35,000,000","-17,000,000","-19,000,000","-29,000,000","-31,000,000","-33,000,000",,,,,,,,,,,,,,,,,,,,,,,,"15,000,000",,,,"2,000,000",,,,,,"-2,000,000","-4,000,000",,,"-6,000,000","-22,000,000","-81,000,000",,"-7,510,000",,,,,,,,,,,,,,,,,,,,,,,,,,,,,,,,,,,,,,,,,,,,,,,,,,,,,,,,,,,,,,,,,,
	SpecialIncomeCharges,"-199,000,000","-26,000,000","-35,000,000","-43,000,000","4,000,000","-79,000,000","-172,000,000","-193,000,000","-81,000,000","-67,000,000","-54,000,000","-103,000,000","-183,000,000","-39,000,000","-161,000,000","-104,000,000","-102,000,000","-94,000,000","-309,000,000","-136,000,000","-136,000,000","-191,000,000","-126,000,000","-113,000,000","-172,000,000","-126,000,000","-88,000,000","-114,000,000","-238,000,000","-56,000,000","-31,000,000","-94,000,000","-57,000,000","-33,000,000","-69,000,000","-66,000,000","223,000,000","-74,000,000","-10,000,000","113,000,000","-6,000,000","-113,000,000","-64,000,000","-168,000,000","-123,000,000","-120,000,000","-146,000,000","-138,000,000","-283,000,000","-415,000,000","-91,000,000","-53,000,000","124,000,000","-53,000,000","-108,000,000","19,000,000","-92,000,000","44,000,000","21,000,000","30,000,000","-115,000,000","-9,000,000","43,000,000","-35,000,000","-55,000,000","-77,000,000","22,000,000","-24,000,000","-173,000,000","-148,000,000","-4,000,000","23,000,000","-11,000,000","-3,000,000","-3,000,000","48,000,000","-218,000,000","39,000,000","28,000,000","-2,000,000","-391,175,000","10,271,000","25,382,000","39,833,000","-234,735,000","25,308,000","19,880,000","118,202,000","6,446,858,000","439,609,000","15,450,000","18,347,000","-76,340,000","37,656,000","28,654,000","22,166,000","-54,546,000","12,615,000","16,248,000","-127,080,000","-37,968,000","-32,470,000","6,275,000","7,330,000","-20,775,000","1,709,000","2,814,000","-43,663,000","8,700,000","1,500,000","2,200,000","3,800,000","8,200,000","200,000",,"1,900,000","-14,300,000","1,000,000","-100,000","-700,000","14,700,000","-2,800,000","-6,100,000","-4,700,000","-9,300,000","-7,500,000","-6,800,000","-7,500,000","5,500,000","-5,300,000",,,,,,,,,,,,,,,,,,
		RestructuringAndMergernAcquisition,"199,000,000","26,000,000","35,000,000","43,000,000","-4,000,000","79,000,000","172,000,000","193,000,000","81,000,000","67,000,000","54,000,000","103,000,000","183,000,000","39,000,000","161,000,000","104,000,000","102,000,000","94,000,000","309,000,000","136,000,000","136,000,000","191,000,000","126,000,000","113,000,000","172,000,000","126,000,000","88,000,000","114,000,000","238,000,000","56,000,000","31,000,000","94,000,000","57,000,000","33,000,000","69,000,000","66,000,000","-223,000,000","74,000,000","10,000,000","-113,000,000","71,000,000","102,000,000","57,000,000","120,000,000","125,000,000","122,000,000","236,000,000","212,000,000","259,000,000","340,000,000","124,000,000","54,000,000","90,000,000","42,000,000","38,000,000","63,000,000","123,000,000","-32,000,000","28,000,000","47,000,000","71,000,000","56,000,000","-25,000,000","57,000,000","62,000,000","111,000,000",,"39,000,000","145,000,000","158,000,000",,,,,,,,,,,,,,,,,,,,,,,,,,,,,,,,,,,,,,,,,,,,,,,,,,,,,,,,,,,,,,,,,,,,,,,,,,,,,,
		OtherSpecialCharges,,,,,,,,,,,,,,,,,,,,,,,,,,,,,,,,,,,,,,,,,,"11,000,000","7,000,000","48,000,000","-2,000,000","-2,000,000","-90,000,000","-74,000,000","24,000,000","75,000,000","-33,000,000","-1,000,000","-214,000,000","11,000,000","70,000,000","-82,000,000","-31,000,000","-12,000,000","-49,000,000","-77,000,000","44,000,000","-47,000,000","-18,000,000","-22,000,000","-7,000,000","-34,000,000",,"-15,000,000","28,000,000","-10,000,000",,,,,,,,,,,,,,,,,,,,,,,,,,,,,,,,,,,,,,,,,,,,,,,,,,,,,,,,,,,,,,,,,,,,,,,,,,,,,,
	OtherNonOperatingIncomeExpenses,"208,000,000","-260,000,000","74,000,000","21,000,000","372,000,000","24,000,000","21,000,000","55,000,000","4,000,000","-43,000,000","19,000,000","4,000,000","21,000,000","198,000,000","-50,000,000","16,000,000","8,000,000","182,000,000","29,000,000","27,000,000","17,000,000","32,000,000","5,000,000","19,000,000","33,000,000","-25,000,000","18,000,000","-32,000,000","7,000,000","7,000,000","-1,000,000","14,000,000","17,000,000","14,000,000","37,000,000","2,000,000","9,000,000","15,000,000","11,000,000","13,000,000",,,,,,,,,,,,,,,,,,,,,,,,,,,,,,,,,,,,,,,,,,,,,,,,,,,,,,,,,,,,,,,,,,,,,,,,,,,,,,,,,,,,,,,,,,,,,,,,,,,,,,,,,,,,
PretaxIncome,"8,181,000,000","2,840,000,000","-1,496,000,000","2,681,000,000","4,156,000,000","3,276,000,000","2,972,000,000","2,595,000,000","3,696,000,000","3,076,000,000","2,810,000,000","2,482,000,000","3,866,000,000","3,088,000,000","2,774,000,000","2,540,000,000","4,140,000,000","3,300,000,000","2,867,000,000","2,585,000,000","3,761,000,000","2,698,000,000","2,685,000,000","2,373,000,000","3,732,000,000","2,732,000,000","2,668,000,000","2,310,000,000","3,697,000,000","3,150,000,000","3,269,000,000","2,718,000,000","4,588,000,000","3,249,000,000","3,203,000,000","2,663,000,000","4,826,000,000","3,090,000,000","3,280,000,000","2,702,000,000","4,383,000,000","3,148,000,000","2,960,000,000","2,471,000,000","4,170,000,000","2,799,000,000","2,646,000,000","1,795,000,000","3,075,000,000","1,582,000,000","2,023,000,000","1,562,000,000","2,755,000,000","1,810,000,000","1,826,000,000","1,444,000,000","2,941,000,000","1,877,000,000","1,815,000,000","1,200,000,000","2,264,000,000","1,406,000,000","1,354,000,000","962,000,000","1,879,000,000","1,078,000,000","1,122,000,000","733,000,000","1,388,000,000","771,000,000","1,154,000,000","738,000,000","1,419,000,000","947,000,000","916,000,000","664,000,000","1,274,000,000","829,000,000","800,000,000","522,000,000","995,563,000","781,500,000","845,326,000","785,611,000","1,325,675,000","903,431,000","965,881,000","776,243,000","7,958,379,000","1,209,330,000","591,515,000","364,210,000","827,020,000","444,335,000","410,721,000","300,003,000","619,727,000","330,888,000","288,254,000","88,950,000","562,402,000","264,457,000","280,463,000","176,205,000","408,974,000","221,651,000","207,426,000","81,459,000","271,200,000","156,400,000","140,100,000","91,300,000","170,800,000","104,100,000","91,900,000","56,600,000","106,300,000","44,900,000","51,500,000","15,400,000","43,300,000","27,100,000","21,900,000","3,900,000","9,800,000","21,300,000","10,200,000","-54,500,000","77,900,000","35,700,000",,,,,,,,,,,,,,,,,,
TaxProvision,"621,000,000","521,000,000","-249,000,000","224,000,000","124,000,000","-1,745,000,000","530,000,000","344,000,000","580,000,000","505,000,000","499,000,000","345,000,000","126,000,000","343,000,000","441,000,000","275,000,000","733,000,000","7,324,000,000","634,000,000","375,000,000","529,000,000","459,000,000","653,000,000","541,000,000","918,000,000","590,000,000","471,000,000","563,000,000","940,000,000","655,000,000","767,000,000","534,000,000","942,000,000","684,000,000","650,000,000","472,000,000","1,020,000,000","586,000,000","699,000,000","668,000,000","931,000,000","650,000,000","768,000,000","631,000,000","961,000,000","683,000,000","776,000,000","443,000,000","712,000,000","393,000,000","565,000,000","438,000,000","864,000,000","481,000,000","530,000,000","367,000,000","904,000,000","537,000,000","512,000,000","360,000,000","660,000,000","373,000,000","387,000,000","292,000,000","579,000,000","313,000,000","324,000,000","214,000,000","366,000,000","231,000,000","339,000,000","229,000,000","429,000,000","312,000,000","299,000,000","224,000,000","416,000,000","258,000,000","265,000,000","179,000,000","339,647,000","273,525,000","295,864,000","274,964,000","470,781,000","320,718,000","343,069,000","275,566,000","3,045,972,000","446,154,000","207,031,000","127,474,000","299,600,000","151,074,000","136,645,000","105,001,000","216,904,000","115,811,000","100,930,000","80,479,000","202,465,000","95,204,000","100,967,000","63,434,000","142,649,000","75,361,000","70,525,000","27,696,000","89,500,000","51,600,000","46,200,000","30,100,000","56,300,000","34,400,000","29,800,000","19,200,000","37,200,000","15,700,000","18,000,000","5,400,000","14,500,000","10,300,000","8,300,000","1,500,000","5,000,000","9,200,000","3,500,000","-18,500,000","25,000,000","11,400,000",,,,,,,,,,,,,,,,,,
NetIncomeCommonStockholders,"7,560,000,000","2,319,000,000","-1,247,000,000","2,457,000,000","4,032,000,000","5,021,000,000","2,442,000,000","2,251,000,000","3,116,000,000","2,571,000,000","2,311,000,000","2,137,000,000","3,740,000,000","2,745,000,000","2,333,000,000","2,265,000,000","3,407,000,000","-4,024,000,000","2,233,000,000","2,210,000,000","3,232,000,000","2,239,000,000","2,032,000,000","1,832,000,000","2,814,000,000","2,142,000,000","2,197,000,000","1,747,000,000","2,757,000,000","2,495,000,000","2,502,000,000","2,184,000,000","3,646,000,000","2,565,000,000","2,553,000,000","2,191,000,000","3,806,000,000","2,504,000,000","2,581,000,000","2,034,000,000","3,452,000,000","2,498,000,000","2,192,000,000","1,840,000,000","3,209,000,000","2,116,000,000","1,870,000,000","1,352,000,000","2,363,000,000","1,189,000,000","1,458,000,000","1,124,000,000","1,891,000,000","1,329,000,000","1,296,000,000","1,077,000,000","2,037,000,000","1,340,000,000","1,303,000,000","840,000,000","1,604,000,000","1,033,000,000","967,000,000","670,000,000","1,300,000,000","765,000,000","798,000,000","519,000,000","1,022,000,000","540,000,000","815,000,000","509,000,000","990,000,000","635,000,000","617,000,000","440,000,000","858,000,000","571,000,000","535,000,000","343,000,000","655,916,000","507,975,000","549,462,000","510,647,000","854,894,000","582,713,000","622,812,000","500,677,000","4,912,407,000","763,176,000","384,484,000","236,736,000","527,420,000","293,261,000","274,076,000","195,002,000","402,823,000","215,077,000","187,324,000","8,471,000","359,937,000","169,253,000","179,496,000","112,771,000","266,325,000","146,290,000","136,901,000","53,763,000","181,700,000","104,800,000","93,900,000","61,200,000","114,500,000","69,700,000","62,100,000","37,400,000","69,100,000","29,200,000","33,500,000","-33,500,000","28,800,000","16,800,000","13,600,000","2,400,000","4,800,000","12,100,000","6,700,000","-36,000,000","52,900,000","24,300,000",,,,,,,,,,,,,,,,,,
	NetIncome,"7,560,000,000","2,319,000,000","-1,247,000,000","2,457,000,000","4,032,000,000","5,021,000,000","2,442,000,000","2,251,000,000","3,116,000,000","2,571,000,000","2,311,000,000","2,137,000,000","3,740,000,000","2,745,000,000","2,333,000,000","2,265,000,000","3,407,000,000","-4,024,000,000","2,233,000,000","2,210,000,000","3,232,000,000","2,239,000,000","2,032,000,000","1,832,000,000","2,814,000,000","2,142,000,000","2,197,000,000","1,747,000,000","2,757,000,000","2,495,000,000","2,502,000,000","2,184,000,000","3,646,000,000","2,565,000,000","2,553,000,000","2,191,000,000","3,806,000,000","2,504,000,000","2,581,000,000","2,034,000,000","3,452,000,000","2,498,000,000","2,192,000,000","1,840,000,000","3,209,000,000","2,116,000,000","1,870,000,000","1,352,000,000","2,363,000,000","1,189,000,000","1,458,000,000","1,124,000,000","1,891,000,000","1,329,000,000","1,296,000,000","1,077,000,000","2,037,000,000","1,340,000,000","1,303,000,000","840,000,000","1,604,000,000","1,033,000,000","967,000,000","670,000,000","1,300,000,000","765,000,000","798,000,000","519,000,000","1,022,000,000","540,000,000","815,000,000","509,000,000","990,000,000","635,000,000","617,000,000","440,000,000","858,000,000","571,000,000","535,000,000","343,000,000","655,916,000","507,975,000","549,462,000","510,647,000","854,894,000","582,713,000","622,812,000","500,677,000","4,912,407,000","763,176,000","384,484,000","236,736,000","527,420,000","293,261,000","274,076,000","195,002,000","402,823,000","215,077,000","187,324,000","8,471,000","359,937,000","169,253,000","179,496,000","112,771,000","266,325,000","146,290,000","136,901,000","53,763,000","181,700,000","104,800,000","93,900,000","61,200,000","114,500,000","69,700,000","62,100,000","37,400,000","69,100,000","29,200,000","33,500,000","-33,500,000","28,800,000","16,800,000","13,600,000","2,400,000","4,800,000","12,100,000","6,700,000","-36,000,000","52,900,000","24,300,000",,,,,,,,,,,,,,,,,,
		NetIncomeIncludingNoncontrollingInterests,"7,560,000,000","2,319,000,000","-1,247,000,000","2,457,000,000","4,032,000,000","5,021,000,000","2,442,000,000","2,251,000,000","3,116,000,000","2,571,000,000","2,311,000,000","2,137,000,000","3,740,000,000","2,745,000,000","2,333,000,000","2,265,000,000","3,407,000,000","-4,024,000,000","2,233,000,000","2,210,000,000","3,232,000,000","2,239,000,000","2,032,000,000","1,832,000,000","2,814,000,000","2,142,000,000","2,197,000,000","1,747,000,000","2,757,000,000","2,495,000,000","2,502,000,000","2,184,000,000","3,646,000,000","2,565,000,000","2,553,000,000","2,191,000,000","3,806,000,000","2,504,000,000","2,581,000,000","2,034,000,000","3,452,000,000","2,498,000,000","2,192,000,000","1,840,000,000","3,209,000,000","2,116,000,000","1,870,000,000","1,352,000,000","2,363,000,000","1,189,000,000","1,458,000,000","1,124,000,000","1,833,000,000","1,352,000,000","1,315,000,000","1,077,000,000","2,052,000,000","1,357,000,000","1,319,000,000","840,000,000","1,552,000,000","1,053,000,000","987,000,000","682,000,000","1,273,000,000","774,000,000","798,000,000","519,000,000","995,000,000","548,000,000","825,000,000","509,000,000","967,000,000","635,000,000","635,000,000","440,000,000","858,000,000","571,000,000","535,000,000","347,000,000","655,916,000","507,975,000","549,462,000","510,647,000","854,894,000","582,713,000","622,812,000","500,677,000","4,912,407,000","763,176,000","384,484,000","236,736,000","527,420,000","293,261,000","274,076,000","195,002,000","402,823,000","215,077,000","187,324,000","8,471,000","359,937,000","169,253,000","179,496,000","112,771,000","266,325,000","146,290,000","136,901,000","53,763,000","181,700,000","104,800,000","93,900,000","61,200,000","114,500,000","69,700,000","62,100,000","37,400,000","69,100,000","29,200,000","33,500,000","-33,500,000","28,800,000","16,800,000","13,600,000","2,400,000","4,800,000","12,100,000","6,700,000","-36,000,000","52,900,000","24,300,000","28,500,000","11,700,000","33,600,000","24,000,000","17,200,000","7,100,000","19,100,000","13,000,000","7,700,000","3,200,000","7,600,000","4,800,000","3,000,000","100,000","2,600,000","2,100,000","700,000","700,000"
			NetIncomeContinuousOperations,"7,560,000,000","2,319,000,000","-1,247,000,000","2,457,000,000","4,032,000,000","5,021,000,000","2,442,000,000","2,251,000,000","3,116,000,000","2,571,000,000","2,311,000,000","2,137,000,000","3,740,000,000","2,745,000,000","2,333,000,000","2,265,000,000","3,407,000,000","-4,024,000,000","2,233,000,000","2,210,000,000","3,232,000,000","2,239,000,000","2,032,000,000","1,832,000,000","2,814,000,000","2,142,000,000","2,197,000,000","1,747,000,000","2,757,000,000","2,495,000,000","2,502,000,000","2,184,000,000","3,646,000,000","2,565,000,000","2,553,000,000","2,191,000,000","3,806,000,000","2,504,000,000","2,581,000,000","2,034,000,000","3,452,000,000","2,498,000,000","2,192,000,000","1,840,000,000","3,209,000,000","2,116,000,000","1,870,000,000","1,352,000,000","2,363,000,000","1,189,000,000","1,458,000,000","1,124,000,000","1,891,000,000","1,329,000,000","1,296,000,000","1,077,000,000","2,037,000,000","1,340,000,000","1,303,000,000","840,000,000","1,604,000,000","1,033,000,000","967,000,000","670,000,000","1,300,000,000","765,000,000","798,000,000","519,000,000","1,022,000,000","540,000,000","815,000,000","509,000,000","990,000,000","635,000,000","617,000,000","440,000,000","858,000,000","571,000,000","535,000,000","343,000,000","655,916,000","507,975,000","549,462,000","510,647,000","854,894,000","582,713,000","622,812,000","500,677,000","4,912,407,000","763,176,000","384,484,000","236,736,000","527,420,000","293,261,000","274,076,000","195,002,000","402,823,000","215,077,000","187,324,000","8,471,000","359,937,000","169,253,000","179,496,000","112,771,000","266,325,000","146,290,000","136,901,000","53,763,000","181,700,000","104,800,000","93,900,000","61,200,000","114,500,000","69,700,000","62,100,000","37,400,000","69,100,000","29,200,000","33,500,000","10,000,000","28,800,000","16,800,000","13,600,000","2,400,000","4,800,000","12,100,000","6,700,000","-36,000,000","52,900,000","24,300,000","28,500,000","11,700,000","33,600,000","24,000,000","17,200,000","7,100,000","19,100,000","13,000,000","7,700,000","3,200,000","7,600,000","4,800,000","3,000,000","100,000","2,600,000","2,100,000","700,000","700,000"
			NetIncomeExtraordinary,,,,,,,,,,,,,,,,,,,,,,,,,,,,,,,,,,,,,,,,,,,,,,,,,,,,,,,,,,,,,,,,,,,,,,,,,,,,,,,,,,,,,,,,,,,,,,,,,,,,,,,,,,,,,,,,,,,,,"0",,,"-43,500,000",,,,,,,,,,,,,,,,,,,,,,,,,,,,
		MinorityInterests,,,,,,,,,,,,,,,,,,,,,,,,,,,,,,,,,,,,,,,,,,,,,,,,,,,,,,"-23,000,000","-19,000,000",,"-15,000,000","-17,000,000","-16,000,000",,,"-20,000,000","-20,000,000","-12,000,000",,"-9,000,000",,,,"-8,000,000","-10,000,000",,,,"-18,000,000",,,,,"-4,000,000",,,,,,,,,,,,,,,,,,,,,,,,,,,,,,,,,,,,,,,,,,,,,,,,,,,,,,,,,,,,,,,,,,,,
DilutedNIAvailtoComStockholders,"7,560,000,000","2,319,000,000","-1,247,000,000","2,457,000,000","4,032,000,000","5,021,000,000","2,442,000,000","2,251,000,000","3,116,000,000","2,571,000,000","2,311,000,000","2,137,000,000","3,740,000,000","2,745,000,000","2,333,000,000","2,265,000,000","3,407,000,000","-4,024,000,000","2,233,000,000","2,210,000,000","3,232,000,000","2,239,000,000","2,032,000,000","1,832,000,000","2,814,000,000","2,142,000,000","2,197,000,000","1,747,000,000","2,757,000,000","2,495,000,000","2,502,000,000","2,184,000,000","3,646,000,000","2,565,000,000","2,553,000,000","2,191,000,000","3,806,000,000","2,504,000,000","2,581,000,000","2,034,000,000","3,452,000,000","2,498,000,000","2,192,000,000","1,840,000,000","3,209,000,000","2,116,000,000","1,870,000,000","1,352,000,000","2,363,000,000","1,189,000,000","1,458,000,000","1,124,000,000","1,891,000,000","1,329,000,000","1,296,000,000","1,077,000,000","2,037,000,000","1,340,000,000","1,303,000,000","840,000,000","1,604,000,000","1,033,000,000","967,000,000","670,000,000","1,300,000,000","765,000,000","798,000,000","519,000,000","1,022,000,000","540,000,000","815,000,000","509,000,000","990,000,000","635,000,000","617,000,000","440,000,000","858,000,000","571,000,000","535,000,000","343,000,000","655,916,000","507,975,000","549,462,000","510,647,000","854,894,000","582,713,000","622,812,000","500,677,000","4,912,407,000","763,176,000","384,484,000","236,736,000","527,420,000","293,261,000","274,076,000","195,002,000","402,823,000","215,077,000","187,324,000","8,471,000","359,937,000","169,253,000","179,496,000","112,771,000","266,325,000","146,290,000","136,901,000","53,763,000","181,700,000","104,800,000","93,900,000","61,200,000","114,500,000","69,700,000","62,100,000","37,400,000","69,100,000","29,200,000","33,500,000","-33,500,000","28,800,000","16,800,000","13,600,000","2,400,000","4,800,000","12,100,000","6,700,000","-36,000,000","52,900,000","24,300,000",,,,,,,,,,,,,,,,,,
BasicEPS,,"0.87","-0.46","0.89","1.42","1.72","0.82","0.74",,"0.81","0.71","0.64","1.1","0.78","0.63","0.58","0.84","-0.98","0.54","0.53","0.78","0.55","0.5","0.44","0.68","0.51","0.52","0.4","0.63","0.57","0.57","0.49",,"0.57","0.56","0.48",,"0.53","0.54","0.42",,"0.5","0.43","0.36",,"0.42","0.37","0.27",,"0.24","0.29","0.22",,"0.27","0.25","0.21",,"0.26","0.25","0.16",,"0.2","0.19","0.13",,"0.15","0.15","0.1",,"0.11","0.16","0.1",,"0.12","0.12","0.08",,"0.11","0.1","0.06",,"0.09","0.1","0.09",,"0.1","0.11","0.09",,"0.135","0.065","0.05",,"0.05","0.05","0.04",,"0.04","0.04","0.002",,"0.03","0.03","0.02",,"0.03","0.03","0.01",,"0.02","0.02","0.01",,"0.02","0.01","0.01",,"0.01","0.01","0",,"0.01","0.01","0.01",,"0.01","0.01","-0.01",,"0.01","0.01","0.01",,"0.01","0.01","0.01",,"0.01","0.01","0.01",,"0.01","0.01","0.01",,"0.01","0.01","0.01"
DilutedEPS,,"0.84","-0.46","0.86","1.37","1.68","0.8","0.72",,"0.79","0.69","0.63","1.07","0.76","0.61","0.57","0.82","-0.98","0.52","0.52","0.76","0.53","0.48","0.43","0.66","0.5","0.51","0.4","0.62","0.56","0.56","0.48",,"0.56","0.56","0.47",,"0.52","0.53","0.41",,"0.49","0.43","0.36",,"0.41","0.37","0.27",,"0.23","0.29","0.22",,"0.26","0.25","0.21",,"0.26","0.25","0.16",,"0.2","0.18","0.13",,"0.14","0.15","0.1",,"0.1","0.16","0.1",,"0.12","0.12","0.08",,"0.11","0.1","0.06",,"0.09","0.1","0.09",,"0.1","0.11","0.08",,"0.125","0.065","0.04",,"0.05","0.05","0.04",,"0.04","0.04","0.002",,"0.03","0.03","0.02",,"0.03","0.03","0.01",,"0.02","0.02","0.01",,"0.02","0.01","0.01",,"0.01","0.01","0",,"0.01","0.01","0.01",,"0.01","0.01","-0.01",,"0.01","0.01","0.01",,"0.01","0.01","0.01",,"0.01","0.01","0.01",,"0.01","0.01","0.01",,"0.01","0.01","0.01"
BasicAverageShares,,"2,668,000,000","2,694,000,000","2,769,000,000","2,847,000,000","2,913,000,000","2,977,000,000","3,041,000,000",,"3,190,000,000","3,245,000,000","3,317,000,000","3,389,000,000","3,526,000,000","3,720,000,000","3,904,000,000","4,046,000,000","4,122,000,000","4,160,000,000","4,156,000,000","4,132,000,000","4,107,000,000","4,104,000,000","4,119,000,000","4,147,000,000","4,182,000,000","4,239,000,000","4,317,000,000","4,359,000,000","4,389,000,000","4,417,000,000","4,451,000,000",,"4,496,000,000","4,535,000,000","4,608,000,000",,"4,735,000,000","4,792,000,000","4,867,000,000",,"5,007,000,000","5,041,000,000","5,062,000,000",,"5,057,000,000","5,044,000,000","5,026,000,000",,"5,015,000,000","5,010,000,000","5,009,000,000",,"5,005,000,000","5,127,000,000","5,152,000,000",,"5,148,000,000","5,125,000,000","5,110,000,000",,"5,159,000,000","5,184,000,000","5,217,000,000",,"5,207,000,000","5,152,000,000","5,148,000,000",,"5,122,000,000","5,123,000,000","5,154,000,000",,"5,218,000,000","5,226,000,000","5,230,000,000",,"5,259,000,000","5,309,000,000","5,399,000,000",,"5,492,297,000","5,528,372,000","5,579,811,000",,"5,595,808,000","5,584,428,000","5,604,058,000",,"5,637,878,000","5,717,780,000","5,721,840,000",,"5,761,408,000","5,669,647,000","5,722,906,000",,"5,734,982,000","5,932,694,000","5,919,212,000",,"6,119,873,000","6,144,991,000","6,125,545,000",,"6,385,514,000","6,387,714,000","6,378,814,000",,"5,240,000,000","4,695,000,000","6,120,000,000",,"4,975,000,000","6,210,000,000","5,756,756,000",,"5,776,052,000","5,740,360,000","5,673,512,000",,"5,617,732,000","5,590,700,000","5,532,300,000",,"5,550,308,000","5,585,408,000","5,330,500,000",,"5,268,316,000","5,144,580,000","4,859,676,000",,"4,859,676,000","4,859,676,000","4,699,940,000",,"4,699,940,000","4,699,940,000","4,613,440,000",,"4,319,676,000","4,281,836,000","4,192,588,000",,"4,192,587,864","4,192,587,864","4,192,587,864"
DilutedAverageShares,,"2,668,000,000","2,694,000,000","2,861,000,000","2,943,000,000","2,994,000,000","3,046,000,000","3,107,000,000",,"3,271,000,000","3,331,000,000","3,410,000,000","3,495,000,000","3,617,000,000","3,817,000,000","3,999,000,000","4,149,000,000","4,122,000,000","4,283,000,000","4,284,000,000","4,248,000,000","4,204,000,000","4,195,000,000","4,221,000,000","4,238,000,000","4,256,000,000","4,316,000,000","4,412,000,000","4,463,000,000","4,494,000,000","4,505,000,000","4,548,000,000",,"4,575,000,000","4,600,000,000","4,674,000,000",,"4,812,000,000","4,868,000,000","4,939,000,000",,"5,080,000,000","5,123,000,000","5,150,000,000",,"5,149,000,000","5,117,000,000","5,083,000,000",,"5,076,000,000","5,064,000,000","5,063,000,000",,"5,056,000,000","5,187,000,000","5,235,000,000",,"5,235,000,000","5,232,000,000","5,217,000,000",,"5,257,000,000","5,287,000,000","5,307,000,000",,"5,304,000,000","5,238,000,000","5,244,000,000",,"5,230,000,000","5,218,000,000","5,241,000,000",,"5,337,000,000","5,337,000,000","5,347,000,000",,"5,383,000,000","5,420,000,000","5,515,000,000",,"5,669,334,000","5,695,860,000","5,780,020,000",,"5,851,333,000","5,874,987,000","5,932,870,000",,"5,996,378,000","6,012,600,000","5,964,804,000",,"5,981,844,000","5,783,941,000","5,818,524,000",,"5,833,182,000","5,932,694,000","5,919,212,000",,"6,119,873,000","6,144,991,000","6,125,545,000",,"6,385,514,000","6,387,714,000","6,378,814,000",,"5,240,000,000","4,695,000,000","6,120,000,000",,"4,975,000,000","6,210,000,000","5,756,756,000",,"5,776,052,000","5,740,360,000","5,673,512,000",,"5,617,732,000","5,590,700,000","5,532,300,000",,"5,550,308,000","5,585,408,000","5,330,500,000",,"5,268,316,000","5,144,580,000","4,859,676,000",,"4,859,676,000","4,859,676,000","4,699,940,000",,"4,699,940,000","4,699,940,000","4,613,440,000",,"4,319,676,000","4,281,836,000","4,192,588,000",,"4,192,587,864","4,192,587,864","4,192,587,864"
TotalOperatingIncomeAsReported,"10,965,000,000","3,822,000,000","-824,000,000","3,427,000,000","4,541,000,000","3,878,000,000","3,583,000,000","3,211,000,000","4,308,000,000","3,528,000,000","3,183,000,000","2,877,000,000","4,257,000,000","3,399,000,000","3,101,000,000","2,778,000,000","4,380,000,000","3,410,000,000","3,069,000,000","2,821,000,000","4,074,000,000","2,959,000,000","3,037,000,000","2,641,000,000","3,968,000,000","3,027,000,000","2,955,000,000","2,654,000,000","3,982,000,000","3,383,000,000","3,542,000,000","2,963,000,000","4,909,000,000","3,567,000,000","3,410,000,000","2,873,000,000","5,000,000,000","3,334,000,000","3,471,000,000","2,879,000,000","4,595,000,000","3,317,000,000","3,111,000,000","2,683,000,000","4,359,000,000","2,987,000,000","2,770,000,000","1,917,000,000","3,300,000,000","1,843,000,000","2,178,000,000","1,740,000,000","2,885,000,000","1,940,000,000","1,975,000,000","1,521,000,000","2,970,000,000","1,875,000,000","1,782,000,000","1,217,000,000","2,281,000,000","1,394,000,000","1,357,000,000","943,000,000","1,857,000,000","1,052,000,000","1,116,000,000","712,000,000","1,407,000,000","770,000,000","1,131,000,000","715,000,000","1,407,000,000","927,000,000","915,000,000","616,000,000","1,271,000,000","796,000,000","794,000,000","580,000,000","1,226,539,000","778,739,000","819,944,000","745,778,000","1,294,926,000","878,123,000","946,001,000","658,041,000","1,388,511,000","769,721,000","576,065,000","345,863,000","806,298,000","406,679,000","382,067,000","277,837,000","604,945,000","318,273,000","272,006,000","48,976,000","559,795,000","260,127,000","274,188,000","168,875,000","406,146,000","219,942,000","204,612,000","74,191,000","269,400,000","154,800,000","137,900,000","87,500,000","169,300,000","103,900,000","91,900,000","54,800,000","129,400,000","43,700,000","51,700,000","16,000,000","47,300,000","29,800,000","27,900,000","8,500,000","19,000,000","28,800,000","17,000,000","-47,100,000","84,600,000","41,000,000",,,,,,,,,,,,,,,,,,
TotalExpenses,"30,663,000,000","6,665,000,000","11,149,000,000","6,258,000,000","6,690,000,000","6,128,000,000","6,045,000,000","5,963,000,000","6,050,000,000","6,201,000,000","6,377,000,000","6,238,000,000","6,697,000,000","6,176,000,000","6,300,000,000","6,311,000,000","6,770,000,000","6,267,000,000","6,243,000,000","6,230,000,000","6,683,000,000","6,055,000,000","5,872,000,000","5,841,000,000","6,454,000,000","5,859,000,000","5,950,000,000","5,680,000,000","6,486,000,000","5,888,000,000","6,025,000,000","5,539,000,000","6,354,000,000","5,707,000,000","5,796,000,000","5,433,000,000","6,170,000,000","5,550,000,000","5,613,000,000","5,415,000,000","6,250,000,000","5,620,000,000","5,624,000,000","5,571,000,000","6,291,000,000","5,655,000,000","5,576,000,000","5,373,000,000","5,946,000,000","4,221,000,000","3,556,000,000","3,260,000,000","3,886,000,000","3,471,000,000","3,594,000,000","3,747,000,000","4,146,000,000","3,506,000,000","3,503,000,000","3,265,000,000","3,477,000,000","2,964,000,000","2,831,000,000","2,591,000,000","2,932,000,000","2,307,000,000","2,176,000,000","2,017,000,000","2,326,000,000","2,022,000,000","1,625,000,000","1,500,000,000","1,669,000,000","1,582,000,000","1,583,000,000","1,456,000,000","1,561,000,000","1,511,000,000","1,515,000,000","1,448,000,000","1,617,738,000","1,450,604,000","1,537,391,000","1,496,267,000","1,968,958,000","1,796,244,000","1,713,545,000","1,603,834,000","1,985,799,000","1,679,697,000","1,745,818,000","1,638,654,000","2,136,980,000","1,672,240,000","1,673,877,000","1,471,273,000","1,807,608,000","1,430,484,000","1,341,721,000","1,152,799,000","1,388,236,000","1,075,685,000","1,037,185,000","883,425,000","1,057,928,000","800,297,000","762,572,000","646,681,000","748,500,000","567,400,000","532,400,000","469,000,000","498,800,000","378,900,000","360,300,000","343,300,000","343,200,000","326,400,000","301,500,000","290,900,000","312,900,000","259,800,000","256,000,000","236,200,000","266,900,000","240,700,000","251,700,000","250,800,000","249,800,000","195,400,000",,,,,,,,,,,,,,,,,,
NetIncomeFromContinuingAndDiscontinuedOperation,"7,560,000,000","2,319,000,000","-1,247,000,000","2,457,000,000","4,032,000,000","5,021,000,000","2,442,000,000","2,251,000,000","3,116,000,000","2,571,000,000","2,311,000,000","2,137,000,000","3,740,000,000","2,745,000,000","2,333,000,000","2,265,000,000","3,407,000,000","-4,024,000,000","2,233,000,000","2,210,000,000","3,232,000,000","2,239,000,000","2,032,000,000","1,832,000,000","2,814,000,000","2,142,000,000","2,197,000,000","1,747,000,000","2,757,000,000","2,495,000,000","2,502,000,000","2,184,000,000","3,646,000,000","2,565,000,000","2,553,000,000","2,191,000,000","3,806,000,000","2,504,000,000","2,581,000,000","2,034,000,000","3,452,000,000","2,498,000,000","2,192,000,000","1,840,000,000","3,209,000,000","2,116,000,000","1,870,000,000","1,352,000,000","2,363,000,000","1,189,000,000","1,458,000,000","1,124,000,000","1,891,000,000","1,329,000,000","1,296,000,000","1,077,000,000","2,037,000,000","1,340,000,000","1,303,000,000","840,000,000","1,604,000,000","1,033,000,000","967,000,000","670,000,000","1,300,000,000","765,000,000","798,000,000","519,000,000","1,022,000,000","540,000,000","815,000,000","509,000,000","990,000,000","635,000,000","617,000,000","440,000,000","858,000,000","571,000,000","535,000,000","343,000,000","655,916,000","507,975,000","549,462,000","510,647,000","854,894,000","582,713,000","622,812,000","500,677,000","4,912,407,000","763,176,000","384,484,000","236,736,000","527,420,000","293,261,000","274,076,000","195,002,000","402,823,000","215,077,000","187,324,000","8,471,000","359,937,000","169,253,000","179,496,000","112,771,000","266,325,000","146,290,000","136,901,000","53,763,000","181,700,000","104,800,000","93,900,000","61,200,000","114,500,000","69,700,000","62,100,000","37,400,000","69,100,000","29,200,000","33,500,000","10,000,000","28,800,000","16,800,000","13,600,000","2,400,000","4,800,000","12,100,000","6,700,000","-36,000,000","52,900,000","24,300,000",,,,,,,,,,,,,,,,,,
NormalizedIncome,"7,870,495,049.505","2,363,880,000","-1,179,481,951.872","2,528,448,000","4,055,283,926.853","5,091,810,000","2,596,536,000","2,461,681,000","3,233,187,229.437","2,666,304,000","2,376,840,000","2,273,038,000","3,958,634,247.284","2,791,228,000","2,486,903,000","2,388,096,000","3,513,983,091.787","-3,929,830,000","2,479,164,000","2,329,700,000","3,391,838,340.867","2,414,130,000","2,179,615,000","1,929,272,000","2,975,360,128.617","2,252,544,000","2,292,584,000","1,852,084,000","2,973,264,538.815","2,564,696,000","2,550,195,000","2,292,405,000","3,809,704,446.382","2,707,990,000","2,643,061,000","2,274,123,000","3,639,595,938.666","2,634,410,000","2,617,989,000","1,968,489,000","3,485,866,301.62","2,609,813,000","2,246,800,000","1,986,693,646.297","3,335,205,275.779","2,229,397,642.015","1,973,182,161.754","1,455,942,061.281","2,580,472,845.528","1,500,905,815.424","1,523,584,775.087","1,162,138,284.251","1,805,887,840.29","1,367,915,469.613","1,372,652,792.99","1,062,828,947.368","2,100,721,183.271","1,308,588,172.616","1,287,923,966.942","819,000,000","1,685,475,265.018","1,039,612,375.533","936,290,251.108","694,376,299.376","1,338,052,155.402","819,642,857.143","782,352,941.176","535,993,178.718","1,149,381,844.38","643,657,587.549","817,824,956.672","493,136,856.369","997,674,418.605","637,011,615.628","619,020,742.358","408,192,771.084","1,004,816,326.531","544,137,515.078","516,275,000","344,314,176.245","913,637,451.38","501,298,850","532,963,696.997","484,755,557.605","1,006,268,615.264","566,389,339.86","609,993,130.429","424,436,669.647","933,004,867.077","485,750,451.817","374,441,519.59","224,810,475.187","576,104,726.851","268,408,048.475","254,955,054.872","180,594,096.306","438,277,939.607","206,877,257.625","176,765,116.682","84,719,000","384,236,501.097","190,033,863.846","175,480,007.16","108,079,808.32","279,853,737.463","145,162,057.378","135,043,762.171","82,580,612.161","175,871,128.319","103,794,884.91","92,425,481.799","58,652,792.99","109,002,927.4","69,566,090.298","62,100,000","36,144,522.968","78,395,672.625","28,549,665.924","33,565,048.544","10,454,545.455","19,022,632.794","18,535,793.358","17,388,127.854","5,292,307.692","10,380,000","16,600,000","11,166,666.667","-31,045,871.56","49,165,083.44","27,907,563.025",,,,,,,,,,,,,,,,,,
InterestIncome,"77,000,000","16,000,000","21,000,000","20,000,000","21,000,000","23,000,000","27,000,000","31,000,000","70,000,000","122,000,000","145,000,000","190,000,000","202,000,000","246,000,000","296,000,000","348,000,000","352,000,000","313,000,000","279,000,000","257,000,000","224,000,000","197,000,000","204,000,000","177,000,000","156,000,000","141,000,000","123,000,000","117,000,000","99,000,000","82,000,000","79,000,000","89,000,000","74,000,000","67,000,000","65,000,000","57,000,000","57,000,000","62,000,000","61,000,000","57,000,000","56,000,000","60,000,000","58,000,000","57,000,000","45,000,000","44,000,000",,,,,,,,,,,,,,,,,,,,,,,,,,,,,,,,,,,,,,,,,,,,,,,,,,,,,,,,,,,,,,,,,,,,,,,,,,,,,,,,,,,,,,,,,,,,,,,,,,,,,,
InterestExpense,"2,748,000,000","667,000,000","679,000,000","705,000,000","697,000,000","585,000,000","600,000,000","614,000,000","579,000,000","456,000,000","465,000,000","494,000,000","525,000,000","509,000,000","519,000,000","529,000,000","548,000,000","533,000,000","475,000,000","469,000,000","481,000,000","450,000,000","451,000,000","416,000,000","362,000,000","360,000,000","371,000,000","374,000,000","326,000,000","273,000,000","282,000,000","261,000,000","240,000,000","228,000,000","230,000,000","217,000,000","209,000,000","205,000,000","195,000,000","188,000,000","192,000,000","190,000,000","192,000,000","192,000,000","195,000,000","204,000,000","214,000,000","196,000,000","201,000,000","186,000,000","188,000,000","179,000,000",,,,,,,,,,,,,,,,,,,,,,,,,,,,,,,,,,,,,,,,,,,,,,,,,,,,,,,,,,,,,,,,,,,,,,,,,,,,,,,,,,,,,,,,,,,,,,,,
NetInterestIncome,"-2,671,000,000","-651,000,000","-658,000,000","-685,000,000","-676,000,000","-562,000,000","-573,000,000","-583,000,000","-509,000,000","-334,000,000","-320,000,000","-304,000,000","-323,000,000","-263,000,000","-223,000,000","-181,000,000","-196,000,000","-220,000,000","-196,000,000","-212,000,000","-257,000,000","-253,000,000","-247,000,000","-239,000,000","-206,000,000","-219,000,000","-248,000,000","-257,000,000","-227,000,000","-191,000,000","-203,000,000","-172,000,000","-166,000,000","-161,000,000","-165,000,000","-160,000,000","-152,000,000","-143,000,000","-134,000,000","-131,000,000","-136,000,000","-130,000,000","-134,000,000","-135,000,000","-150,000,000","-160,000,000","-214,000,000","-196,000,000","-201,000,000","-186,000,000","-188,000,000","-179,000,000",,,,,,,,,,,,,,,,,,,,,,,,,,,,,,,,,,,,,,,,,,,,,,,,,,,,,,,,,,,,,,,,,,,,,,,,,,,,,,,,,,,,,,,,,,,,,,,,
EBIT,"10,929,000,000","3,507,000,000","-817,000,000","3,386,000,000","4,853,000,000","3,861,000,000","3,572,000,000","3,209,000,000","4,275,000,000","3,532,000,000","3,275,000,000","2,976,000,000","4,391,000,000","3,597,000,000","3,293,000,000","3,069,000,000","4,688,000,000","3,833,000,000","3,342,000,000","3,054,000,000","4,242,000,000","3,148,000,000","3,136,000,000","2,789,000,000","4,094,000,000","3,092,000,000","3,039,000,000","2,684,000,000","4,023,000,000","3,423,000,000","3,551,000,000","2,979,000,000","4,828,000,000","3,477,000,000","3,433,000,000","2,880,000,000","5,035,000,000","3,295,000,000","3,475,000,000","2,890,000,000","4,575,000,000","3,338,000,000","3,152,000,000","2,663,000,000","4,365,000,000","3,003,000,000","2,860,000,000","1,991,000,000","3,276,000,000","1,768,000,000","2,211,000,000","1,741,000,000","2,884,000,000","1,982,000,000","2,013,000,000","1,584,000,000","3,093,000,000","1,843,000,000","1,810,000,000","1,264,000,000","2,352,000,000","1,450,000,000","1,332,000,000","1,000,000,000","1,919,000,000","1,163,000,000","1,116,000,000","751,000,000","1,552,000,000","928,000,000","1,131,000,000","715,000,000","1,407,000,000","927,000,000","915,000,000","616,000,000","1,271,000,000","796,000,000","794,000,000","580,000,000","1,226,539,000","778,739,000","819,944,000","745,778,000","1,294,926,000","878,123,000","946,001,000","658,041,000","1,388,511,000","769,721,000","576,065,000","345,863,000","806,298,000","406,679,000","382,067,000","277,837,000","604,945,000","318,273,000","272,006,000","216,030,000","559,795,000","296,927,000","274,188,000","168,875,000","406,146,000","219,942,000","204,612,000","125,122,000","269,400,000","154,800,000","137,900,000","87,500,000","169,300,000","103,900,000","91,900,000","54,800,000","129,400,000","43,700,000","51,700,000","16,000,000","47,300,000","29,800,000","27,900,000","8,500,000","19,000,000","28,800,000","17,000,000","-47,100,000","84,600,000","41,000,000","224,600,000","175,500,000","-244,700,000","153,400,000","123,700,000","90,600,000","-114,100,000","76,300,000","60,300,000","41,300,000","-52,500,000","34,900,000","28,400,000","17,600,000","-23,600,000","16,000,000","9,300,000","9,300,000"
EBITDA,"13,972,000,000"
ReconciledCostOfRevenue,"6,783,000,000","1,722,000,000","1,699,000,000","1,649,000,000","1,712,000,000","1,530,000,000","1,553,000,000","1,524,000,000","1,612,000,000","1,616,000,000","1,707,000,000","1,621,000,000","1,733,000,000","1,642,000,000","1,721,000,000","1,667,000,000","1,892,000,000","1,697,000,000","1,677,000,000","1,648,000,000","1,725,000,000","1,633,000,000","1,556,000,000","1,554,000,000","1,708,000,000","1,625,000,000","1,643,000,000","1,631,000,000","1,843,000,000","1,723,000,000","1,734,000,000","1,521,000,000","2,051,000,000","1,526,000,000","1,567,000,000","1,483,000,000","1,682,000,000","1,577,000,000","1,660,000,000","1,648,000,000","1,870,000,000","1,784,000,000","1,847,000,000","1,871,000,000","2,084,000,000","1,923,000,000","2,062,000,000","1,963,000,000","2,140,000,000","1,346,000,000","770,000,000","721,000,000","1,114,000,000","1,047,000,000","1,127,000,000","1,244,000,000","1,275,000,000","1,178,000,000","1,168,000,000","1,092,000,000","1,094,000,000","970,000,000","959,000,000","921,000,000","885,000,000","726,000,000","696,000,000","654,000,000","726,000,000","663,000,000","590,000,000","555,000,000","980,000,000","439,000,000","455,000,000","563,000,000","580,000,000","574,000,000","599,000,000","589,000,000","638,822,000","547,467,000","609,838,000","609,873,000","718,550,000","708,614,000","694,998,000","673,878,000","725,498,000","707,261,000","753,170,000","756,750,000","812,988,000","792,023,000","779,847,000","679,290,000","670,411,000","586,398,000","548,631,000","468,167,000","435,435,000","401,441,000","377,483,000","336,107,000","322,239,000","286,843,000","255,422,000","231,509,000","192,700,000","159,500,000","153,100,000","125,900,000","126,200,000","100,700,000","90,900,000","76,900,000","55,600,000","64,400,000","64,500,000","59,000,000","61,000,000","57,600,000","52,200,000","45,000,000","50,200,000","52,300,000","51,700,000","41,600,000","39,100,000","32,000,000",,,,,,,,,,,,,,,,,,
ReconciledDepreciation,"3,043,000,000","775,000,000","759,000,000","757,000,000","752,000,000","732,000,000","731,000,000","701,000,000","722,000,000","748,000,000","748,000,000","750,000,000","754,000,000","741,000,000","704,000,000","720,000,000","702,000,000","699,000,000","688,000,000","696,000,000","719,000,000","656,000,000","543,000,000","533,000,000","583,000,000","622,000,000","633,000,000","671,000,000","717,000,000","704,000,000","733,000,000","707,000,000","724,000,000","710,000,000","729,000,000","745,000,000","742,000,000","725,000,000","718,000,000","746,000,000","776,000,000","730,000,000","701,000,000","709,000,000","684,000,000","701,000,000","709,000,000","702,000,000","706,000,000","575,000,000","498,000,000","492,000,000","502,000,000","501,000,000","496,000,000","477,000,000","411,000,000","357,000,000","360,000,000","352,000,000","320,000,000","282,000,000","268,000,000","257,000,000","264,000,000","212,000,000","187,000,000","192,000,000","186,000,000","134,000,000","52,000,000","53,000,000","55,000,000","58,000,000","60,000,000","61,000,000","69,000,000","92,000,000","82,000,000","84,000,000","129,558,000","72,548,000","79,893,000","81,001,000","87,406,000","83,447,000","83,886,000","92,157,000","97,890,000","101,492,000","96,422,000","95,121,000","105,746,000","99,374,000","88,858,000","81,406,000","87,928,000","84,941,000","84,557,000","71,137,000","72,346,000","65,747,000","63,915,000","62,765,000","59,779,000","54,868,000","54,508,000","50,339,000","45,500,000","37,200,000","34,500,000","30,600,000","29,300,000","26,700,000","25,300,000","23,300,000","19,000,000","19,400,000","20,100,000","20,700,000","16,700,000","15,100,000","16,900,000","17,100,000","20,600,000","17,000,000","16,900,000","16,200,000","15,400,000","9,600,000",,,,,,,,,,,,,,,,,,
NetIncomeFromContinuingOperationNetMinorityInterest,"7,560,000,000","2,319,000,000","-1,247,000,000","2,457,000,000","4,032,000,000","5,021,000,000","2,442,000,000","2,251,000,000","3,116,000,000","2,571,000,000","2,311,000,000","2,137,000,000","3,740,000,000","2,745,000,000","2,333,000,000","2,265,000,000","3,407,000,000","-4,024,000,000","2,233,000,000","2,210,000,000","3,232,000,000","2,239,000,000","2,032,000,000","1,832,000,000","2,814,000,000","2,142,000,000","2,197,000,000","1,747,000,000","2,757,000,000","2,495,000,000","2,502,000,000","2,184,000,000","3,646,000,000","2,565,000,000","2,553,000,000","2,191,000,000","3,806,000,000","2,504,000,000","2,581,000,000","2,034,000,000","3,452,000,000","2,498,000,000","2,192,000,000","1,840,000,000","3,209,000,000","2,116,000,000","1,870,000,000","1,352,000,000","2,363,000,000","1,189,000,000","1,458,000,000","1,124,000,000","1,891,000,000","1,329,000,000","1,296,000,000","1,077,000,000","2,037,000,000","1,340,000,000","1,303,000,000","840,000,000","1,604,000,000","1,033,000,000","967,000,000","670,000,000","1,300,000,000","765,000,000","798,000,000","519,000,000","1,022,000,000","540,000,000","815,000,000","509,000,000","990,000,000","635,000,000","617,000,000","440,000,000","858,000,000","571,000,000","535,000,000","343,000,000","655,916,000","507,975,000","549,462,000","510,647,000","854,894,000","582,713,000","622,812,000","500,677,000","4,912,407,000","763,176,000","384,484,000","236,736,000","527,420,000","293,261,000","274,076,000","195,002,000","402,823,000","215,077,000","187,324,000","8,471,000","359,937,000","169,253,000","179,496,000","112,771,000","266,325,000","146,290,000","136,901,000","53,763,000","181,700,000","104,800,000","93,900,000","61,200,000","114,500,000","69,700,000","62,100,000","37,400,000","69,100,000","29,200,000","33,500,000","10,000,000","28,800,000","16,800,000","13,600,000","2,400,000","4,800,000","12,100,000","6,700,000","-36,000,000","52,900,000","24,300,000",,,,,,,,,,,,,,,,,,
TotalUnusualItemsExcludingGoodwill,"-336,000,000","-55,000,000","-81,000,000","-78,000,000","-24,000,000","-97,000,000","-188,000,000","-243,000,000","-139,000,000","-114,000,000","-80,000,000","-158,000,000","-226,000,000","-52,000,000","-183,000,000","-138,000,000","-130,000,000","-129,000,000","-316,000,000","-140,000,000","-186,000,000","-211,000,000","-195,000,000","-126,000,000","-214,000,000","-141,000,000","-116,000,000","-139,000,000","-290,000,000","-88,000,000","-63,000,000","-135,000,000","-206,000,000","-181,000,000","-113,000,000","-101,000,000","211,000,000","-161,000,000","-47,000,000","87,000,000","-43,000,000","-141,000,000","-74,000,000","-197,000,000","-164,000,000","-150,000,000","-146,000,000","-138,000,000","-283,000,000","-415,000,000","-91,000,000","-53,000,000","124,000,000","-53,000,000","-108,000,000","19,000,000","-92,000,000","44,000,000","21,000,000","30,000,000","-115,000,000","-9,000,000","43,000,000","-35,000,000","-55,000,000","-77,000,000","22,000,000","-24,000,000","-173,000,000","-148,000,000","-4,000,000","23,000,000","-11,000,000","-3,000,000","-3,000,000","48,000,000","-218,000,000","39,000,000","28,000,000","-2,000,000","-391,175,000","10,271,000","25,382,000","39,833,000","-234,735,000","25,308,000","19,880,000","118,202,000","6,446,858,000","439,609,000","15,450,000","18,347,000","-76,340,000","37,656,000","28,654,000","22,166,000","-54,546,000","12,615,000","16,248,000","-127,080,000","-37,968,000","-32,470,000","6,275,000","7,330,000","-20,775,000","1,709,000","2,814,000","-43,663,000","8,700,000","1,500,000","2,200,000","3,800,000","8,200,000","200,000",,"1,900,000","-14,300,000","1,000,000","-100,000","-700,000","14,700,000","-2,800,000","-6,100,000","-4,700,000","-9,300,000","-7,500,000","-6,800,000","-7,500,000","5,500,000","-5,300,000",,,,,,,,,,,,,,,,,,
TotalUnusualItems,"-336,000,000","-55,000,000","-81,000,000","-78,000,000","-24,000,000","-97,000,000","-188,000,000","-243,000,000","-139,000,000","-114,000,000","-80,000,000","-158,000,000","-226,000,000","-52,000,000","-183,000,000","-138,000,000","-130,000,000","-129,000,000","-316,000,000","-140,000,000","-186,000,000","-211,000,000","-195,000,000","-126,000,000","-214,000,000","-141,000,000","-116,000,000","-139,000,000","-290,000,000","-88,000,000","-63,000,000","-135,000,000","-206,000,000","-181,000,000","-113,000,000","-101,000,000","211,000,000","-161,000,000","-47,000,000","87,000,000","-43,000,000","-141,000,000","-74,000,000","-197,000,000","-164,000,000","-150,000,000","-146,000,000","-138,000,000","-283,000,000","-415,000,000","-91,000,000","-53,000,000","124,000,000","-53,000,000","-108,000,000","19,000,000","-92,000,000","44,000,000","21,000,000","30,000,000","-115,000,000","-9,000,000","43,000,000","-35,000,000","-55,000,000","-77,000,000","22,000,000","-24,000,000","-173,000,000","-148,000,000","-4,000,000","23,000,000","-11,000,000","-3,000,000","-3,000,000","48,000,000","-218,000,000","39,000,000","28,000,000","-2,000,000","-391,175,000","10,271,000","25,382,000","39,833,000","-234,735,000","25,308,000","19,880,000","118,202,000","6,446,858,000","439,609,000","15,450,000","18,347,000","-76,340,000","37,656,000","28,654,000","22,166,000","-54,546,000","12,615,000","16,248,000","-127,080,000","-37,968,000","-32,470,000","6,275,000","7,330,000","-20,775,000","1,709,000","2,814,000","-43,663,000","8,700,000","1,500,000","2,200,000","3,800,000","8,200,000","200,000",,"1,900,000","-14,300,000","1,000,000","-100,000","-700,000","14,700,000","-2,800,000","-6,100,000","-4,700,000","-9,300,000","-7,500,000","-6,800,000","-7,500,000","5,500,000","-5,300,000",,,,,,,,,,,,,,,,,,
NormalizedEBITDA,"14,308,000,000","4,337,000,000","23,000,000","4,221,000,000","5,629,000,000","4,690,000,000","4,491,000,000","4,153,000,000","5,136,000,000","4,394,000,000","4,103,000,000","3,884,000,000","5,371,000,000","4,390,000,000","4,180,000,000","3,927,000,000","5,520,000,000","4,661,000,000","4,346,000,000","3,890,000,000","5,147,000,000","4,015,000,000","3,874,000,000","3,448,000,000","4,891,000,000","3,855,000,000","3,788,000,000","3,494,000,000","5,030,000,000","4,215,000,000","4,347,000,000","3,821,000,000","5,758,000,000","4,368,000,000","4,275,000,000","3,726,000,000","5,566,000,000","4,181,000,000","4,240,000,000","3,549,000,000","5,394,000,000","4,209,000,000","3,927,000,000","3,569,000,000","5,213,000,000","3,854,000,000","3,715,000,000","2,831,000,000","4,265,000,000","2,758,000,000","2,800,000,000","2,286,000,000","3,262,000,000","2,536,000,000","2,617,000,000","2,042,000,000","3,596,000,000","2,156,000,000","2,149,000,000","1,586,000,000","2,787,000,000","1,741,000,000","1,557,000,000","1,292,000,000","2,238,000,000","1,452,000,000","1,281,000,000","967,000,000","1,911,000,000","1,210,000,000","1,187,000,000","745,000,000","1,473,000,000","988,000,000","978,000,000","629,000,000","1,558,000,000","849,000,000","848,000,000","666,000,000","1,747,272,000","841,016,000","874,455,000","786,946,000","1,617,067,000","936,262,000","1,010,007,000","631,996,000","-4,960,457,000","431,604,000","657,037,000","422,637,000","988,384,000","468,397,000","442,271,000","337,077,000","747,419,000","390,599,000","340,315,000","414,247,000","670,109,000","395,144,000","331,828,000","224,310,000","486,700,000","273,101,000","256,306,000","219,124,000","306,200,000","190,500,000","170,200,000","114,300,000","190,400,000","130,400,000","117,200,000","76,200,000","162,700,000","62,100,000","71,900,000","37,400,000","49,300,000","47,700,000","50,900,000","30,300,000","48,900,000","53,300,000","40,700,000","-23,400,000","94,500,000","55,900,000","224,600,000","175,500,000","-244,700,000","153,400,000","123,700,000","90,600,000","-114,100,000","76,300,000","60,300,000","41,300,000","-52,500,000","34,900,000","28,400,000","17,600,000","-23,600,000","16,000,000","9,300,000","9,300,000"
TaxRateForCalcs,"0.076","0.184","0.166","0.084","0.03","0.27","0.178","0.133","0.157","0.164","0.177","0.139","0.033","0.111","0.159","0.108","0.177","0.27","0.221","0.145","0.141","0.17","0.243","0.228","0.246","0.216","0.176","0.244","0.254","0.208","0.235","0.197","0.205","0.21","0.203","0.177","0.211","0.19","0.213","0.247","0.212","0.207","0.259","0.255","0.23","0.244","0.293","0.247","0.232","0.248","0.279","0.28","0.314","0.266","0.29","0.254","0.307","0.286","0.282","0.3","0.292","0.265","0.286","0.304","0.308","0.29","0.289","0.292","0.264","0.3","0.294","0.31","0.302","0.329","0.326","0.337","0.327","0.311","0.331","0.343","0.341","0.35","0.35","0.35","0.355","0.355","0.355","0.355","0.383","0.369","0.35","0.35","0.362","0.34","0.333","0.35","0.35","0.35","0.35","0.4","0.36","0.36","0.36","0.36","0.349","0.34","0.34","0.34","0.33","0.33","0.33","0.33","0.33","0.33","0.324","0.339","0.35","0.35","0.35","0.351","0.335","0.38","0.379","0.385","0.4","0.4","0.343","0.339","0.321","0.319",,,,,,,,,,,,,,,,,,
TaxEffectOfUnusualItems,"-25,504,950.495","-10,120,000","-13,481,951.872","-6,552,000","-716,073.147","-26,190,000","-33,464,000","-32,319,000","-21,812,770.563","-18,696,000","-14,160,000","-21,962,000","-7,365,752.716","-5,772,000","-29,097,000","-14,904,000","-23,016,908.213","-34,830,000","-69,836,000","-20,300,000","-26,161,659.133","-35,870,000","-47,385,000","-28,728,000","-52,639,871.383","-30,456,000","-20,416,000","-33,916,000","-73,735,461.185","-18,304,000","-14,805,000","-26,595,000","-42,295,553.618","-38,010,000","-22,939,000","-17,877,000","44,595,938.666","-30,590,000","-10,011,000","21,489,000","-9,133,698.38","-29,187,000","-19,200,000","-50,306,353.703","-37,794,724.221","-36,602,357.985","-42,817,838.246","-34,057,938.719","-65,527,154.472","-103,094,184.576","-25,415,224.913","-14,861,715.749","38,887,840.29","-14,084,530.387","-31,347,207.01","4,828,947.368","-28,278,816.729","12,588,172.616","5,923,966.942","9,000,000","-33,524,734.982","-2,387,624.467","12,290,251.108","-10,623,700.624","-16,947,844.598","-22,357,142.857","6,352,941.176","-7,006,821.282","-45,618,155.62","-44,342,412.451","-1,175,043.328","7,136,856.369","-3,325,581.395","-988,384.372","-979,257.642","16,192,771.084","-71,183,673.469","12,137,515.078","9,275,000","-685,823.755","-133,453,548.62","3,594,850","8,883,696.997","13,941,557.605","-83,360,384.736","8,984,339.86","7,061,130.429","41,961,669.647","2,467,455,867.077","162,183,451.817","5,407,519.59","6,421,475.187","-27,655,273.149","12,803,048.475","9,533,054.872","7,758,096.306","-19,091,060.393","4,415,257.625","5,689,116.682","-50,832,000","-13,668,498.903","-11,689,136.154","2,259,007.16","2,638,808.32","-7,246,262.537","581,057.378","956,762.171","-14,845,387.839","2,871,128.319","494,884.91","725,481.799","1,252,792.99","2,702,927.4","66,090.298","0","644,522.968","-5,004,327.375","349,665.924","-34,951.456","-245,454.545","4,922,632.794","-1,064,206.642","-2,311,872.146","-1,807,692.308","-3,720,000","-3,000,000","-2,333,333.333","-2,545,871.56","1,765,083.44","-1,692,436.975",,,,,,,,,,,,,,,,,,