name,ttm,12/31/2021,09/30/2021,06/30/2021,03/31/2021,12/31/2020,09/30/2020,06/30/2020,03/31/2020,12/31/2019,09/30/2019,06/30/2019,03/31/2019,12/31/2018,09/30/2018,06/30/2018,03/31/2018,12/31/2017,09/30/2017,06/30/2017,03/31/2017,12/31/2016,09/30/2016,06/30/2016,03/31/2016,12/31/2015,09/30/2015,06/30/2015,03/31/2015,12/31/2014,09/30/2014,06/30/2014,03/31/2014,12/31/2013,09/30/2013,06/30/2013,03/31/2013,12/31/2012,09/30/2012,06/30/2012,03/31/2012,12/31/2011,09/30/2011,06/30/2011,03/31/2011,12/31/2010,09/30/2010,06/30/2010,03/31/2010,12/31/2009,09/30/2009,06/30/2009,03/31/2009,12/31/2008,09/30/2008,06/30/2008,03/31/2008,12/31/2007,09/30/2007,06/30/2007,03/31/2007,12/31/2006,09/30/2006,06/30/2006,03/31/2006,12/31/2005,09/30/2005,06/30/2005,03/31/2005,12/31/2004,09/30/2004,06/30/2004,03/31/2004,12/31/2003,09/30/2003,06/30/2003,03/31/2003,12/31/2002,09/30/2002,06/30/2002,03/31/2002,12/31/2001,09/30/2001,06/30/2001,03/31/2001,12/31/2000,09/30/2000,06/30/2000,03/31/2000,12/31/1999,09/30/1999,06/30/1999,03/31/1999,12/31/1998,09/30/1998,06/30/1998,03/31/1998,12/31/1997,09/30/1997,06/30/1997,03/31/1997,12/31/1996,09/30/1996,06/30/1996,03/31/1996,12/31/1995,09/30/1995,06/30/1995,03/31/1995,12/31/1994,09/30/1994,06/30/1994,03/31/1994,12/31/1993,09/30/1993,06/30/1993,03/31/1993,12/31/1992,09/30/1992,06/30/1992,03/31/1992,12/31/1991,09/30/1991,06/30/1991,03/31/1991,12/31/1990,09/30/1990,06/30/1990,03/31/1990,12/31/1989,09/30/1989,06/30/1989,03/31/1989,12/31/1988,09/30/1988,06/30/1988,03/31/1988,12/31/1987,09/30/1987,06/30/1987,03/31/1987,12/31/1986,09/30/1986,06/30/1986,03/31/1986,12/31/1985,09/30/1985
TotalRevenue,"25,956,000,000","7,913,000,000","6,792,000,000","5,958,000,000","5,293,000,000","4,160,000,000","4,108,000,000","2,928,000,000","6,410,000,000","6,282,000,000","5,687,000,000","4,420,000,000","4,004,000,000","4,762,000,000","5,216,000,000","4,083,000,000","3,763,000,000","3,492,000,000","2,999,000,000","3,060,000,000","2,957,000,000","2,788,000,000","2,648,000,000","2,531,000,000","2,123,000,000","2,806,000,000","3,116,000,000","3,469,000,000","3,089,000,000","953,000,000","5,996,000,000","6,275,000,000","6,088,000,000","6,172,000,000","6,449,000,000","5,962,000,000","5,872,000,000","6,171,000,000","5,965,000,000","5,768,000,000","6,268,000,000","6,049,000,000","6,006,000,000","6,173,000,000","5,726,000,000","4,728,000,000","4,902,000,000","4,795,000,000","4,793,000,000","4,580,000,000","4,126,000,000","3,722,000,000","3,103,000,000","4,284,000,000","7,060,000,000","7,116,000,000","6,020,000,000","6,746,000,000","4,841,000,000","4,411,000,000","4,108,000,000","4,415,000,000","4,603,000,000","4,689,000,000","4,627,000,000","4,391,000,000","4,834,000,000","3,694,000,000","3,340,000,000","2,929,000,000","3,067,000,000","2,750,000,000","2,603,000,000","2,267,000,000","2,349,000,000","2,305,000,000","2,405,000,000","1,985,000,000","1,963,000,000","3,175,000,000","2,525,000,000","2,240,000,000","3,313,000,000","3,908,000,000","4,524,000,000","4,133,000,000","3,805,000,000","3,128,000,000","2,508,000,000","2,506,000,000","2,113,000,000","1,647,000,000","1,344,000,000","1,692,000,000","1,661,000,000","1,543,000,000","1,700,000,000","-106,000,000","2,644,000,000","2,717,000,000","2,761,000,000","2,792,000,000","2,786,000,000","2,457,000,000","2,524,000,000","2,473,000,000","2,557,000,000","2,679,000,000","2,714,000,000","2,564,000,000","2,404,000,000","2,162,000,000","2,106,000,000","2,020,000,000","1,916,000,000","2,011,000,000","2,169,000,000","1,896,000,000","2,268,000,000","2,176,000,000","2,154,000,000","2,609,000,000","2,330,000,000","5,056,000,000","5,303,000,000","6,063,000,000","5,350,000,000","5,122,000,000","5,159,000,000","5,049,000,000","4,826,000,000","5,050,000,000","5,143,000,000","5,284,000,000","4,913,000,000","4,744,000,000","4,476,000,000","4,389,000,000","4,222,000,000","4,328,000,000","4,157,000,000","4,168,900,000","3,717,200,000","3,827,200,000","3,630,800,000","3,775,900,000","3,383,100,000"
	OperatingRevenue,"25,956,000,000","7,913,000,000","6,792,000,000","5,958,000,000","5,293,000,000","4,160,000,000","4,108,000,000","2,928,000,000","6,410,000,000","6,282,000,000","5,687,000,000","4,420,000,000","4,004,000,000","4,762,000,000","5,216,000,000","4,083,000,000","3,763,000,000","3,492,000,000","2,999,000,000","3,060,000,000","2,957,000,000","2,788,000,000","2,648,000,000","2,531,000,000","2,123,000,000","2,806,000,000","3,116,000,000","3,469,000,000","3,089,000,000","953,000,000","5,996,000,000","6,275,000,000","6,088,000,000","6,172,000,000","6,449,000,000","5,962,000,000","5,872,000,000","6,171,000,000","5,965,000,000","5,768,000,000","6,268,000,000","6,049,000,000","6,006,000,000","6,173,000,000","5,726,000,000","4,617,000,000","4,896,000,000","4,761,000,000","4,771,000,000","4,539,000,000","4,104,000,000","3,687,000,000","3,073,000,000","4,021,000,000","7,060,000,000","7,116,000,000","6,020,000,000","5,517,000,000","4,841,000,000","4,411,000,000","4,108,000,000","4,144,000,000","4,522,000,000","4,599,000,000","4,570,000,000","4,330,000,000","4,057,000,000","3,518,000,000","3,303,000,000","3,005,000,000","3,033,000,000","2,750,000,000","2,580,000,000","2,370,000,000","2,319,000,000","2,266,000,000","2,371,000,000","1,985,000,000","1,963,000,000","3,141,000,000","2,525,000,000","2,380,000,000","3,285,000,000","3,845,000,000","4,475,000,000","4,133,000,000","3,805,000,000","3,128,000,000","2,508,000,000","2,506,000,000","2,113,000,000","1,647,000,000","1,344,000,000","1,692,000,000","1,661,000,000","1,543,000,000","1,700,000,000","-106,000,000","2,644,000,000","2,717,000,000","2,761,000,000","2,792,000,000","2,786,000,000","2,457,000,000","2,524,000,000","2,473,000,000","2,557,000,000","2,679,000,000","2,714,000,000","2,564,000,000","2,404,000,000","2,162,000,000","2,106,000,000","2,020,000,000","1,916,000,000","2,011,000,000","2,169,000,000","1,896,000,000","2,268,000,000","2,176,000,000","2,154,000,000","2,609,000,000","2,330,000,000","5,056,000,000","5,303,000,000","6,063,000,000","5,350,000,000","5,122,000,000","5,159,000,000","5,049,000,000","4,826,000,000","5,050,000,000","5,143,000,000","5,284,000,000","4,913,000,000","4,744,000,000","4,476,000,000","4,389,000,000","4,222,000,000","4,328,000,000","4,157,000,000","4,168,900,000","3,717,200,000","3,827,200,000","3,630,800,000","3,775,900,000","3,383,100,000"
CostOfRevenue,"18,106,000,000","4,621,000,000","4,424,000,000","4,610,000,000","4,451,000,000","3,844,000,000","3,865,000,000","3,908,000,000","4,851,000,000","4,720,000,000","4,067,000,000","2,848,000,000","2,683,000,000","3,040,000,000","2,809,000,000","2,412,000,000","2,284,000,000","2,401,000,000","2,352,000,000","2,475,000,000","2,368,000,000","2,376,000,000","2,384,000,000","2,314,000,000","2,383,000,000","2,630,000,000","2,536,000,000","2,596,000,000","2,586,000,000","1,184,000,000","3,385,000,000","3,297,000,000","3,198,000,000","3,378,000,000","3,214,000,000","3,180,000,000","3,137,000,000","3,169,000,000","3,176,000,000","3,060,000,000","2,950,000,000","-740,000,000","2,879,000,000","2,720,000,000","2,526,000,000","-1,156,000,000","2,527,000,000","2,505,000,000","2,498,000,000","-794,000,000","2,186,000,000","2,113,000,000","2,122,000,000","-430,000,000","2,905,000,000","2,739,000,000","2,536,000,000","175,000,000","2,423,000,000","2,298,000,000","2,180,000,000","213,000,000","2,172,000,000","2,184,000,000","2,060,000,000","878,000,000","1,833,000,000","1,739,000,000","1,579,000,000","234,000,000","1,527,000,000","1,507,000,000","1,460,000,000","189,000,000","1,319,000,000","1,293,000,000","1,326,000,000","209,000,000","1,154,000,000","2,398,000,000","2,017,000,000","1,086,000,000","2,508,000,000","2,768,000,000","3,310,000,000","3,013,000,000","2,545,000,000","1,957,000,000","1,542,000,000","1,690,000,000","1,413,000,000","1,113,000,000","894,000,000","1,304,000,000","1,198,000,000","979,000,000","1,058,000,000","-326,000,000","1,797,000,000","1,864,000,000","1,833,000,000","1,847,000,000","1,926,000,000","1,638,000,000","1,650,000,000","1,818,000,000","1,728,000,000","1,752,000,000","1,807,000,000","1,864,000,000","1,730,000,000","1,612,000,000","1,632,000,000","1,562,000,000","1,420,000,000","1,477,000,000","1,599,000,000","1,389,000,000","1,727,000,000","1,670,000,000","1,608,000,000","1,976,000,000","1,809,000,000","4,393,000,000","4,464,000,000","5,036,000,000","4,523,000,000","4,377,000,000","4,288,000,000","4,159,000,000","3,944,000,000",,,,,,,,,,,,,,,,
GrossProfit,"7,850,000,000","3,292,000,000","2,368,000,000","1,348,000,000","842,000,000","316,000,000","243,000,000","-980,000,000","1,559,000,000","1,562,000,000","1,620,000,000","1,572,000,000","1,321,000,000","1,722,000,000","2,407,000,000","1,671,000,000","1,479,000,000","1,091,000,000","647,000,000","585,000,000","589,000,000","412,000,000","264,000,000","217,000,000","-260,000,000","176,000,000","580,000,000","873,000,000","503,000,000","-231,000,000","2,611,000,000","2,978,000,000","2,890,000,000","2,794,000,000","3,235,000,000","2,782,000,000","2,735,000,000","3,002,000,000","2,789,000,000","2,708,000,000","3,318,000,000","6,789,000,000","3,127,000,000","3,453,000,000","3,200,000,000","5,884,000,000","2,375,000,000","2,290,000,000","2,295,000,000","5,374,000,000","1,940,000,000","1,609,000,000","981,000,000","4,714,000,000","4,155,000,000","4,377,000,000","3,484,000,000","6,571,000,000","2,418,000,000","2,113,000,000","1,928,000,000","4,202,000,000","2,431,000,000","2,505,000,000","2,567,000,000","3,513,000,000","3,001,000,000","1,955,000,000","1,761,000,000","2,695,000,000","1,540,000,000","1,243,000,000","1,143,000,000","2,078,000,000","1,030,000,000","1,012,000,000","1,079,000,000","1,776,000,000","809,000,000","777,000,000","508,000,000","1,154,000,000","805,000,000","1,140,000,000","1,214,000,000","1,120,000,000","1,260,000,000","1,171,000,000","966,000,000","816,000,000","700,000,000","534,000,000","450,000,000","388,000,000","463,000,000","564,000,000","642,000,000","220,000,000","847,000,000","853,000,000","928,000,000","945,000,000","860,000,000","819,000,000","874,000,000","655,000,000","829,000,000","927,000,000","907,000,000","700,000,000","674,000,000","550,000,000","474,000,000","458,000,000","496,000,000","534,000,000","570,000,000","507,000,000","541,000,000","506,000,000","546,000,000","633,000,000","521,000,000","663,000,000","839,000,000","1,027,000,000","827,000,000","745,000,000","871,000,000","890,000,000","882,000,000",,,,,,,,,,,,,,,,
OperatingExpense,"3,185,000,000","952,000,000","816,000,000","755,000,000","662,000,000","733,000,000","606,000,000","440,000,000","674,000,000","1,288,000,000","866,000,000","581,000,000","525,000,000","629,000,000","565,000,000","538,000,000","430,000,000","593,000,000","436,000,000","437,000,000","351,000,000","488,000,000","386,000,000","439,000,000","356,000,000","383,000,000","376,000,000","464,000,000","426,000,000","121,000,000","685,000,000","751,000,000","646,000,000","695,000,000","713,000,000","769,000,000","629,000,000","688,000,000","635,000,000","598,000,000","706,000,000","4,256,000,000","433,000,000","612,000,000","676,000,000","3,688,000,000","411,000,000","436,000,000","498,000,000","3,604,000,000","474,000,000","472,000,000","375,000,000","3,385,000,000","391,000,000","506,000,000","404,000,000","2,847,000,000","415,000,000","394,000,000","395,000,000","2,397,000,000","356,000,000","356,000,000","383,000,000","1,790,000,000","553,000,000","324,000,000","285,000,000","1,662,000,000","243,000,000","239,000,000","226,000,000","1,429,000,000","216,000,000","263,000,000","187,000,000","1,193,000,000","207,000,000","222,000,000","154,000,000","1,111,000,000","159,000,000","178,000,000","247,000,000","198,000,000","530,000,000","525,000,000","339,000,000","376,000,000","366,000,000","363,000,000","369,000,000","341,000,000","383,000,000","463,000,000","408,000,000","481,000,000","520,000,000","483,000,000","487,000,000","594,000,000","595,000,000","538,000,000","474,000,000","537,000,000","489,000,000","588,000,000","483,000,000","550,000,000","481,000,000","443,000,000","411,000,000","423,000,000","447,000,000","412,000,000","406,000,000","578,000,000","424,000,000","425,000,000","391,000,000","463,000,000","540,000,000","468,000,000","474,000,000","750,000,000","514,000,000","523,000,000","514,000,000","661,000,000","649,000,000",,,,,,,,,,,,,,,,
	SellingGeneralAndAdministration,"863,000,000","280,000,000","240,000,000","177,000,000","166,000,000","209,000,000","166,000,000","225,000,000","260,000,000","337,000,000","242,000,000","163,000,000","140,000,000","473,000,000","431,000,000","402,000,000","307,000,000","448,000,000","352,000,000","352,000,000","272,000,000","404,000,000","316,000,000","338,000,000","272,000,000","320,000,000","292,000,000","347,000,000","311,000,000","176,000,000","441,000,000","498,000,000","388,000,000","454,000,000","459,000,000","495,000,000","393,000,000","439,000,000","394,000,000","335,000,000","434,000,000","452,000,000","242,000,000","388,000,000","441,000,000","424,000,000","288,000,000","309,000,000","375,000,000","374,000,000","369,000,000","362,000,000","270,000,000","-16,000,000","391,000,000","506,000,000","404,000,000","468,000,000","415,000,000","394,000,000","395,000,000","355,000,000","356,000,000","356,000,000","383,000,000","305,000,000","553,000,000","324,000,000","285,000,000","359,000,000","243,000,000","239,000,000","226,000,000","252,000,000","216,000,000","263,000,000","187,000,000","181,000,000","207,000,000","222,000,000","154,000,000","140,000,000","159,000,000","178,000,000","247,000,000","-16,000,000","262,000,000","291,000,000","154,000,000","157,000,000","168,000,000","160,000,000","172,000,000","137,000,000","181,000,000","242,000,000","178,000,000","362,000,000","294,000,000","237,000,000","245,000,000","353,000,000","359,000,000","311,000,000","250,000,000","292,000,000","254,000,000","353,000,000","245,000,000","313,000,000","252,000,000","219,000,000","204,000,000","187,000,000","219,000,000","190,000,000","185,000,000","297,000,000","217,000,000","224,000,000","192,000,000","155,000,000","365,000,000","229,000,000","241,000,000","410,000,000","256,000,000","268,000,000","261,000,000","292,000,000","389,000,000",,,,,,,,,,,,,,,,
		GeneralAndAdministrativeExpense,,,,,,,,,,,,,,,,,,,,,,,,,,,,,,,,,,,,,,,,,,,,,,,,,,,"10,000,000",,,,,,,,,,,,,,,,,,,,,,,,,,,,,,,,,,,,,,,,,,,,,,,,,,,,,,,,,,,,,,,,,,,,,,,,,,,,,,,,,,,,,,,,,,,,,,,,
	DepreciationAmortizationDepletionIncomeStatement,,,,,,,,,,,,,,,,,,,,,,,,,,,,,,,,,,,,,,,,,,,,,,,,,,,,,,,,,,,,,,,,,,,,,,,,,,,,,,,,,,,,,,"214,000,000","268,000,000","234,000,000","185,000,000","219,000,000","198,000,000","203,000,000","197,000,000","204,000,000","202,000,000","221,000,000","230,000,000","119,000,000","226,000,000","246,000,000","242,000,000","241,000,000","236,000,000","227,000,000","224,000,000","245,000,000","235,000,000","235,000,000","238,000,000","237,000,000","229,000,000","224,000,000","207,000,000","236,000,000","228,000,000","222,000,000","221,000,000","281,000,000","207,000,000","201,000,000","199,000,000","308,000,000","175,000,000","239,000,000","233,000,000","340,000,000","258,000,000","255,000,000","253,000,000","369,000,000","260,000,000",,,,,,,,,,,,,,,,
		DepreciationAndAmortizationInIncomeStatement,,,,,,,,,,,,,,,,,,,,,,,,,,,,,,,,,,,,,,,,,,,,,,,,,,,,,,,,,,,,,,,,,,,,,,,,,,,,,,,,,,,,,,"214,000,000","268,000,000","234,000,000","185,000,000","219,000,000","198,000,000","203,000,000","197,000,000","204,000,000","202,000,000","221,000,000","230,000,000","119,000,000","226,000,000","246,000,000","242,000,000","241,000,000","236,000,000","227,000,000","224,000,000","245,000,000","235,000,000","235,000,000","238,000,000","237,000,000","229,000,000","224,000,000","207,000,000","236,000,000","228,000,000","222,000,000","221,000,000","281,000,000","207,000,000","201,000,000","199,000,000","308,000,000","175,000,000","239,000,000","233,000,000","340,000,000","258,000,000","255,000,000","253,000,000","369,000,000","260,000,000",,,,,,,,,,,,,,,,
	OtherTaxes,"1,005,000,000","262,000,000","289,000,000","244,000,000","210,000,000","149,000,000","180,000,000","68,000,000","182,000,000","275,000,000","198,000,000","123,000,000","111,000,000","106,000,000","110,000,000","115,000,000","108,000,000","90,000,000","76,000,000","77,000,000","68,000,000","67,000,000","61,000,000","74,000,000","75,000,000","50,000,000","79,000,000","107,000,000","107,000,000","-43,000,000","191,000,000","199,000,000","203,000,000","181,000,000","186,000,000","196,000,000","186,000,000","167,000,000","172,000,000","167,000,000","174,000,000","140,000,000","152,000,000","162,000,000","151,000,000","117,000,000","117,000,000","127,000,000","123,000,000","113,000,000","105,000,000","110,000,000","105,000,000",,,,,,,,,,,,,,,,,,,,,,,,,,,,,,,,,,,,,,,,,,,,,,,,,,,,,,,,,,,,,,,,,,,,,,,,,,,,,,,,,,,,,,,,,,,,,,
	OtherOperatingExpenses,"1,317,000,000","410,000,000","287,000,000","334,000,000","286,000,000","375,000,000","260,000,000","147,000,000","232,000,000","676,000,000","426,000,000","295,000,000","274,000,000","50,000,000","24,000,000","21,000,000","15,000,000","55,000,000","8,000,000","8,000,000","11,000,000","17,000,000","9,000,000","27,000,000","9,000,000","13,000,000","5,000,000","10,000,000","8,000,000","-12,000,000","53,000,000","54,000,000","55,000,000","60,000,000","68,000,000","78,000,000","50,000,000","82,000,000","69,000,000","96,000,000","98,000,000","73,000,000","39,000,000","62,000,000","84,000,000",,"6,000,000",,,,,,,,,,,,,,,,,,,,,,,,,,,,,,,,,,,,,,,,,,,,,,,,,,,,,,,,,,,,,,,,,,,,,,,,,,,,,,,,,,,,,,,,,,,,,,,,,,,,
OperatingIncome,"4,665,000,000","2,340,000,000","1,552,000,000","593,000,000","180,000,000","-417,000,000","-363,000,000","-1,420,000,000","885,000,000","274,000,000","754,000,000","991,000,000","796,000,000","1,093,000,000","1,842,000,000","1,133,000,000","1,049,000,000","498,000,000","211,000,000","148,000,000","238,000,000","-76,000,000","-122,000,000","-222,000,000","-616,000,000","-207,000,000","204,000,000","409,000,000","77,000,000","-352,000,000","1,926,000,000","2,227,000,000","2,244,000,000","2,099,000,000","2,522,000,000","2,013,000,000","2,106,000,000","2,314,000,000","2,154,000,000","2,110,000,000","2,612,000,000","2,533,000,000","2,694,000,000","2,841,000,000","2,524,000,000","2,196,000,000","1,964,000,000","1,854,000,000","1,797,000,000","1,770,000,000","1,466,000,000","1,137,000,000","606,000,000","1,329,000,000","3,764,000,000","3,871,000,000","3,080,000,000","3,724,000,000","2,003,000,000","1,719,000,000","1,533,000,000","1,805,000,000","2,075,000,000","2,149,000,000","2,184,000,000","1,723,000,000","2,448,000,000","1,631,000,000","1,476,000,000","1,033,000,000","1,297,000,000","1,004,000,000","917,000,000","649,000,000","814,000,000","749,000,000","892,000,000","583,000,000","602,000,000","555,000,000","354,000,000","43,000,000","646,000,000","962,000,000","967,000,000","922,000,000","730,000,000","646,000,000","627,000,000","440,000,000","334,000,000","171,000,000","81,000,000","47,000,000","80,000,000","101,000,000","234,000,000","-261,000,000","327,000,000","370,000,000","441,000,000","351,000,000","265,000,000","281,000,000","400,000,000","118,000,000","340,000,000","339,000,000","424,000,000","150,000,000","193,000,000","107,000,000","63,000,000","35,000,000","49,000,000","122,000,000","164,000,000","-71,000,000","117,000,000","81,000,000","155,000,000","170,000,000","-19,000,000","195,000,000","365,000,000","277,000,000","313,000,000","222,000,000","357,000,000","229,000,000","233,000,000","5,050,000,000","5,143,000,000","-13,092,000,000","4,913,000,000","4,744,000,000","4,476,000,000","-11,678,000,000","4,222,000,000","4,328,000,000","4,157,000,000","-10,361,300,000","3,717,200,000","3,827,200,000","3,630,800,000","-9,720,400,000","3,383,100,000"
NetNonOperatingInterestIncomeExpense,"-1,448,000,000","-361,000,000","-431,000,000","-336,000,000","-320,000,000","-379,000,000","-332,000,000","-277,000,000","-318,000,000","-392,000,000","-325,000,000","-112,000,000","-20,000,000","-64,000,000","-62,000,000","-59,000,000","-68,000,000","-60,000,000","-71,000,000","-55,000,000","-60,000,000","-42,000,000","-43,000,000","-61,000,000","-40,000,000","-31,000,000","-17,000,000","18,000,000","1,000,000","-2,000,000","17,000,000","28,000,000","10,000,000","-8,000,000","-3,000,000","-2,000,000","1,000,000","-19,000,000","-10,000,000","-4,000,000","-16,000,000","-2,000,000","45,000,000","8,000,000","-183,000,000","-108,000,000","1,000,000","8,000,000","-38,000,000","-41,000,000","-40,000,000","-4,000,000","3,000,000",,,,,,,,,,,,,,,,,,,,,,,,,,,,,,,,,,,,,,,,,,,,,,,,,,,,,,,,,,,,,,,,,,,,,,,,,,,,,,,,,,,,,,,,,,,,,,
	InterestIncomeNonOperating,"166,000,000","24,000,000","18,000,000","49,000,000","75,000,000","30,000,000","21,000,000","33,000,000","34,000,000","42,000,000","56,000,000","41,000,000","78,000,000","35,000,000","34,000,000","38,000,000","29,000,000","27,000,000","20,000,000","31,000,000","21,000,000","34,000,000","25,000,000","27,000,000","20,000,000","30,000,000","31,000,000","26,000,000","31,000,000","23,000,000","31,000,000","46,000,000","30,000,000","17,000,000","26,000,000","28,000,000","35,000,000","17,000,000","26,000,000","24,000,000","14,000,000","29,000,000","70,000,000","35,000,000","32,000,000",,"27,000,000","40,000,000",,,,"28,000,000","30,000,000",,,,,,,,,,,,,,,,,,,,,,,,,,,,,,,,,,,,,,,,,,,,,,,,,,,,,,,,,,,,,,,,,,,,,,,,,,,,,,,,,,,,,,,,,,,,,,
	InterestExpenseNonOperating,"1,614,000,000","385,000,000","449,000,000","385,000,000","395,000,000","409,000,000","353,000,000","310,000,000","352,000,000","434,000,000","381,000,000","153,000,000","98,000,000","99,000,000","96,000,000","97,000,000","97,000,000","87,000,000","91,000,000","86,000,000","81,000,000","76,000,000","68,000,000","88,000,000","60,000,000","61,000,000","48,000,000","8,000,000","30,000,000","25,000,000","14,000,000","18,000,000","20,000,000","25,000,000","29,000,000","30,000,000","34,000,000","36,000,000","36,000,000","28,000,000","30,000,000","31,000,000","25,000,000","27,000,000","215,000,000","20,000,000","26,000,000","32,000,000","38,000,000","41,000,000","40,000,000","32,000,000","27,000,000",,,,,,,,,,,,,,,,,,,,,,,,,,,,,,,,,,,,,,,,,,,,,,,,,,,,,,,,,,,,,,,,,,,,,,,,,,,,,,,,,,,,,,,,,,,,,,
	TotalOtherFinanceCost,,,,,,,,,,,,,,,,,,,"91,000,000",,,,,,,,,,,,,,,"25,000,000",,,,,,,,,,,,,,,,,,"23,000,000",,,,,,,,,,,,,,,,,,,,,,,,,,,,,,,,,,,,,,,,,,,,,,,,,,,,,,,,,,,,,,,,,,,,,,,,,,,,,,,,,,,,,,,,,,,,,,,
OtherIncomeExpense,"488,000,000","51,000,000","96,000,000","-293,000,000","334,000,000","-629,000,000","-3,363,000,000","-6,487,000,000","-2,662,000,000","-872,000,000","-1,050,000,000","-35,000,000","7,000,000","-300,000,000","712,000,000","-2,000,000","3,000,000","-452,000,000","75,000,000","512,000,000","-13,000,000","-522,000,000","-161,000,000",,"60,000,000","-6,511,000,000","-3,298,000,000","19,000,000","-348,000,000","-4,923,000,000","-5,000,000","54,000,000",,"423,000,000",,"131,000,000",,"-1,752,000,000","-76,000,000",,"1,000,000",,,,"21,000,000",,,,"65,000,000",,"40,000,000","-99,000,000",,"-840,000,000","57,000,000","96,000,000","40,000,000","26,000,000","182,000,000","326,000,000","422,000,000","108,000,000","62,000,000","58,000,000","72,000,000","66,000,000","773,000,000","311,000,000","71,000,000","271,000,000","43,000,000","26,000,000","16,000,000","0","24,000,000","15,000,000","-16,000,000","-2,000,000","-222,000,000","8,000,000","-35,000,000","-977,000,000","-33,000,000","10,000,000","-32,000,000","-383,000,000","149,000,000","543,000,000","37,000,000","-419,000,000","34,000,000","16,000,000","41,000,000","42,000,000","174,000,000","377,000,000","299,000,000","-16,000,000","28,000,000","34,000,000","39,000,000","39,000,000","85,000,000","167,000,000","48,000,000","62,000,000","58,000,000","94,000,000","57,000,000","54,000,000","54,000,000","33,000,000","39,000,000","21,000,000","49,000,000","120,000,000","238,000,000","209,000,000","89,000,000","170,000,000","215,000,000","30,000,000","790,000,000","253,000,000","70,000,000","-2,101,000,000","110,000,000","100,000,000","88,000,000","55,000,000","139,000,000",,,,,,,,,,,,,,,,
	GainOnSaleOfSecurity,"122,000,000","-28,000,000","-26,000,000","-223,000,000","399,000,000","150,000,000","88,000,000","-76,000,000","-585,000,000","266,000,000","-33,000,000",,,,,,,,,,,,,,,,,,,,,,,,,,,,,,,,,,,,,,,,,,,,,,,,,,,,,,,,,,,,,,,,,,,,,,,,,,,,,,,,,,,,,,,,,,,,,,,,,,,,,,,,,,,,,,,,,,,,,,,,,,,,,,,,,,,,,,,,
	EarningsFromEquityInterest,"631,000,000","168,000,000","163,000,000",,,"187,000,000","123,000,000","193,000,000","-133,000,000","99,000,000","104,000,000",,,,,,,,,,,,,,,,,,,,,,,,,,,,"0","0","1,000,000",,"0","0","21,000,000",,,,"65,000,000",,,,,,"57,000,000","65,000,000","46,000,000","29,000,000","25,000,000","18,000,000","10,000,000","15,000,000","56,000,000","42,000,000","69,000,000","66,000,000","50,000,000","45,000,000","71,000,000","29,000,000","43,000,000","26,000,000","15,000,000","-1,000,000","15,000,000","-7,000,000","-16,000,000","-260,000,000","25,000,000","9,000,000",,,"-28,000,000",,,,,,,,,,,,,,,,,,,,,,,,,,,,,,,,,,,,,,,,,,,,,,,,,,,,,,,,,,,,,,,,
	SpecialIncomeCharges,"-265,000,000","-89,000,000","-41,000,000","-70,000,000","-65,000,000","-966,000,000","-3,574,000,000","-6,604,000,000","-1,944,000,000","-1,237,000,000","-1,121,000,000","-35,000,000","7,000,000","-300,000,000","712,000,000","-2,000,000","3,000,000","-452,000,000","75,000,000","512,000,000","-13,000,000","-522,000,000","-161,000,000","0","60,000,000","-6,511,000,000","-3,298,000,000","19,000,000","-348,000,000","-4,923,000,000","-5,000,000","54,000,000",,"423,000,000","0","131,000,000",,,"-76,000,000",,"-92,000,000",,,,,,,,,,,"-99,000,000",,"-672,000,000",,"31,000,000","-6,000,000","-3,000,000","157,000,000","308,000,000","412,000,000","93,000,000","6,000,000","16,000,000","3,000,000","0","723,000,000","266,000,000",,"242,000,000",,,"1,000,000","1,000,000","9,000,000","22,000,000",,"258,000,000","-247,000,000","-1,000,000","-35,000,000","-1,040,000,000","-5,000,000","10,000,000","-32,000,000","-383,000,000","149,000,000","543,000,000","37,000,000","-419,000,000","34,000,000","16,000,000","41,000,000","42,000,000","174,000,000","377,000,000","299,000,000","-16,000,000","28,000,000","34,000,000","39,000,000","39,000,000","85,000,000","167,000,000","48,000,000","62,000,000","58,000,000","94,000,000","57,000,000","54,000,000","54,000,000","33,000,000","39,000,000","21,000,000","49,000,000","120,000,000","238,000,000","209,000,000","89,000,000","170,000,000","215,000,000","30,000,000","790,000,000","253,000,000","70,000,000","-2,101,000,000","110,000,000","100,000,000","88,000,000","55,000,000","139,000,000",,,,,,,,,,,,,,,,
		RestructuringAndMergernAcquisition,"153,000,000","31,000,000","29,000,000","52,000,000","41,000,000","37,000,000","5,000,000","149,000,000","148,000,000","673,000,000","924,000,000","50,000,000",,,,,,,,,,,,,,,,,,,,,,,,,,,,,,,,,,,,,,,,,,,,,,,,,,,,,,,,,,,,,,,,,,,,,,,,,,,,,,,,,,,,,,,,,,,,,,,,,,,,,,,,,,,,,,,,,,,,,,,,,,,,,,,,,,,,,,,
		ImpairmentOfCapitalAssets,"1,361,000,000",,,,,,,"6,470,000,000","1,803,000,000","1,036,000,000","325,000,000","0","0","305,000,000","214,000,000","12,000,000","30,000,000","521,000,000","11,000,000","0","13,000,000","526,000,000","221,000,000","0","78,000,000","6,518,000,000","3,397,000,000","0","324,000,000","6,908,000,000","0","471,000,000",,,,,,,,,,,,,,,,,,,,,,,,,,,,,,,,,,,,,,,,,,,,,,,,,,,,,,,,,,,,,,,,,,,,,,,,,,,,,,,,,,,,,,,,,,,,,,,,,,,,,,,,,,,,,,,,,,,
		WriteOff,"304,000,000","131,000,000","17,000,000","21,000,000","135,000,000","87,000,000","2,723,000,000","6,470,000,000","1,803,000,000","1,036,000,000","325,000,000","0","0","305,000,000","214,000,000","12,000,000","30,000,000","521,000,000","11,000,000","0","13,000,000","526,000,000","221,000,000","0","78,000,000","6,518,000,000","3,397,000,000","0","324,000,000","6,908,000,000","0","471,000,000",,,,,,,,,,,,,,,,,,,,,,,,,,,,,,,,,,,,,,,,,,,,,,,,,,,,,,,,,,,,,,,,,,,,,,,,,,,,,,,,,,,,,,,,,,,,,,,,,,,,,,,,,,,,,,,,,,,
		OtherSpecialCharges,,,,,,,,,,,,,,,,,,,,,,,,,,,,,,,,,,,,,,,"76,000,000",,"92,000,000",,,,,,,,,,,,,,,,,,,,,,,,,,,,,,,,,,,,,,,,,,,,,,,,,,,,,,,,,,,,,,,,,,,,,,,,,,,,,,,,,,,,,,,,,,,,,,,,,,,,,,,,,,
		GainOnSaleOfBusiness,,,"5,000,000","3,000,000","111,000,000",,,,"7,000,000",,,,,"5,000,000",,,,"69,000,000",,,,"4,000,000",,,,"7,000,000","99,000,000","19,000,000",,,,"525,000,000",,"1,044,000,000","0","131,000,000",,,,,,,,,,,,,,,,,,,,,,,,,,,,,,,,,,,,,,,,,,,,,,,,,,,,,,,,,,,,,,,,,,,,,,,,,,,,,,,,,,,,,,,,,,,,,,,,,,,,,,,,,,,,,,,
		GainOnSaleOfPPE,"192,000,000","73,000,000",,,,"-842,000,000","-846,000,000","15,000,000","7,000,000","472,000,000","128,000,000","15,000,000","7,000,000",,"926,000,000","10,000,000","33,000,000",,"86,000,000","512,000,000","0",,"60,000,000","0","138,000,000",,"99,000,000","19,000,000","-24,000,000",,"-5,000,000",,,,,,,,,,,,,,,,,,,,,,,,,,,,,,,,,,,,,,,,,,,,,,,,,,,,,,,,,,,,,,,,,,,,,,,,,,,,,,,,,,,,,,,,,,,,,,,,,,,,,,,,,,,,,,,,,,,,
	OtherNonOperatingIncomeExpenses,,,,,,,,,,,,,,,,,,,,,,,,,,,,,,,,,,"-93,000,000",,,,,,,,,,,,,,,,,,,,,,,,,,,,,,,,,,,,,,,,,,,,,,,,,,,,,,,,,,,,,,,,,,,,,,,,,,,,,,,,,,,,,,,,,,,,,,,,,,,,,,,,,,,,,,,,,
PretaxIncome,"3,705,000,000","2,030,000,000","1,217,000,000","-36,000,000","194,000,000","-1,425,000,000","-4,058,000,000","-8,184,000,000","-2,095,000,000","-990,000,000","-621,000,000","844,000,000","783,000,000","729,000,000","2,492,000,000","1,072,000,000","984,000,000","-14,000,000","215,000,000","605,000,000","165,000,000","-640,000,000","-326,000,000","-283,000,000","-596,000,000","-6,749,000,000","-3,111,000,000","446,000,000","-270,000,000","-5,277,000,000","1,938,000,000","2,309,000,000","2,254,000,000","2,514,000,000","2,519,000,000","2,142,000,000","2,107,000,000","543,000,000","2,144,000,000","2,106,000,000","2,597,000,000","2,509,000,000","2,739,000,000","2,849,000,000","2,362,000,000","1,813,000,000","1,965,000,000","1,822,000,000","1,759,000,000","1,559,000,000","1,426,000,000","1,105,000,000","579,000,000","533,000,000","3,799,000,000","3,943,000,000","3,096,000,000","2,507,000,000","2,169,000,000","2,052,000,000","1,912,000,000","1,716,000,000","2,013,000,000","2,077,000,000","2,116,000,000","1,875,000,000","2,297,000,000","1,560,000,000","1,401,000,000","1,116,000,000","1,232,000,000","961,000,000","846,000,000","757,000,000","746,000,000","664,000,000","761,000,000","566,000,000","308,000,000","461,000,000","245,000,000","-396,000,000","514,000,000","812,000,000","819,000,000","639,000,000","752,000,000","1,053,000,000","567,000,000","888,000,000","259,000,000","68,000,000","-16,000,000","-58,000,000","118,000,000","333,000,000","295,000,000","-386,000,000","248,000,000","295,000,000","371,000,000","281,000,000","235,000,000","328,000,000","308,000,000","37,000,000","251,000,000","293,000,000","332,000,000","54,000,000","105,000,000","-8,000,000","-44,000,000","-94,000,000","-40,000,000","106,000,000","245,000,000","-18,000,000","41,000,000","90,000,000","208,000,000","25,000,000","512,000,000","216,000,000","205,000,000","-2,083,000,000","176,000,000","79,000,000","205,000,000","33,000,000","122,000,000",,,,,,,,,,,,,,,,
TaxProvision,"915,000,000","469,000,000","387,000,000","43,000,000","16,000,000","-276,000,000","-403,000,000","-1,468,000,000","-82,000,000","46,000,000","116,000,000","306,000,000","225,000,000","126,000,000","710,000,000","302,000,000","339,000,000","-431,000,000","85,000,000","285,000,000","78,000,000","-333,000,000","-30,000,000","-96,000,000","-203,000,000","-1,190,000,000","-445,000,000","324,000,000","-19,000,000","-1,021,000,000","817,000,000","957,000,000","932,000,000","973,000,000","1,037,000,000","901,000,000","844,000,000","249,000,000","855,000,000","875,000,000","1,139,000,000","949,000,000","1,087,000,000","1,111,000,000","1,054,000,000","650,000,000","816,000,000","800,000,000","729,000,000","673,000,000","549,000,000","455,000,000","241,000,000","118,000,000","1,546,000,000","1,671,000,000","1,294,000,000","1,057,000,000","862,000,000","904,000,000","703,000,000","794,000,000","886,000,000","881,000,000","932,000,000","764,000,000","611,000,000","44,000,000","601,000,000","470,000,000","494,000,000","383,000,000","361,000,000","304,000,000","300,000,000","290,000,000","333,000,000","243,000,000","-168,000,000","221,000,000","125,000,000","-154,000,000","70,000,000","339,000,000","308,000,000","306,000,000","351,000,000","489,000,000","296,000,000","401,000,000","133,000,000","56,000,000","41,000,000","-20,000,000","80,000,000","147,000,000","156,000,000","-109,000,000","91,000,000","137,000,000","192,000,000","122,000,000","41,000,000","147,000,000","144,000,000","30,000,000","112,000,000","106,000,000","154,000,000","54,000,000","82,000,000","11,000,000","-4,000,000","-111,000,000","61,000,000","31,000,000","162,000,000","-11,000,000","-28,000,000","47,000,000","187,000,000","22,000,000","364,000,000","81,000,000","122,000,000","-105,000,000","65,000,000","10,000,000","95,000,000","3,000,000","56,000,000",,,,,,,,,,,,,,,,
EarningsFromEquityInterestNetOfTax,,,,"179,000,000","121,000,000","187,000,000",,,,,,"97,000,000","73,000,000","103,000,000","87,000,000","78,000,000","63,000,000","80,000,000","60,000,000","187,000,000","30,000,000","39,000,000","58,000,000","51,000,000","33,000,000","54,000,000","60,000,000","58,000,000","36,000,000","88,000,000","93,000,000","83,000,000","67,000,000","107,000,000","106,000,000","86,000,000","96,000,000","70,000,000","90,000,000","101,000,000","102,000,000","81,000,000","123,000,000","81,000,000","97,000,000","84,000,000","69,000,000","59,000,000",,"73,000,000","66,000,000","46,000,000","42,000,000",,,,,,,,,,,,,,,,,,,,,,,,,,,,,,,,,,,,,,,,,,,,,,,,,,,,,,,,,,,,,,,,,,,,,,,,,,,,,,,,,,,,,,,,,,,,,,
NetIncomeCommonStockholders,"1,512,000,000","1,327,000,000","628,000,000","-97,000,000","-346,000,000","-1,312,000,000","-3,778,000,000","-8,353,000,000","-2,232,000,000","-1,338,000,000","-912,000,000","632,000,000","628,000,000","705,000,000","1,861,000,000","843,000,000","705,000,000","501,000,000","189,000,000","505,000,000","117,000,000","-272,000,000","-241,000,000","-139,000,000","78,000,000","-5,178,000,000","-2,609,000,000","176,000,000","-218,000,000","-3,405,000,000","1,205,000,000","1,428,000,000","1,388,000,000","1,630,000,000","1,583,000,000","1,322,000,000","1,355,000,000","328,000,000","1,375,000,000","1,328,000,000","1,559,000,000","1,634,000,000","1,771,000,000","1,817,000,000","1,549,000,000","1,212,000,000","1,191,000,000","1,063,000,000","1,064,000,000","938,000,000","927,000,000","682,000,000","368,000,000","443,000,000","2,271,000,000","2,297,000,000","1,846,000,000","1,452,000,000","1,324,000,000","1,412,000,000","1,212,000,000","928,000,000","1,168,000,000","857,000,000","1,229,000,000","1,152,000,000","1,747,000,000","1,536,000,000","846,000,000","742,000,000","758,000,000","581,000,000","487,000,000","382,000,000","446,000,000","374,000,000","325,000,000","322,000,000","402,000,000","240,000,000","25,000,000","-247,000,000","444,000,000","473,000,000","484,000,000","333,000,000","402,000,000","564,000,000","271,000,000","383,000,000","126,000,000","6,000,000","-74,000,000","-42,000,000","34,000,000","181,000,000","173,000,000","-910,100,000","136,000,000","135,000,000","156,000,000","135,000,000","171,000,000","158,000,000","111,000,000","-16,000,000","115,000,000","164,000,000","155,000,000","-20,000,000","3,000,000","-38,000,000","-57,000,000","47,000,000","59,000,000","64,000,000","75,000,000","-825,000,000","60,000,000","74,000,000","97,000,000","131,000,000","169,000,000","145,000,000","81,000,000","-1,979,000,000","109,000,000","67,000,000","108,000,000","29,000,000","64,000,000",,,,,,,,,,,,,,,,
	NetIncome,"2,322,000,000","1,537,000,000","828,000,000","103,000,000","-146,000,000","-1,112,000,000","-3,575,000,000","-8,131,000,000","-2,013,000,000","-1,139,000,000","-794,000,000","635,000,000","631,000,000","706,000,000","1,869,000,000","848,000,000","708,000,000","497,000,000","190,000,000","507,000,000","117,000,000","-272,000,000","-241,000,000","-139,000,000","78,000,000","-5,178,000,000","-2,609,000,000","176,000,000","-218,000,000","-3,413,000,000","1,208,000,000","1,431,000,000","1,390,000,000","1,643,000,000","1,583,000,000","1,322,000,000","1,355,000,000","336,000,000","1,375,000,000","1,328,000,000","1,559,000,000","1,634,000,000","1,771,000,000","1,817,000,000","1,549,000,000","1,212,000,000","1,191,000,000","1,063,000,000","1,064,000,000","938,000,000","927,000,000","682,000,000","368,000,000","443,000,000","2,271,000,000","2,297,000,000","1,846,000,000","1,452,000,000","1,324,000,000","1,412,000,000","1,212,000,000","928,000,000","1,168,000,000","857,000,000","1,229,000,000","1,152,000,000","1,747,000,000","1,536,000,000","846,000,000","742,000,000","758,000,000","581,000,000","487,000,000","382,000,000","446,000,000","374,000,000","325,000,000","322,000,000","402,000,000","240,000,000","25,000,000","-247,000,000","444,000,000","473,000,000","484,000,000","333,000,000","402,000,000","564,000,000","271,000,000","383,000,000","126,000,000","9,000,000","-70,000,000","-38,000,000","38,000,000","186,000,000","177,000,000","-884,100,000","157,000,000","158,000,000","179,000,000","159,000,000","194,000,000","181,000,000","134,000,000","7,000,000","139,000,000","187,000,000","178,000,000","0","23,000,000","-19,000,000","-40,000,000","57,000,000","71,000,000","75,000,000","80,000,000","-825,000,000","61,000,000","75,000,000","98,000,000","132,000,000","171,000,000","147,000,000","83,000,000","-1,978,000,000","111,000,000","69,000,000","110,000,000","30,000,000","66,000,000",,,,,,,,,,,,,,,,
		NetIncomeIncludingNoncontrollingInterests,"2,322,000,000","1,537,000,000","828,000,000","103,000,000","-146,000,000","-1,112,000,000","-3,575,000,000","-8,131,000,000","-2,013,000,000","-1,036,000,000","-752,000,000","635,000,000","631,000,000","706,000,000","1,869,000,000","848,000,000","708,000,000","497,000,000","190,000,000","507,000,000","117,000,000","-272,000,000","-241,000,000","-139,000,000","78,000,000","-5,178,000,000","-2,609,000,000","176,000,000","-218,000,000","-3,407,000,000","1,211,000,000","1,434,000,000","1,392,000,000","1,643,000,000","1,583,000,000","1,322,000,000","1,355,000,000","336,000,000","1,375,000,000","1,328,000,000","1,559,000,000","1,634,000,000","1,771,000,000","1,817,000,000","1,549,000,000","1,226,000,000","1,213,000,000","1,075,000,000","1,088,000,000","954,000,000","941,000,000","694,000,000","377,000,000","339,000,000","2,309,000,000","2,334,000,000","1,875,000,000","1,483,000,000","1,340,000,000","1,433,000,000","1,219,000,000","944,000,000","1,192,000,000","891,000,000","1,266,000,000","1,181,000,000","1,741,000,000","1,565,000,000","867,000,000","758,000,000","781,000,000","604,000,000","500,000,000","395,000,000","457,000,000","393,000,000","344,000,000","336,000,000","424,000,000","256,000,000","50,000,000","-221,000,000","485,000,000","517,000,000","516,000,000","377,000,000","457,000,000","621,000,000","301,000,000","405,000,000","142,000,000","20,000,000","-61,000,000","-38,000,000","38,000,000","186,000,000","177,000,000","-884,100,000","157,000,000","158,000,000","179,000,000","159,000,000","194,000,000","181,000,000","134,000,000","7,000,000","139,000,000","187,000,000","178,000,000","0","24,000,000","-19,000,000","-39,000,000","57,000,000","71,000,000","76,000,000","80,000,000","-826,000,000","63,000,000","76,000,000","100,000,000","133,000,000","173,000,000","143,000,000","80,000,000","-1,971,000,000","118,000,000","79,000,000","115,000,000","38,000,000","74,000,000","84,000,000","76,000,000","7,000,000","108,000,000","87,000,000","111,000,000","2,000,000","46,000,000","59,000,000","77,000,000","20,100,000","39,100,000","38,700,000","74,200,000","33,700,000","200,800,000"
			NetIncomeContinuousOperations,"2,790,000,000","1,561,000,000","830,000,000","100,000,000","299,000,000","-1,149,000,000","-3,655,000,000","-6,716,000,000","-2,013,000,000","-1,036,000,000","-737,000,000","635,000,000","631,000,000","706,000,000","1,869,000,000","848,000,000","708,000,000","497,000,000","190,000,000","507,000,000","117,000,000","-268,000,000","-238,000,000","-136,000,000","-360,000,000","-5,505,000,000","-2,606,000,000","180,000,000","-215,000,000","-4,168,000,000","1,214,000,000","1,435,000,000","1,389,000,000","1,648,000,000","1,588,000,000","1,327,000,000","1,359,000,000","364,000,000","1,379,000,000","1,332,000,000","1,560,000,000","1,641,000,000","1,775,000,000","1,819,000,000","1,405,000,000","1,247,000,000","1,218,000,000","1,081,000,000","1,095,000,000","959,000,000","943,000,000","696,000,000","380,000,000","448,000,000","2,272,000,000","2,300,000,000","1,819,000,000","1,448,000,000","1,316,000,000","1,145,000,000","1,212,000,000","921,000,000","1,159,000,000","1,204,000,000","1,216,000,000","1,148,000,000","1,742,000,000","1,532,000,000","850,000,000","780,000,000","758,000,000","581,000,000","487,000,000","382,000,000","446,000,000","374,000,000","393,000,000","323,000,000","476,000,000","240,000,000","120,000,000","-242,000,000","444,000,000","473,000,000","511,000,000","333,000,000","401,000,000","564,000,000","271,000,000","487,000,000","126,000,000","12,000,000","-57,000,000","-38,000,000","38,000,000","186,000,000","139,000,000","-277,000,000","157,000,000","158,000,000","179,000,000","159,000,000","194,000,000","181,000,000","164,000,000","7,000,000","139,000,000","187,000,000","178,000,000","0","23,000,000","-19,000,000","-40,000,000","17,000,000","-101,000,000","75,000,000","83,000,000","-7,000,000","69,000,000","43,000,000","21,000,000","3,000,000","148,000,000","135,000,000","83,000,000","-1,978,000,000","111,000,000","69,000,000","110,000,000","30,000,000","66,000,000","84,000,000","76,000,000","7,000,000","108,000,000","87,000,000","111,000,000","2,000,000","46,000,000","59,000,000","77,000,000","20,100,000","39,100,000","38,700,000","74,200,000","33,700,000","200,800,000"
			NetIncomeDiscontinuousOperations,"-468,000,000","-24,000,000","-2,000,000","3,000,000","-445,000,000","37,000,000","80,000,000","-1,415,000,000","0","0","-15,000,000",,,,,,,"0","0","0","0","-4,000,000","-3,000,000","-3,000,000","438,000,000","327,000,000","-3,000,000","-4,000,000","-3,000,000","761,000,000","-3,000,000","-1,000,000","3,000,000","-5,000,000","-5,000,000","-5,000,000","-4,000,000","-28,000,000","-4,000,000","-4,000,000","-1,000,000","-7,000,000","-4,000,000","-2,000,000","144,000,000","-21,000,000","-5,000,000","-6,000,000","-7,000,000","-5,000,000","-2,000,000","-2,000,000","-3,000,000","-5,000,000","-1,000,000","-3,000,000","27,000,000","4,000,000","8,000,000","267,000,000",,"7,000,000","9,000,000","-347,000,000","13,000,000","4,000,000","2,000,000","4,000,000","-4,000,000",,,,,,,,,"-1,000,000","-74,000,000",,,,,,,,,,,,,,,"0",,,"38,000,000",,,,,,,,,,,,,,,,,"40,000,000","181,000,000",,,,,,,"0","-52,000,000",,,,,,,,,,,,,,,,,,,,,,,,
			NetIncomeExtraordinary,,,,,,,,,,,,,,,,,,,,,,,,,,,,,,,,,,,,,,,,,,,,,,,,,,,,,,,,,,,,,,,,,,"0","3,000,000",,,,,,,"0",,,"-68,000,000","0",,,"-95,000,000","0",,,"-24,000,000",,,,,"0",,,"-13,000,000",,,,,,,,,,,,,,,,,,,,,,,,,,,,,,,,,,,,,,,,,,,,,,,,,,,,,,
			NetIncomeFromTaxLossCarryforward,,,,,,,,,,,,,,,,,,,,,,,,,,,,,,,,,,,,,,,,,,,,,,,,,,,,,,,,,,,,,,,,,,,,,,,,,,,,,,,,,,"-5,000,000",,,"-3,000,000","0","1,000,000",,,"-104,000,000",,"-3,000,000",,,,,,,,,,"0",,,"-30,000,000",,,,,,,,,"0","-9,000,000",,"-3,000,000","-196,000,000","-8,000,000","32,000,000","77,000,000","129,000,000","75,000,000","12,000,000",,,,,,,,,,,,,,,,,,,,,,,
		MinorityInterests,"0",,,,,"0","0",,"0","-103,000,000","-42,000,000",,,,,,,,,,,"0","0",,,"0","0","0","0","-6,000,000","-3,000,000","-3,000,000","-2,000,000",,,,,,,,,"0","0","0","0","-14,000,000","-22,000,000","-12,000,000","-24,000,000","-16,000,000","-14,000,000","-12,000,000","-9,000,000",,"-38,000,000","-37,000,000","-29,000,000","-31,000,000","-16,000,000","-21,000,000","-7,000,000","-16,000,000","-24,000,000","-34,000,000","-37,000,000","-29,000,000","6,000,000","-29,000,000","-21,000,000","-16,000,000","-23,000,000","-23,000,000","-13,000,000","-13,000,000","-11,000,000","-19,000,000","-19,000,000","-14,000,000","-22,000,000","-16,000,000","-25,000,000","-26,000,000","-41,000,000","-44,000,000","-32,000,000","-44,000,000","-55,000,000","-57,000,000","-30,000,000","-22,000,000","-16,000,000","-11,000,000","-9,000,000",,,,,,,,,,,,,,,,,"0","-1,000,000",,"-1,000,000","0",,"-1,000,000",,"1,000,000","-2,000,000","-1,000,000","-2,000,000","-1,000,000","-2,000,000","4,000,000","3,000,000","-7,000,000","-7,000,000","-10,000,000","-5,000,000","-8,000,000","-8,000,000",,,,,,,,,,,,,,,,
	PreferredStockDividends,"800,000,000","200,000,000","200,000,000","200,000,000","200,000,000","200,000,000","203,000,000","222,000,000","219,000,000","200,000,000","118,000,000",,,,,,,,,,,,,,,,,,,,,,,,,,,,,,,,,,,,,,,,,,,,,,,,,,,,,,,,,,,,,,,,,,,,,,,,,,,,,,,"0",,"3,000,000","4,000,000","4,000,000","4,000,000","5,000,000","4,000,000","26,000,000","21,000,000","23,000,000","23,000,000","24,000,000","23,000,000","23,000,000","23,000,000","23,000,000","24,000,000","23,000,000","23,000,000","20,000,000","20,000,000","19,000,000","17,000,000","10,000,000","12,000,000","11,000,000","5,000,000","0","1,000,000","1,000,000","1,000,000","1,000,000","2,000,000","2,000,000","2,000,000","1,000,000","2,000,000","2,000,000","2,000,000","1,000,000","2,000,000",,,,,,,,,,,,,,,,
	OtherunderPreferredStockDividend,"10,000,000",,,,,,,,,"-1,000,000","0","3,000,000","3,000,000","1,000,000","8,000,000","5,000,000","3,000,000",,"1,000,000","2,000,000","0",,,"0","0",,"0",,"0","-8,000,000","3,000,000","3,000,000","2,000,000",,,,,,,,,,,,,,,,,,,,,,,,,,,,,,,,,,,,,,,,,,,,,,,,,,,,,,,,,,,,,,,,,,,,,,,,,,,,,,,,,,,,,,,,,,,,,,,,,,,,,,,,,,,,,,,,,,
DilutedNIAvailtoComStockholders,"1,512,000,000","1,327,000,000","628,000,000","-97,000,000","-346,000,000","-1,312,000,000","-3,778,000,000","-8,353,000,000","-2,232,000,000","-1,338,000,000","-912,000,000","632,000,000","628,000,000","705,000,000","1,861,000,000","843,000,000","705,000,000","501,000,000","189,000,000","505,000,000","117,000,000","-272,000,000","-241,000,000","-139,000,000","78,000,000","-5,178,000,000","-2,609,000,000","176,000,000","-218,000,000","-3,405,000,000","1,205,000,000","1,428,000,000","1,388,000,000","1,630,000,000","1,583,000,000","1,322,000,000","1,355,000,000","328,000,000","1,375,000,000","1,328,000,000","1,559,000,000","1,634,000,000","1,771,000,000","1,817,000,000","1,549,000,000","1,212,000,000","1,191,000,000","1,063,000,000","1,064,000,000","938,000,000","927,000,000","682,000,000","368,000,000","443,000,000","2,271,000,000","2,297,000,000","1,846,000,000","1,452,000,000","1,324,000,000","1,412,000,000","1,212,000,000","928,000,000","1,168,000,000","857,000,000","1,229,000,000","1,152,000,000","1,747,000,000","1,536,000,000","846,000,000","742,000,000","758,000,000","581,000,000","487,000,000","382,000,000","446,000,000","374,000,000","325,000,000","322,000,000","402,000,000","240,000,000","25,000,000","-247,000,000","444,000,000","473,000,000","484,000,000","333,000,000","402,000,000","564,000,000","271,000,000","383,000,000","126,000,000","6,000,000","-74,000,000","-42,000,000","34,000,000","181,000,000","173,000,000","-910,100,000","136,000,000","135,000,000","156,000,000","135,000,000","171,000,000","158,000,000","111,000,000","-16,000,000","115,000,000","164,000,000","155,000,000","-20,000,000","3,000,000","-38,000,000","-57,000,000","47,000,000","59,000,000","64,000,000","75,000,000","-825,000,000","60,000,000","74,000,000","97,000,000","131,000,000","169,000,000","145,000,000","81,000,000","-1,979,000,000","109,000,000","67,000,000","108,000,000","29,000,000","64,000,000",,,,,,,,,,,,,,,,
BasicEPS,,"1.42","0.67","-0.1","-0.37","-1.41","-4.07","-9.12","-2.49","-1.5","-1.08","0.84","0.84","0.93","2.44","1.1","0.92","0.65","0.25","0.66","0.15","-0.36","-0.32","-0.18","0.1","-6.78","-3.42","0.23","-0.28",,"1.55","1.83","1.75","2.04","1.96","1.64","1.68","0.42","1.69","1.64","1.92",,"2.17","2.23","1.9",,"1.46","1.31","1.31",,"1.14","0.84","0.45",,"2.79","2.8","2.24",,"1.59","1.68","1.44",,"1.37","0.995","1.45",,"2.16","1.91","1.055",,"0.955","0.74","0.62",,"0.58","0.49","0.43",,"0.535","0.32","0.035",,"0.595","0.635","0.655",,"0.545","0.765","0.37",,"0.175","0.01","-0.105",,"0.025","0.128","0.125",,"0.2","0.205","0.24",,"0.22","0.195","0.055",,"0.18","0.255","0.245",,"0.005","-0.06","-0.095",,"0.1","0.105","0.125",,"0.1","0.063","0.098",,"0.14","0.245","0.135",,"0.185","0.115","0.19",,"0.12","0.155","0.135",,"0.195","0.195","0.255",,"0.1","0.115","0.19",,"0.06","0.06","0.23",,"0.66"
DilutedEPS,,"1.37","0.65","-0.1","-0.37","-1.41","-4.07","-9.12","-2.49","-1.5","-1.08","0.84","0.84","0.93","2.44","1.1","0.92","0.65","0.25","0.66","0.15","-0.36","-0.32","-0.18","0.1","-6.78","-3.42","0.23","-0.28",,"1.55","1.82","1.75","2.04","1.96","1.64","1.68","0.42","1.69","1.64","1.92",,"2.17","2.23","1.9",,"1.46","1.31","1.31",,"1.14","0.84","0.45",,"2.78","2.78","2.23",,"1.58","1.68","1.43",,"1.36","0.985","1.43",,"2.125","1.89","1.04",,"0.94","0.73","0.615",,"0.57","0.485","0.425",,"0.53","0.315","0.035",,"0.59","0.63","0.65",,"0.545","0.765","0.37",,"0.175","0.01","-0.105",,"0.025","0.123","0.123",,"0.19","0.195","0.23",,"0.21","0.195","0.055",,"0.18","0.245","0.245",,"0.005","-0.06","-0.095",,"0.1","0.105","0.125",,"0.1","0.063","0.098",,"0.14","0.245","0.135",,"0.185","0.115","0.19",,"0.12","0.155","0.135",,"0.195","0.195","0.255",,"0.1","0.115","0.19",,"0.06","0.06","0.23",,"0.66"
BasicAverageShares,,"936,500,000","935,400,000","934,200,000","933,100,000","933,000,000","929,300,000","915,500,000","896,700,000","894,900,000","845,700,000","748,300,000","748,900,000","753,800,000","761,700,000","765,700,000","765,600,000","765,500,000","765,500,000","764,900,000","764,400,000","764,100,000","764,000,000","763,600,000","763,400,000","763,200,000","763,300,000","766,400,000","769,600,000",,"777,400,000","782,600,000","791,300,000","801,700,000","805,100,000","804,900,000","804,700,000","807,100,000","809,700,000","810,300,000","810,500,000",,"812,500,000","812,500,000","812,600,000",,"812,700,000","812,600,000","812,100,000",,"811,800,000","811,000,000","811,800,000",,"815,300,000","821,300,000","823,600,000",,"833,100,000","837,700,000","841,000,000",,"852,800,000","860,200,000","848,400,000",,"808,600,000","803,800,000","800,800,000",,"792,600,000","787,800,000","783,000,000",,"771,000,000","765,200,000","758,200,000",,"754,200,000","751,600,000","749,000,000",,"747,000,000","744,000,000","740,400,000",,"738,400,000","737,600,000","736,200,000",,"720,000,000","600,000,000","704,761,905",,"691,842,000","706,068,000","697,999,184",,"680,000,000","658,536,585","650,000,000",,"777,272,727","810,256,410","638,708,000",,"638,888,889","643,137,255","632,653,061",,"600,000,000","633,333,333","600,000,000",,"590,000,000","609,523,810","600,000,000",,"600,000,000","603,758,000","602,286,000",,"593,617,021","591,836,735","600,000,000",,"589,189,189","582,608,696","568,421,053",,"533,333,333","538,290,000","534,492,000",,"533,406,000","533,190,000","425,552,000",,"408,624,000","396,426,000","396,426,000",,"316,700,000","316,700,000","219,524,000",,"217,060,000"
DilutedAverageShares,,"972,700,000","957,700,000","934,200,000","947,900,000","933,000,000","929,300,000","915,500,000","896,700,000","894,900,000","845,700,000","749,500,000","750,500,000","755,400,000","763,300,000","767,400,000","767,000,000","766,400,000","766,400,000","765,900,000","765,200,000","764,100,000","764,000,000","763,600,000","763,400,000","763,200,000","763,300,000","766,600,000","769,600,000",,"777,700,000","782,900,000","791,700,000","802,100,000","805,700,000","805,400,000","805,200,000","807,700,000","810,400,000","811,000,000","811,300,000",,"813,200,000","813,300,000","813,400,000",,"813,900,000","813,800,000","813,500,000",,"814,400,000","814,000,000","814,400,000",,"817,700,000","825,500,000","828,200,000",,"837,000,000","841,800,000","846,500,000",,"860,300,000","867,800,000","861,000,000",,"822,400,000","814,600,000","812,600,000",,"806,600,000","797,800,000","794,400,000",,"782,200,000","773,400,000","766,400,000",,"760,800,000","763,000,000","753,200,000",,"752,542,373","750,793,651","744,615,385",,"738,400,000","737,600,000","736,200,000",,"720,000,000","600,000,000","704,761,905",,"691,842,000","706,068,000","697,999,184",,"715,789,474","692,307,692","678,260,870",,"814,285,714","810,256,410","638,708,000",,"638,888,889","669,387,755","632,653,061",,"600,000,000","633,333,333","600,000,000",,"590,000,000","609,523,810","600,000,000",,"600,000,000","603,758,000","602,286,000",,"593,617,021","591,836,735","600,000,000",,"589,189,189","582,608,696","568,421,053",,"533,333,333","538,290,000","534,492,000",,"533,406,000","533,190,000","425,552,000",,"408,624,000","396,426,000","396,426,000",,"316,700,000","316,700,000","219,524,000",,"217,060,000"
TotalOperatingIncomeAsReported,,,,,,,,,,,,,,,,,,,,,,,,,,,,,,,,,,,,,,,,,,,,,,,,,,,,,,,"3,764,000,000",,,,,"1,719,000,000",,"1,805,000,000",,,,"1,723,000,000",,"1,764,000,000",,,,,"917,000,000","649,000,000","814,000,000",,,,,"555,000,000",,,,,,"742,000,000",,,,,,,,,"80,000,000",,,,,,,,"265,000,000",,,,,,,,,,,,,,"164,000,000",,,,,,,,,,,"222,000,000",,,,,,,,,,,,,,,,,,,
TotalExpenses,"21,291,000,000","5,573,000,000","5,240,000,000","5,365,000,000","5,113,000,000","4,577,000,000","4,471,000,000","4,348,000,000","5,525,000,000","6,008,000,000","4,933,000,000","3,429,000,000","3,208,000,000","3,669,000,000","3,374,000,000","2,950,000,000","2,714,000,000","2,994,000,000","2,788,000,000","2,912,000,000","2,719,000,000","2,864,000,000","2,770,000,000","2,753,000,000","2,739,000,000","3,013,000,000","2,912,000,000","3,060,000,000","3,012,000,000","1,305,000,000","4,070,000,000","4,048,000,000","3,844,000,000","4,073,000,000","3,927,000,000","3,949,000,000","3,766,000,000","3,857,000,000","3,811,000,000","3,658,000,000","3,656,000,000","3,516,000,000","3,312,000,000","3,332,000,000","3,202,000,000","2,532,000,000","2,938,000,000","2,941,000,000","2,996,000,000","2,810,000,000","2,660,000,000","2,585,000,000","2,497,000,000","2,955,000,000","3,296,000,000","3,245,000,000","2,940,000,000","3,022,000,000","2,838,000,000","2,692,000,000","2,575,000,000","2,610,000,000","2,528,000,000","2,540,000,000","2,443,000,000","2,668,000,000","2,386,000,000","2,063,000,000","1,864,000,000","1,896,000,000","1,770,000,000","1,746,000,000","1,686,000,000","1,618,000,000","1,535,000,000","1,556,000,000","1,513,000,000","1,402,000,000","1,361,000,000","2,620,000,000","2,171,000,000","2,197,000,000","2,667,000,000","2,946,000,000","3,557,000,000","3,211,000,000","3,075,000,000","2,482,000,000","1,881,000,000","2,066,000,000","1,779,000,000","1,476,000,000","1,263,000,000","1,645,000,000","1,581,000,000","1,442,000,000","1,466,000,000","155,000,000","2,317,000,000","2,347,000,000","2,320,000,000","2,441,000,000","2,521,000,000","2,176,000,000","2,124,000,000","2,355,000,000","2,217,000,000","2,340,000,000","2,290,000,000","2,414,000,000","2,211,000,000","2,055,000,000","2,043,000,000","1,985,000,000","1,867,000,000","1,889,000,000","2,005,000,000","1,967,000,000","2,151,000,000","2,095,000,000","1,999,000,000","2,439,000,000","2,349,000,000","4,861,000,000","4,938,000,000","5,786,000,000","5,037,000,000","4,900,000,000","4,802,000,000","4,820,000,000","4,593,000,000",,,,,,,,,,,,,,,,
NetIncomeFromContinuingAndDiscontinuedOperation,"2,322,000,000","1,537,000,000","828,000,000","103,000,000","-146,000,000","-1,112,000,000","-3,575,000,000","-8,131,000,000","-2,013,000,000","-1,139,000,000","-794,000,000","635,000,000","631,000,000","706,000,000","1,869,000,000","848,000,000","708,000,000","497,000,000","190,000,000","507,000,000","117,000,000","-272,000,000","-241,000,000","-139,000,000","78,000,000","-5,178,000,000","-2,609,000,000","176,000,000","-218,000,000","-3,413,000,000","1,208,000,000","1,431,000,000","1,390,000,000","1,643,000,000","1,583,000,000","1,322,000,000","1,355,000,000","336,000,000","1,375,000,000","1,328,000,000","1,559,000,000","1,634,000,000","1,771,000,000","1,817,000,000","1,549,000,000","1,212,000,000","1,191,000,000","1,063,000,000","1,064,000,000","938,000,000","927,000,000","682,000,000","368,000,000","443,000,000","2,271,000,000","2,297,000,000","1,846,000,000","1,452,000,000","1,324,000,000","1,412,000,000","1,212,000,000","928,000,000","1,168,000,000","857,000,000","1,229,000,000","1,152,000,000","1,744,000,000","1,536,000,000","846,000,000","742,000,000","758,000,000","581,000,000","487,000,000","382,000,000","446,000,000","374,000,000","393,000,000","322,000,000","402,000,000","240,000,000","120,000,000","-242,000,000","444,000,000","473,000,000","511,000,000","333,000,000","401,000,000","564,000,000","271,000,000","487,000,000","126,000,000","12,000,000","-57,000,000","-38,000,000","38,000,000","186,000,000","177,000,000","-884,100,000","157,000,000","158,000,000","179,000,000","159,000,000","194,000,000","181,000,000","164,000,000","7,000,000","139,000,000","187,000,000","178,000,000","0","23,000,000","-19,000,000","-40,000,000","57,000,000","80,000,000","75,000,000","83,000,000","-629,000,000","69,000,000","43,000,000","21,000,000","3,000,000","96,000,000","135,000,000","83,000,000","-1,978,000,000","111,000,000","69,000,000","110,000,000","30,000,000","66,000,000",,,,,,,,,,,,,,,,
NormalizedIncome,"2,897,250,000","1,650,968,965.517","875,560,000","313,890,000","-18,300,000","-491,046,315.789","-517,600,000","-1,238,400,000","414,840,000","-430,170,000","63,420,000","658,450,000","625,820,000","954,148,148.148","1,356,360,000","849,480,000","705,960,000","768,200,000","138,250,000","179,320,000","124,800,000","45,200,000","-94,710,000","-136,000,000","-398,400,000","-142,035,264.484","197,300,000","168,600,000","105,160,000","-203,507,674.815","1,214,000,000","1,399,600,000","1,387,000,000","1,388,714,797.136","1,588,000,000","1,248,400,000","1,359,000,000","364,000,000","1,379,000,000","1,332,000,000","1,560,000,000","1,641,000,000","1,775,000,000","1,819,000,000","1,405,000,000","1,233,000,000","1,196,000,000","1,069,000,000","1,071,000,000","943,000,000","929,000,000","684,000,000","371,000,000","971,227,016.886","2,272,000,000","2,279,850,000","1,822,900,000","1,449,950,000","1,221,394,651.913","944,800,000","951,483,263.598","865,200,000","1,155,400,000","1,194,400,000","1,214,200,000","1,148,000,000","1,211,317,370.483","1,273,502,564.103","850,000,000","634,800,000","758,000,000","581,000,000","486,400,000","381,400,000","440,600,000","360,800,000","393,000,000","168,200,000","624,200,000","240,600,000","141,000,000","393,555,555.556","448,319,066.148","467,000,000","530,965,811.966","562,800,000","311,600,000","238,200,000","248,800,000","738,400,000","105,600,000","2,400,000","-81,600,000","-65,517,241.379","-66,400,000","-40,200,000","-40,400,000","-265,518,134.715","139,274,193.548","137,600,000","155,600,000","135,600,000","123,829,787.234","80,800,000","135,200,000","-30,200,000","104,200,000","127,006,825.939","143,800,000","-32,400,000","-9,400,000","-38,800,000","-75,454,545.455","4,400,000","-130,400,000","-9,905,660.377","-59,800,000","-132,400,000","15,600,000","-59,000,000","-108,000,000","-15,000,000","-326,000,000","-23,125,000","41,000,000","17,092,654.825","41,625,000","-18,341,772.152","57,200,000","-20,000,000","-17,400,000",,,,,,,,,,,,,,,,
InterestIncome,"166,000,000","24,000,000","18,000,000","49,000,000","75,000,000","30,000,000","21,000,000","33,000,000","34,000,000","42,000,000","56,000,000","41,000,000","78,000,000","35,000,000","34,000,000","38,000,000","29,000,000","27,000,000","20,000,000","31,000,000","21,000,000","34,000,000","25,000,000","27,000,000","20,000,000","30,000,000","31,000,000","26,000,000","31,000,000","23,000,000","31,000,000","46,000,000","30,000,000","17,000,000","26,000,000","28,000,000","35,000,000","17,000,000","26,000,000","24,000,000","14,000,000","29,000,000","70,000,000","35,000,000","32,000,000",,"27,000,000","40,000,000",,,"22,000,000","28,000,000","30,000,000",,"59,000,000",,,,,"57,000,000",,"178,000,000",,,,"61,000,000",,"33,000,000",,,,,"22,000,000","17,000,000","21,000,000",,,,,"26,000,000",,,,,,"95,000,000",,,,,,,,,,,,,,,,,,,,,,,,,,,,,,,,,,,,,,,,,,,,,,,,,,,,,,,,,,,,,
InterestExpense,"1,614,000,000","385,000,000","449,000,000","385,000,000","395,000,000","409,000,000","353,000,000","310,000,000","352,000,000","434,000,000","381,000,000","153,000,000","98,000,000","99,000,000","96,000,000","97,000,000","97,000,000","87,000,000","91,000,000","86,000,000","81,000,000","76,000,000","68,000,000","88,000,000","60,000,000","61,000,000","48,000,000","8,000,000","30,000,000","25,000,000","14,000,000","18,000,000","20,000,000","25,000,000","29,000,000","30,000,000","34,000,000","36,000,000","36,000,000","28,000,000","30,000,000","31,000,000","25,000,000","27,000,000","215,000,000","20,000,000","26,000,000","32,000,000","38,000,000","41,000,000","40,000,000","32,000,000","27,000,000",,,,,,,,,,,,,,,,,,,,,,,,,,,,,,,,,,,,,,,,,,,,,,,,,,,,,,,,,,,,,,,,,,,,,,,,,,,,,,,,,,,,,,,,,,,,,,
NetInterestIncome,"-1,448,000,000","-361,000,000","-431,000,000","-336,000,000","-320,000,000","-379,000,000","-332,000,000","-277,000,000","-318,000,000","-392,000,000","-325,000,000","-112,000,000","-20,000,000","-64,000,000","-62,000,000","-59,000,000","-68,000,000","-60,000,000","-71,000,000","-55,000,000","-60,000,000","-42,000,000","-43,000,000","-61,000,000","-40,000,000","-31,000,000","-17,000,000","18,000,000","1,000,000","-2,000,000","17,000,000","28,000,000","10,000,000","-8,000,000","-3,000,000","-2,000,000","1,000,000","-19,000,000","-10,000,000","-4,000,000","-16,000,000","-2,000,000","45,000,000","8,000,000","-183,000,000","-108,000,000","1,000,000","8,000,000","-38,000,000","-41,000,000","-40,000,000","-4,000,000","3,000,000",,,,,,,,,,,,,,,,,,,,,,,,,,,,,,,,,,,,,,,,,,,,,,,,,,,,,,,,,,,,,,,,,,,,,,,,,,,,,,,,,,,,,,,,,,,,,,
EBIT,"5,319,000,000","2,415,000,000","1,666,000,000","349,000,000","589,000,000","-1,016,000,000","-3,705,000,000","-7,874,000,000","-1,743,000,000","-556,000,000","-240,000,000","997,000,000","881,000,000","828,000,000","2,588,000,000","1,169,000,000","1,081,000,000","73,000,000","306,000,000","691,000,000","246,000,000","-564,000,000","-258,000,000","-195,000,000","-536,000,000","-6,688,000,000","-3,063,000,000","454,000,000","-240,000,000","-5,252,000,000","1,952,000,000","2,327,000,000","2,274,000,000","2,539,000,000","2,548,000,000","2,172,000,000","2,141,000,000","579,000,000","2,180,000,000","2,134,000,000","2,627,000,000","2,540,000,000","2,764,000,000","2,876,000,000","2,577,000,000","1,833,000,000","1,991,000,000","1,854,000,000","1,797,000,000","1,600,000,000","1,466,000,000","1,137,000,000","606,000,000","682,000,000","3,764,000,000","3,871,000,000","3,080,000,000","3,724,000,000","2,003,000,000","1,719,000,000","1,533,000,000","1,805,000,000","2,075,000,000","2,149,000,000","2,184,000,000","1,723,000,000","2,448,000,000","1,631,000,000","1,476,000,000","1,033,000,000","1,297,000,000","1,004,000,000","917,000,000","649,000,000","814,000,000","749,000,000","892,000,000","583,000,000","602,000,000","555,000,000","354,000,000","43,000,000","646,000,000","962,000,000","967,000,000","922,000,000","730,000,000","646,000,000","627,000,000","440,000,000","334,000,000","171,000,000","81,000,000","47,000,000","80,000,000","101,000,000","234,000,000","-261,000,000","327,000,000","370,000,000","441,000,000","351,000,000","265,000,000","281,000,000","400,000,000","118,000,000","340,000,000","339,000,000","424,000,000","150,000,000","193,000,000","107,000,000","63,000,000","35,000,000","49,000,000","122,000,000","164,000,000","-71,000,000","117,000,000","81,000,000","155,000,000","170,000,000","-19,000,000","195,000,000","365,000,000","277,000,000","313,000,000","222,000,000","357,000,000","229,000,000","233,000,000","5,050,000,000","5,143,000,000","-13,092,000,000","4,913,000,000","4,744,000,000","4,476,000,000","-11,678,000,000","4,222,000,000","4,328,000,000","4,157,000,000","-10,361,300,000","3,717,200,000","3,827,200,000","3,630,800,000","-9,720,400,000","3,383,100,000"
EBITDA,"13,766,000,000"
ReconciledCostOfRevenue,"18,106,000,000","4,621,000,000","4,424,000,000","4,610,000,000","4,451,000,000","3,844,000,000","3,865,000,000","3,908,000,000","4,851,000,000","4,720,000,000","4,067,000,000","2,848,000,000","2,683,000,000","3,040,000,000","2,809,000,000","2,412,000,000","2,284,000,000","2,401,000,000","2,352,000,000","2,475,000,000","2,368,000,000","2,376,000,000","2,384,000,000","2,314,000,000","2,383,000,000","2,630,000,000","2,536,000,000","2,596,000,000","2,586,000,000","1,184,000,000","3,385,000,000","3,297,000,000","3,198,000,000","3,378,000,000","3,214,000,000","3,180,000,000","3,137,000,000","3,169,000,000","3,176,000,000","3,060,000,000","2,950,000,000","-740,000,000","2,879,000,000","2,720,000,000","2,526,000,000","-1,156,000,000","2,527,000,000","2,505,000,000","2,498,000,000","-794,000,000","2,186,000,000","2,113,000,000","2,122,000,000","-430,000,000","2,905,000,000","2,739,000,000","2,536,000,000","175,000,000","2,423,000,000","2,298,000,000","2,180,000,000","213,000,000","2,172,000,000","2,184,000,000","2,060,000,000","878,000,000","1,833,000,000","1,739,000,000","1,579,000,000","234,000,000","1,527,000,000","1,507,000,000","1,460,000,000","189,000,000","1,319,000,000","1,293,000,000","1,326,000,000","209,000,000","1,154,000,000","2,398,000,000","2,017,000,000","1,086,000,000","2,508,000,000","2,768,000,000","3,310,000,000","3,006,000,000","2,545,000,000","1,957,000,000","1,542,000,000","1,690,000,000","1,413,000,000","1,113,000,000","894,000,000","1,304,000,000","1,198,000,000","979,000,000","1,058,000,000","-326,000,000","1,797,000,000","1,864,000,000","1,833,000,000","1,847,000,000","1,926,000,000","1,638,000,000","1,650,000,000","1,818,000,000","1,728,000,000","1,752,000,000","1,807,000,000","1,864,000,000","1,730,000,000","1,612,000,000","1,632,000,000","1,562,000,000","1,420,000,000","1,477,000,000","1,599,000,000","1,389,000,000","1,728,000,000","1,670,000,000","1,608,000,000","1,976,000,000","1,809,000,000","4,393,000,000","4,464,000,000","5,036,000,000","4,523,000,000","4,377,000,000","4,288,000,000","4,159,000,000","3,944,000,000",,,,,,,,,,,,,,,,
ReconciledDepreciation,"8,447,000,000","1,966,000,000","1,916,000,000","2,371,000,000","2,194,000,000","1,754,000,000","1,915,000,000","2,186,000,000","2,242,000,000","2,271,000,000","1,706,000,000","1,031,000,000","973,000,000","1,086,000,000","1,023,000,000","947,000,000","921,000,000","1,076,000,000","995,000,000","989,000,000","942,000,000","1,050,000,000","1,046,000,000","1,070,000,000","1,102,000,000","1,276,000,000","1,123,000,000","1,116,000,000","1,029,000,000","318,000,000","1,360,000,000","1,317,000,000","1,266,000,000","1,451,000,000","1,334,000,000","1,303,000,000","1,259,000,000","1,191,000,000","1,148,000,000","1,087,000,000","1,085,000,000","938,000,000","924,000,000","839,000,000","890,000,000","545,000,000","858,000,000","876,000,000","874,000,000","820,000,000","769,000,000","742,000,000","786,000,000","753,000,000","683,000,000","621,000,000","653,000,000","639,000,000","602,000,000","550,000,000","588,000,000","565,000,000","524,000,000","473,000,000","480,000,000","409,000,000","376,000,000","356,000,000","344,000,000","350,000,000","322,000,000","325,000,000","325,000,000","315,000,000","297,000,000","286,000,000","285,000,000","260,000,000","244,000,000","254,000,000","261,000,000","250,000,000","244,000,000","237,000,000","245,000,000","221,000,000","268,000,000","234,000,000","185,000,000","219,000,000","198,000,000","203,000,000","197,000,000","204,000,000","202,000,000","221,000,000","230,000,000","119,000,000","226,000,000","246,000,000","242,000,000","241,000,000","236,000,000","227,000,000","224,000,000","245,000,000","235,000,000","235,000,000","238,000,000","237,000,000","229,000,000","224,000,000","207,000,000","236,000,000","228,000,000","222,000,000","221,000,000","281,000,000","206,000,000","201,000,000","199,000,000","308,000,000","175,000,000","239,000,000","233,000,000","340,000,000","258,000,000","255,000,000","253,000,000","369,000,000","260,000,000",,,,,,,,,,,,,,,,
NetIncomeFromContinuingOperationNetMinorityInterest,"2,790,000,000","1,561,000,000","830,000,000","100,000,000","299,000,000","-1,149,000,000","-3,655,000,000","-6,716,000,000","-2,013,000,000","-1,139,000,000","-779,000,000","635,000,000","631,000,000","706,000,000","1,869,000,000","848,000,000","708,000,000","497,000,000","190,000,000","507,000,000","117,000,000","-268,000,000","-238,000,000","-136,000,000","-360,000,000","-5,505,000,000","-2,606,000,000","180,000,000","-215,000,000","-4,174,000,000","1,211,000,000","1,432,000,000","1,387,000,000","1,648,000,000","1,588,000,000","1,327,000,000","1,359,000,000","364,000,000","1,379,000,000","1,332,000,000","1,560,000,000","1,641,000,000","1,775,000,000","1,819,000,000","1,405,000,000","1,233,000,000","1,196,000,000","1,069,000,000","1,071,000,000","943,000,000","929,000,000","684,000,000","371,000,000","448,000,000","2,272,000,000","2,300,000,000","1,819,000,000","1,448,000,000","1,316,000,000","1,145,000,000","1,212,000,000","921,000,000","1,159,000,000","1,204,000,000","1,216,000,000","1,148,000,000","1,742,000,000","1,532,000,000","850,000,000","780,000,000","758,000,000","581,000,000","487,000,000","382,000,000","446,000,000","374,000,000","393,000,000","323,000,000","476,000,000","240,000,000","120,000,000","-242,000,000","444,000,000","473,000,000","511,000,000","333,000,000","401,000,000","564,000,000","271,000,000","487,000,000","126,000,000","12,000,000","-57,000,000","-38,000,000","38,000,000","186,000,000","139,000,000","-277,000,000","157,000,000","158,000,000","179,000,000","159,000,000","194,000,000","181,000,000","164,000,000","7,000,000","139,000,000","187,000,000","178,000,000","0","23,000,000","-19,000,000","-40,000,000","17,000,000","-101,000,000","75,000,000","83,000,000","-7,000,000","69,000,000","43,000,000","21,000,000","3,000,000","148,000,000","135,000,000","83,000,000","-1,978,000,000","111,000,000","69,000,000","110,000,000","30,000,000","66,000,000",,,,,,,,,,,,,,,,
TotalUnusualItemsExcludingGoodwill,"-143,000,000","-117,000,000","-67,000,000","-293,000,000","334,000,000","-816,000,000","-3,486,000,000","-6,680,000,000","-2,529,000,000","-971,000,000","-1,154,000,000","-35,000,000","7,000,000","-300,000,000","712,000,000","-2,000,000","3,000,000","-452,000,000","75,000,000","512,000,000","-13,000,000","-522,000,000","-161,000,000","0","60,000,000","-6,511,000,000","-3,298,000,000","19,000,000","-348,000,000","-4,923,000,000","-5,000,000","54,000,000",,"423,000,000","0","131,000,000",,,"-76,000,000",,"-92,000,000",,,,,,,,,,,"-99,000,000",,"-672,000,000","0","31,000,000","-6,000,000","-3,000,000","157,000,000","308,000,000","412,000,000","93,000,000","6,000,000","16,000,000","3,000,000","0","723,000,000","266,000,000",,"242,000,000",,,"1,000,000","1,000,000","9,000,000","22,000,000",,"258,000,000","-247,000,000","-1,000,000","-35,000,000","-1,040,000,000","-5,000,000","10,000,000","-32,000,000","-383,000,000","149,000,000","543,000,000","37,000,000","-419,000,000","34,000,000","16,000,000","41,000,000","42,000,000","174,000,000","377,000,000","299,000,000","-16,000,000","28,000,000","34,000,000","39,000,000","39,000,000","85,000,000","167,000,000","48,000,000","62,000,000","58,000,000","94,000,000","57,000,000","54,000,000","54,000,000","33,000,000","39,000,000","21,000,000","49,000,000","120,000,000","238,000,000","209,000,000","89,000,000","170,000,000","215,000,000","30,000,000","790,000,000","253,000,000","70,000,000","-2,101,000,000","110,000,000","100,000,000","88,000,000","55,000,000","139,000,000",,,,,,,,,,,,,,,,
TotalUnusualItems,"-143,000,000","-117,000,000","-67,000,000","-293,000,000","334,000,000","-816,000,000","-3,486,000,000","-6,680,000,000","-2,529,000,000","-971,000,000","-1,154,000,000","-35,000,000","7,000,000","-300,000,000","712,000,000","-2,000,000","3,000,000","-452,000,000","75,000,000","512,000,000","-13,000,000","-522,000,000","-161,000,000","0","60,000,000","-6,511,000,000","-3,298,000,000","19,000,000","-348,000,000","-4,923,000,000","-5,000,000","54,000,000",,"423,000,000","0","131,000,000",,,"-76,000,000",,"-92,000,000",,,,,,,,,,,"-99,000,000",,"-672,000,000","0","31,000,000","-6,000,000","-3,000,000","157,000,000","308,000,000","412,000,000","93,000,000","6,000,000","16,000,000","3,000,000","0","723,000,000","266,000,000",,"242,000,000",,,"1,000,000","1,000,000","9,000,000","22,000,000",,"258,000,000","-247,000,000","-1,000,000","-35,000,000","-1,040,000,000","-5,000,000","10,000,000","-32,000,000","-383,000,000","149,000,000","543,000,000","37,000,000","-419,000,000","34,000,000","16,000,000","41,000,000","42,000,000","174,000,000","377,000,000","299,000,000","-16,000,000","28,000,000","34,000,000","39,000,000","39,000,000","85,000,000","167,000,000","48,000,000","62,000,000","58,000,000","94,000,000","57,000,000","54,000,000","54,000,000","33,000,000","39,000,000","21,000,000","49,000,000","120,000,000","238,000,000","209,000,000","89,000,000","170,000,000","215,000,000","30,000,000","790,000,000","253,000,000","70,000,000","-2,101,000,000","110,000,000","100,000,000","88,000,000","55,000,000","139,000,000",,,,,,,,,,,,,,,,
NormalizedEBITDA,"13,909,000,000","4,498,000,000","3,649,000,000","3,013,000,000","2,449,000,000","1,554,000,000","1,696,000,000","992,000,000","3,028,000,000","2,686,000,000","2,620,000,000","2,063,000,000","1,847,000,000","2,214,000,000","2,899,000,000","2,118,000,000","1,999,000,000","1,601,000,000","1,226,000,000","1,168,000,000","1,201,000,000","1,008,000,000","949,000,000","875,000,000","506,000,000","1,099,000,000","1,358,000,000","1,551,000,000","1,137,000,000","-11,000,000","3,317,000,000","3,590,000,000","3,540,000,000","3,567,000,000","3,882,000,000","3,344,000,000","3,400,000,000","1,770,000,000","3,328,000,000","3,221,000,000","3,712,000,000","3,478,000,000","3,688,000,000","3,715,000,000","3,467,000,000","2,378,000,000","2,849,000,000","2,730,000,000","2,671,000,000","2,420,000,000","2,235,000,000","1,879,000,000","1,392,000,000","2,107,000,000","4,447,000,000","4,461,000,000","3,739,000,000","4,366,000,000","2,448,000,000","1,961,000,000","1,709,000,000","2,277,000,000","2,593,000,000","2,606,000,000","2,661,000,000","2,132,000,000","2,101,000,000","1,721,000,000","1,820,000,000","1,141,000,000","1,619,000,000","1,329,000,000","1,241,000,000","963,000,000","1,102,000,000","1,013,000,000","1,177,000,000","585,000,000","1,093,000,000","810,000,000","650,000,000","1,333,000,000","895,000,000","1,189,000,000","1,244,000,000","1,526,000,000","849,000,000","337,000,000","775,000,000","1,078,000,000","498,000,000","358,000,000","237,000,000","209,000,000","108,000,000","-55,000,000","165,000,000","-126,000,000","525,000,000","582,000,000","644,000,000","553,000,000","416,000,000","341,000,000","576,000,000","301,000,000","517,000,000","480,000,000","605,000,000","333,000,000","368,000,000","298,000,000","231,000,000","250,000,000","228,000,000","224,000,000","147,000,000","1,000,000","235,000,000","112,000,000","139,000,000","448,000,000","-634,000,000","181,000,000","528,000,000","2,718,000,000","461,000,000","377,000,000","522,000,000","543,000,000","354,000,000","5,050,000,000","5,143,000,000","-13,092,000,000","4,913,000,000","4,744,000,000","4,476,000,000","-11,678,000,000","4,222,000,000","4,328,000,000","4,157,000,000","-10,361,300,000","3,717,200,000","3,827,200,000","3,630,800,000","-9,720,400,000","3,383,100,000"
TaxRateForCalcs,"0.25","0.231","0.32","0.27","0.05","0.194","0.1","0.18","0.04","0.27","0.27","0.33","0.26","0.173","0.28","0.26","0.32","0.4","0.31","0.36","0.4","0.4","0.11","0.339","0.36","0.176","0.15","0.4","0.08","0.193","0.4","0.4","0.4","0.387","0.4","0.4","0.38","0.35","0.399","0.35","0.35","0.378","0.397","0.39","0.35","0.359","0.35","0.35","0.35","0.35","0.385","0.35","0.35","0.221","0.35","0.35","0.35","0.35","0.397","0.35","0.368","0.4","0.4","0.4","0.4","0.4","0.266","0.028","0.4","0.4","0.4","0.399","0.4","0.4","0.4","0.4","0.4","0.4","0.4","0.4","0.4","0.389","0.136","0.4","0.376","0.4","0.4","0.4","0.4","0.4","0.4","0.4","0.4","0.345","0.4","0.4","0.4","0.282","0.367","0.4","0.4","0.4","0.174","0.4","0.4","0.4","0.4","0.362","0.4","0.4","0.4","0.4","0.091","0.4","0.4","0.292","0.4","0.4","0.4","0.4","0.4","0.4","0.4","0.375","0.4","0.05","0.369","0.127","0.4","0.091","0.4",,,,,,,,,,,,,,,,
TaxEffectOfUnusualItems,"-35,750,000","-27,031,034.483","-21,440,000","-79,110,000","16,700,000","-158,046,315.789","-348,600,000","-1,202,400,000","-101,160,000","-262,170,000","-311,580,000","-11,550,000","1,820,000","-51,851,851.852","199,360,000","-520,000","960,000","-180,800,000","23,250,000","184,320,000","-5,200,000","-208,800,000","-17,710,000","0","21,600,000","-1,148,035,264.484","-494,700,000","7,600,000","-27,840,000","-952,507,674.815","-2,000,000","21,600,000","0","163,714,797.136","0","52,400,000","0","0","0","0","0","0","0","0","0","0","0","0","0","0","0","0","0","-148,772,983.114","0","10,850,000","-2,100,000","-1,050,000","62,394,651.913","107,800,000","151,483,263.598","37,200,000","2,400,000","6,400,000","1,200,000","0","192,317,370.483","7,502,564.103","0","96,800,000","0","0","400,000","400,000","3,600,000","8,800,000","0","103,200,000","-98,800,000","-400,000","-14,000,000","-404,444,444.444","-680,933.852","4,000,000","-12,034,188.034","-153,200,000","59,600,000","217,200,000","14,800,000","-167,600,000","13,600,000","6,400,000","16,400,000","14,482,758.621","69,600,000","150,800,000","119,600,000","-4,518,134.715","10,274,193.548","13,600,000","15,600,000","15,600,000","14,829,787.234","66,800,000","19,200,000","24,800,000","23,200,000","34,006,825.939","22,800,000","21,600,000","21,600,000","13,200,000","3,545,454.545","8,400,000","19,600,000","35,094,339.623","95,200,000","83,600,000","35,600,000","68,000,000","86,000,000","12,000,000","316,000,000","94,875,000","28,000,000","-105,907,345.175","40,625,000","12,658,227.848","35,200,000","5,000,000","55,600,000",,,,,,,,,,,,,,,,