name,ttm,12/31/2021,09/30/2021,06/30/2021,03/31/2021,12/31/2020,09/30/2020,06/30/2020,03/31/2020,12/31/2019,09/30/2019,06/30/2019,03/31/2019,12/31/2018,09/30/2018,06/30/2018,03/31/2018,12/31/2017,09/30/2017,06/30/2017,03/31/2017,12/31/2016,09/30/2016,06/30/2016,03/31/2016,12/31/2015,09/30/2015,06/30/2015,03/31/2015,12/31/2014,09/30/2014,06/30/2014,03/31/2014,12/31/2013,09/30/2013,06/30/2013,03/31/2013,12/31/2012,09/30/2012,06/30/2012,03/31/2012,12/31/2011,09/30/2011,06/30/2011,03/31/2011,12/31/2010,09/30/2010,06/30/2010,03/31/2010,12/31/2009,09/30/2009,06/30/2009,03/31/2009,12/31/2008,09/30/2008,06/30/2008,03/31/2008,12/31/2007,09/30/2007,06/30/2007,03/31/2007,12/31/2006,09/30/2006,06/30/2006,03/31/2006,12/31/2005,09/30/2005,06/30/2005,03/31/2005,12/31/2004,09/30/2004,06/30/2004,03/31/2004,12/31/2003,09/30/2003,06/30/2003,03/31/2003,12/31/2002,09/30/2002,06/30/2002,03/31/2002,12/31/2001,09/30/2001,06/30/2001,03/31/2001,12/31/2000,09/30/2000,06/30/2000,03/31/2000,12/31/1999,09/30/1999,06/30/1999,03/31/1999,12/31/1998,09/30/1998,06/30/1998,03/31/1998,12/31/1997,09/30/1997,06/30/1997,03/31/1997,12/31/1996,09/30/1996,06/30/1996,03/31/1996,12/31/1995,09/30/1995,06/30/1995,03/31/1995,12/31/1994,09/30/1994,06/30/1994,03/31/1994,12/31/1993,09/30/1993,06/30/1993,03/31/1993,12/31/1992,09/30/1992,06/30/1992,03/31/1992,12/31/1991,09/30/1991,06/30/1991,03/31/1991,12/31/1990,09/30/1990,06/30/1990,03/31/1990,12/31/1989,09/30/1989,06/30/1989,03/31/1989,12/31/1988,09/30/1988,06/30/1988,03/31/1988,12/31/1987,09/30/1987,06/30/1987,03/31/1987,12/31/1986,09/30/1986,06/30/1986,03/31/1986,12/31/1985,09/30/1985
TotalRevenue,"23,522,300,000","6,686,100,000","5,146,800,000","5,843,900,000","5,845,500,000","5,568,600,000","4,936,000,000","3,062,200,000","5,161,700,000","6,117,200,000","6,367,000,000","6,627,900,000","6,487,600,000","6,279,700,000","5,756,800,000","5,805,200,000","5,654,000,000","5,454,600,000","5,059,700,000","4,704,200,000","4,237,900,000","4,070,700,000","4,249,400,000","4,413,200,000","4,300,000,000","4,355,300,000","4,847,200,000","5,079,900,000","4,832,700,000","5,119,100,000","4,928,400,000","4,569,600,000","4,379,900,000","4,598,900,000","4,300,100,000","4,300,500,000","3,924,300,000","4,333,900,000","3,704,700,000","4,345,700,000","4,666,200,000","4,744,100,000","4,150,600,000","3,855,300,000","3,182,100,000","2,950,800,000","2,440,700,000","2,359,100,000","2,120,700,000","2,132,000,000","1,878,500,000","1,720,100,000","1,985,200,000","2,916,700,000","4,004,900,000","4,112,500,000","3,938,400,000","3,759,300,000","3,761,700,000","3,716,200,000","3,984,500,000","4,229,000,000","4,205,400,000","4,168,000,000","3,851,700,000","3,635,000,000","3,541,000,000","3,555,400,000","3,326,000,000","3,190,400,000","2,917,800,000","2,786,800,000","2,501,300,000","2,207,400,000","2,058,500,000","2,012,200,000","1,916,800,000","1,919,000,000","1,996,300,000","1,801,800,000","1,501,500,000","1,536,200,000","1,501,100,000","1,532,900,000","1,537,800,000","1,671,900,000","1,775,300,000","2,140,900,000","2,331,300,000","2,327,300,000","2,270,100,000","2,270,500,000","2,153,100,000","2,203,900,000","1,938,700,000","1,923,700,000","1,819,500,000","1,873,200,000","1,709,100,000","1,658,100,000","1,511,500,000","1,276,000,000","1,113,600,000","1,100,500,000","1,094,600,000","1,165,800,000","1,212,100,000","1,268,400,000","1,183,600,000","1,170,000,000","1,167,900,000","1,120,300,000","1,031,900,000","938,100,000","925,400,000","877,500,000","761,400,000","771,200,000","722,800,000","612,400,000","628,800,000","640,200,000","616,600,000","551,000,000","524,100,000","727,100,000","664,900,000","679,800,000","706,300,000","861,800,000","882,300,000","898,500,000","830,300,000","842,200,000","803,500,000","752,200,000","714,300,000","693,400,000","636,000,000","605,400,000","513,400,000","497,200,000","433,200,000","426,900,000","438,300,000","491,700,000","429,200,000"
	OperatingRevenue,"23,522,300,000","6,686,100,000","5,146,800,000","5,843,900,000","5,845,500,000","5,568,600,000","4,936,000,000","3,062,200,000","5,161,700,000","6,117,200,000","6,367,000,000","6,627,900,000","6,487,600,000","6,279,700,000","5,756,800,000","5,805,200,000","5,654,000,000","5,454,600,000","5,059,700,000","4,704,200,000","4,237,900,000","4,070,700,000","4,249,400,000","4,413,200,000","4,300,000,000","4,355,300,000","4,847,200,000","5,079,900,000","4,832,700,000","5,119,100,000","4,928,400,000","4,569,600,000","4,379,900,000","4,598,900,000","4,300,100,000","4,300,500,000","3,924,300,000","4,333,900,000","3,704,700,000","4,345,700,000","4,666,200,000","4,744,100,000","4,150,600,000","3,855,300,000","3,182,100,000","2,950,800,000","2,440,700,000","2,359,100,000","2,120,700,000","2,132,000,000","1,878,500,000","1,720,100,000","1,985,200,000","2,916,700,000","4,004,900,000","4,112,500,000","3,938,400,000","3,759,300,000","3,761,700,000","3,716,200,000","3,984,500,000","4,229,000,000","4,205,400,000","4,168,000,000","3,851,700,000","3,635,000,000","3,541,000,000","3,555,400,000","3,326,000,000","3,190,400,000","2,917,800,000","2,786,800,000","2,501,300,000","2,207,400,000","2,058,500,000","2,012,200,000","1,916,800,000","1,919,000,000","1,996,300,000","1,801,800,000","1,501,500,000","1,536,200,000","1,501,100,000","1,523,300,000","1,528,200,000","1,671,900,000","1,775,300,000","2,140,900,000","2,331,300,000","2,327,300,000","2,270,100,000","2,270,500,000","2,153,100,000","2,203,900,000","1,938,700,000","1,923,700,000","1,819,500,000","1,873,200,000","1,709,100,000","1,658,100,000","1,511,500,000","1,276,000,000","1,113,600,000","1,100,500,000","1,094,600,000","1,165,800,000","1,212,100,000","1,268,400,000","1,183,600,000","1,170,000,000","1,167,900,000","1,120,300,000","1,031,900,000","938,100,000","925,400,000","877,500,000","761,400,000","771,200,000","722,800,000","612,400,000","628,800,000","640,200,000","616,600,000","551,000,000","524,100,000","727,100,000","664,900,000","679,800,000","706,300,000","861,800,000","882,300,000","898,500,000","830,300,000","842,200,000","803,500,000","752,200,000","714,300,000","693,400,000","636,000,000","605,400,000","513,400,000","497,200,000","433,200,000","426,900,000","438,300,000","491,700,000","429,200,000"
CostOfRevenue,"19,632,600,000","5,667,500,000","4,291,700,000","4,827,200,000","4,804,200,000","4,654,800,000","4,102,200,000","2,555,100,000","4,312,500,000","4,835,800,000","5,206,000,000","5,439,800,000","5,270,500,000","5,139,500,000","4,702,600,000","4,693,000,000","4,576,800,000","4,449,300,000","4,085,100,000","3,792,600,000","3,416,300,000","3,275,300,000","3,403,700,000","3,522,000,000","3,443,900,000","3,499,500,000","3,880,500,000","4,090,800,000","3,939,300,000","4,307,400,000","4,038,900,000","3,753,100,000","3,632,100,000","3,765,400,000","3,529,000,000","3,534,000,000","3,228,200,000","3,405,800,000","3,108,500,000","3,632,500,000","3,919,900,000","3,994,400,000","3,484,000,000","3,231,100,000","2,632,300,000","2,456,900,000","2,019,200,000","1,954,900,000","1,767,800,000","1,783,000,000","1,646,500,000","1,492,800,000","1,561,100,000","2,341,900,000","3,113,500,000","3,202,200,000","3,079,300,000","2,775,500,000","2,998,400,000","2,970,700,000","3,338,900,000","3,955,700,000","3,364,900,000","3,353,900,000","3,226,800,000","2,931,900,000","2,842,500,000","2,876,400,000","2,689,700,000","2,591,000,000","2,378,900,000","2,255,200,000","2,043,500,000","1,801,700,000","1,695,900,000","1,656,400,000","1,577,100,000","1,567,500,000","1,623,900,000","1,500,000,000","1,255,800,000","1,274,500,000","1,255,900,000","1,275,200,000","1,267,000,000","1,473,800,000","1,462,100,000","1,758,200,000","1,898,300,000","1,713,400,000","1,823,700,000","1,842,600,000","1,755,800,000","1,698,100,000","1,571,600,000","1,559,000,000","1,478,400,000","1,413,500,000","1,402,100,000","1,366,700,000","1,255,000,000","955,400,000","908,400,000","897,400,000","895,000,000","867,000,000","992,300,000","1,040,300,000","978,700,000","864,100,000","971,400,000","934,900,000","866,200,000","687,700,000","776,000,000","744,200,000","668,300,000","629,800,000","599,800,000","499,300,000","520,800,000","519,500,000","494,000,000","442,300,000","430,300,000","582,200,000","540,700,000","543,200,000","561,900,000","683,500,000","700,000,000","721,600,000",,,,,,,,,,,,,,,
GrossProfit,"3,889,700,000","1,018,600,000","855,100,000","1,016,700,000","1,041,300,000","913,800,000","833,800,000","507,100,000","849,200,000","1,281,400,000","1,161,000,000","1,188,100,000","1,217,100,000","1,140,200,000","1,054,200,000","1,112,200,000","1,077,200,000","1,005,300,000","974,600,000","911,600,000","821,600,000","795,400,000","845,700,000","891,200,000","856,100,000","855,800,000","966,700,000","989,100,000","893,400,000","811,700,000","889,500,000","816,500,000","747,800,000","833,500,000","771,100,000","766,500,000","696,100,000","928,100,000","596,200,000","713,200,000","746,300,000","749,700,000","666,600,000","624,200,000","549,800,000","493,900,000","421,500,000","404,200,000","352,900,000","349,000,000","232,000,000","227,300,000","424,100,000","574,800,000","891,400,000","910,300,000","859,100,000","983,800,000","763,300,000","745,500,000","645,600,000","273,300,000","840,500,000","814,100,000","624,900,000","703,100,000","698,500,000","679,000,000","636,300,000","599,400,000","538,900,000","531,600,000","457,800,000","405,700,000","362,600,000","355,800,000","339,700,000","351,500,000","372,400,000","301,800,000","245,700,000","261,700,000","245,200,000","257,700,000","270,800,000","198,100,000","313,200,000","382,700,000","433,000,000","613,900,000","446,400,000","427,900,000","397,300,000","505,800,000","367,100,000","364,700,000","341,100,000","459,700,000","307,000,000","291,400,000","256,500,000","320,600,000","205,200,000","203,100,000","199,600,000","298,800,000","219,800,000","228,100,000","204,900,000","305,900,000","196,500,000","185,400,000","165,700,000","250,400,000","149,400,000","133,300,000","93,100,000","141,400,000","123,000,000","113,100,000","108,000,000","120,700,000","122,600,000","108,700,000","93,800,000","144,900,000","124,200,000","136,600,000","144,400,000","178,300,000","182,300,000","176,900,000",,,,,,,,,,,,,,,
OperatingExpense,"1,599,200,000","402,600,000","384,600,000","401,900,000","410,100,000","406,200,000","363,300,000","351,600,000","414,900,000","624,000,000","416,100,000","405,300,000","427,300,000","426,000,000","409,200,000","423,600,000","436,500,000","408,000,000","398,600,000","379,800,000","383,100,000","376,100,000","357,700,000","358,500,000","348,700,000","360,700,000","343,500,000","340,900,000","332,300,000","237,800,000","339,300,000","341,900,000","345,700,000","354,500,000","335,100,000","342,000,000","363,900,000","359,700,000","333,200,000","346,900,000","348,500,000","348,300,000","340,800,000","341,100,000","322,500,000","316,800,000","299,200,000","306,500,000","310,100,000","317,300,000","287,900,000","286,900,000","187,000,000","125,600,000","269,500,000","248,200,000","255,500,000","386,800,000","161,000,000","157,700,000","152,300,000","160,000,000","142,200,000","145,400,000","139,400,000","145,500,000","138,800,000","136,000,000","134,900,000","133,000,000","119,700,000","116,200,000","119,600,000","110,300,000","108,600,000","113,100,000","114,500,000","116,200,000","114,100,000","123,500,000","123,400,000","133,100,000","129,200,000","129,800,000","132,300,000","24,600,000","119,000,000","125,700,000","133,200,000","309,500,000","172,700,000","160,300,000","167,800,000","283,100,000","174,900,000","165,100,000","157,100,000","276,700,000","146,500,000","145,100,000","138,000,000","204,500,000","96,600,000","95,200,000","112,600,000","173,700,000","95,800,000","97,300,000","100,800,000","198,400,000","87,400,000","82,100,000","78,100,000","170,600,000","76,200,000","70,500,000","77,300,000","90,400,000","84,100,000","86,400,000","85,400,000","87,300,000","89,600,000","88,900,000","90,000,000","109,400,000","85,800,000","91,100,000","89,500,000","87,800,000","90,100,000","85,700,000",,,,,,,,,,,,,,,
	SellingGeneralAndAdministration,"676,800,000","182,700,000","168,600,000","164,400,000","161,100,000","165,500,000","131,700,000","120,200,000","164,000,000","183,200,000","172,600,000","173,300,000","169,400,000","166,200,000","153,500,000","156,800,000","168,200,000","143,700,000","140,700,000","134,100,000","136,500,000","139,300,000","130,800,000","135,300,000","134,800,000","145,400,000","131,000,000","132,100,000","133,000,000","140,100,000","136,700,000","139,600,000","145,000,000","147,600,000","134,700,000","136,000,000","141,200,000","138,600,000","136,500,000","146,600,000","149,900,000","143,500,000","137,100,000","133,200,000","133,100,000","129,900,000","116,200,000","119,800,000","115,600,000","116,200,000","108,500,000","100,500,000","109,700,000","45,500,000","181,400,000","157,500,000","172,600,000","131,300,000","161,000,000","157,700,000","152,300,000","160,000,000","142,200,000","145,400,000","139,400,000","145,500,000","138,800,000","136,000,000","134,900,000","133,000,000","119,700,000","116,200,000","119,600,000","110,300,000","108,600,000","113,100,000","114,500,000","116,200,000","114,100,000","123,500,000","123,400,000","133,100,000","129,200,000","129,800,000","132,300,000","119,700,000","119,000,000","125,700,000","133,200,000","162,600,000","172,700,000","160,300,000","167,800,000","159,200,000","174,900,000","165,100,000","157,100,000","164,700,000","146,500,000","145,100,000","138,000,000","123,400,000","96,600,000","95,200,000","112,600,000","101,300,000","95,800,000","97,300,000","100,800,000","135,200,000","87,400,000","82,100,000","78,100,000","113,900,000","76,200,000","70,500,000","77,300,000","78,400,000","72,100,000","74,700,000","73,900,000","75,000,000","77,300,000","76,900,000","77,300,000","94,600,000","72,900,000","78,900,000","77,600,000","74,700,000","76,500,000","72,700,000",,,,,,,,,,,,,,,
	ResearchAndDevelopment,"324,100,000","87,100,000","72,500,000","84,400,000","80,100,000","71,700,000","64,700,000","66,500,000","71,000,000","83,600,000","82,200,000","82,500,000","78,300,000","80,500,000","72,900,000","76,700,000","76,000,000","70,600,000","67,000,000","66,100,000","61,000,000","67,600,000","59,200,000","60,800,000","59,600,000","66,700,000","57,600,000","59,300,000","56,200,000","62,500,000","50,500,000","49,900,000","52,700,000","60,900,000","56,600,000","61,800,000","72,100,000","66,400,000","66,800,000","73,800,000","72,300,000","72,300,000","70,000,000","77,500,000","68,400,000","65,400,000","59,900,000","58,400,000","54,800,000","50,700,000","43,400,000","52,800,000","52,300,000","80,100,000","88,100,000","90,700,000","82,900,000",,,,,,,,,,,,,,,,,,,,,,,,,,,,,,,,,,,,,,,,,,,,,,,,,,,,,,,,,,,,,,,,,,,,,,,,,,,,,,,,,,,,,,,,,,
	DepreciationAmortizationDepletionIncomeStatement,"597,800,000","135,500,000","143,500,000","153,600,000","165,200,000","167,800,000","163,800,000","157,400,000","162,900,000","353,600,000","155,700,000","145,500,000","177,400,000","177,600,000","178,500,000","185,500,000","186,400,000","188,800,000","186,200,000","172,800,000","179,700,000","165,300,000","162,600,000","156,400,000","150,900,000","144,900,000","152,500,000","145,900,000","140,400,000","32,300,000","147,300,000","148,400,000","144,300,000","148,500,000","140,200,000","138,900,000","144,100,000","149,900,000","127,200,000","121,500,000","118,800,000","123,300,000","123,000,000","119,400,000","110,500,000","116,100,000","109,400,000","108,100,000","118,000,000","126,700,000","109,400,000","104,500,000",,,,,,,,,,,,,,,,,,,,,,,,,,,,,,,,,,,,,,,,,,,,,,,,,,,,,,,,,,,,,,,,,,"12,000,000","12,000,000","11,700,000","11,500,000","12,300,000","12,300,000","12,000,000","12,700,000","14,800,000","12,900,000","12,200,000","11,900,000","13,100,000","13,600,000","13,000,000",,,,,,,,,,,,,,,
		DepreciationAndAmortizationInIncomeStatement,"597,800,000","135,500,000","143,500,000","153,600,000","165,200,000","167,800,000","163,800,000","157,400,000","162,900,000","353,600,000","155,700,000","145,500,000","177,400,000","177,600,000","178,500,000","185,500,000","186,400,000","188,800,000","186,200,000","172,800,000","179,700,000","165,300,000","162,600,000","156,400,000","150,900,000","144,900,000","152,500,000","145,900,000","140,400,000","32,300,000","147,300,000","148,400,000","144,300,000","148,500,000","140,200,000","138,900,000","144,100,000","149,900,000","127,200,000","121,500,000","118,800,000","123,300,000","123,000,000","119,400,000","110,500,000","116,100,000","109,400,000","108,100,000","118,000,000","126,700,000","109,400,000","104,500,000",,,,,,,,,,,,,,,,,,,,,,,,,,,,,,,,,,,,,,,,,,,,,,,,,,,,,,,,,,,,,,,,,,"12,000,000","12,000,000","11,700,000","11,500,000","12,300,000","12,300,000","12,000,000","12,700,000","14,800,000","12,900,000","12,200,000","11,900,000","13,100,000","13,600,000","13,000,000",,,,,,,,,,,,,,,
			DepreciationIncomeStatement,"597,800,000","135,500,000","143,500,000","153,600,000","165,200,000","167,800,000","163,800,000","157,400,000","162,900,000",,"155,700,000","145,500,000",,,,,,,,,,,,,,,,,,,,,,,,,,,"127,200,000","121,500,000","118,800,000","123,300,000","123,000,000","119,400,000","110,500,000","116,100,000","109,400,000","108,100,000","118,000,000","126,700,000","109,400,000","104,500,000",,,,,,,,,,,,,,,,,,,,,,,,,,,,,,,,,,,,,,,,,,,,,,,,,,,,,,,,,,,,,,,,,,,,,,,,,,,,,,,,,,,,,,,,,,,,,,,
	ProvisionForDoubtfulAccounts,"500,000","-2,700,000","0","-500,000","3,700,000","1,200,000","3,100,000","7,500,000","17,000,000","3,600,000","5,600,000","4,000,000","2,200,000","1,700,000","4,300,000","4,600,000","5,900,000","4,900,000","4,700,000","6,800,000","5,900,000","3,900,000","5,100,000","6,000,000","3,400,000","3,700,000","2,400,000","3,600,000","2,700,000","2,900,000","4,800,000","4,000,000","3,700,000","-2,500,000","3,600,000","5,300,000","6,500,000","4,800,000","2,700,000","5,000,000","7,500,000","9,200,000","10,700,000","11,000,000","10,500,000","5,400,000","13,700,000","20,200,000","21,700,000","23,700,000","26,600,000","29,100,000","25,000,000",,,,,,,,,,,,,,,,,,,,,,,,,,,,,,,,,,,,,,,,,,,,,,,,,,,,,,,,,,,,,,,,,,,,,,,,,,,,,,,,,,,,,,,,,,,,,,
	OtherOperatingExpenses,,,,,,,,,,,,,,,,,,,,,,,,,,,,,,,,,,,,,,,,,,,,,,,,"3,900,000",,,,,,,,,,,,,,,,,,,,,,,,,,,,,,,,,,,,,,,,,,,,,,,,,,,,,,,,,,,,,,,,,,,,,,,,,,,,,,,,,,,,,,,,,,,,,,,,,,,
OperatingIncome,"2,290,500,000","616,000,000","470,500,000","614,800,000","631,200,000","507,600,000","470,500,000","155,500,000","434,300,000","657,400,000","744,900,000","782,800,000","789,800,000","714,200,000","645,000,000","688,600,000","640,700,000","597,300,000","576,000,000","531,800,000","438,500,000","419,300,000","488,000,000","532,700,000","507,400,000","495,100,000","623,200,000","648,200,000","561,100,000","573,900,000","550,200,000","474,600,000","402,100,000","479,000,000","436,000,000","424,500,000","332,200,000","568,400,000","263,000,000","366,300,000","397,800,000","401,400,000","325,800,000","283,100,000","227,300,000","177,100,000","122,300,000","97,700,000","42,800,000","31,700,000","-55,900,000","-59,600,000","237,100,000","449,200,000","621,900,000","662,100,000","603,600,000","597,000,000","602,300,000","587,800,000","493,300,000","113,300,000","698,300,000","668,700,000","485,500,000","557,600,000","559,700,000","543,000,000","501,400,000","466,400,000","419,200,000","415,400,000","338,200,000","295,400,000","254,000,000","242,700,000","225,200,000","235,300,000","258,300,000","178,300,000","122,300,000","128,600,000","116,000,000","127,900,000","138,500,000","173,500,000","194,200,000","257,000,000","299,800,000","304,400,000","273,700,000","267,600,000","229,500,000","222,700,000","192,200,000","199,600,000","184,000,000","183,000,000","160,500,000","146,300,000","118,500,000","116,100,000","108,600,000","107,900,000","87,000,000","125,100,000","124,000,000","130,800,000","104,100,000","107,500,000","109,100,000","103,300,000","87,600,000","79,800,000","73,200,000","62,800,000","15,800,000","51,000,000","38,900,000","26,700,000","22,600,000","33,400,000","33,000,000","19,800,000","3,800,000","35,500,000","38,400,000","45,500,000","54,900,000","90,500,000","92,200,000","91,200,000","830,300,000","-2,060,600,000","803,500,000","752,200,000","714,300,000","-1,590,300,000","636,000,000","605,400,000","513,400,000","-1,237,900,000","433,200,000","426,900,000","438,300,000","-1,325,500,000","429,200,000"
NetNonOperatingInterestIncomeExpense,"72,600,000","31,000,000","11,200,000","17,200,000","-28,800,000","8,500,000","13,000,000","19,500,000","13,100,000","10,300,000","11,600,000","9,800,000","10,300,000","18,300,000","7,400,000","16,400,000","18,700,000","-2,500,000","-3,200,000","-1,500,000","1,600,000","-7,400,000","-1,600,000","-2,500,000","-100,000","-1,600,000","-4,900,000","-1,300,000","-4,500,000","-1,500,000","-3,500,000","900,000","-1,400,000","-900,000","-3,300,000","400,000","-1,500,000","-218,400,000","74,600,000","71,800,000","72,300,000","62,000,000","57,900,000","60,200,000","51,000,000","-261,800,000","150,800,000","46,600,000","48,700,000","57,500,000","49,500,000","34,900,000","-208,500,000",,,,,,,,,,,,,,,,,,,,,,,,,,,,,,,,,,,,,,,,,,,,,,,,,,,,,,,,,,,,,,,,,,,,,,,,,,,,,,,,,,,,,,,,,,,,,,
	InterestIncomeNonOperating,"72,600,000","31,000,000","11,200,000","17,200,000","13,200,000","8,500,000","13,000,000","19,500,000","13,100,000","10,300,000","11,600,000","9,800,000","10,300,000","18,300,000","7,400,000","16,400,000","18,700,000","-2,500,000","-3,200,000","-1,500,000","1,600,000","-7,400,000","-1,600,000","-2,500,000","-100,000","-1,600,000","-4,900,000","-1,300,000","-4,500,000","-1,500,000","-3,500,000","900,000","-1,400,000","-900,000","-3,300,000","400,000","-1,500,000","-336,800,000","115,500,000","111,500,000","112,000,000","109,700,000","106,500,000","106,300,000","101,500,000","-212,000,000","203,600,000","105,000,000","110,000,000","123,300,000","121,700,000","125,700,000",,,,,,,,,,,,,,,,,,,,,,,,,,,,,,,,,,,,,,,,,,,,,,,,,,,,,,,,,,,,,,,,,,,,,,,,,,,,,,,,,,,,,,,,,,,,,,,
	InterestExpenseNonOperating,"1,120,300,000","226,400,000","255,100,000","318,100,000","42,000,000","335,600,000","307,700,000","271,000,000","285,800,000",,,,,,,,,,,,,,,,,,,,,,,,,,,,,,"40,900,000","39,700,000","39,700,000","47,700,000","48,600,000","46,100,000","50,500,000","49,800,000","52,800,000","58,400,000","61,300,000","65,800,000","72,200,000","90,800,000",,,,,,,,,,,,,,,,,,,,,,,,,,,,,,,,,,,,,,,,,,,,,,,,,,,,,,,,,,,,,,,,,,,,,,,,,,,,,,,,,,,,,,,,,,,,,,,
	TotalOtherFinanceCost,,,,,,,,,"-13,100,000","-10,300,000","-11,600,000","-9,800,000","-10,300,000","-18,300,000","-7,400,000","-16,400,000","-18,700,000","2,500,000","3,200,000","1,500,000","-1,600,000","7,400,000","1,600,000","2,500,000","100,000","1,600,000","4,900,000","1,300,000","4,500,000","1,500,000","3,500,000","-900,000","1,400,000","900,000","3,300,000","-400,000","1,500,000","-100,000",,,,,,,,,"162,200,000","162,600,000",,,,"147,600,000","208,500,000",,,,,,,,,,,,,,,,,,,,,,,,,,,,,,,,,,,,,,,,,,,,,,,,,,,,,,,,,,,,,,,,,,,,,,,,,,,,,,,,,,,,,,,,,,,,,,
OtherIncomeExpense,"15,500,000","4,000,000","1,600,000","5,000,000","4,900,000","5,700,000","6,400,000","9,000,000","14,800,000","20,100,000","21,100,000","21,800,000","19,300,000","19,900,000","16,400,000","14,600,000","10,000,000","9,500,000","9,000,000","8,700,000","8,100,000","7,000,000","8,500,000","116,000,000","-936,900,000","5,200,000","6,200,000","5,300,000","5,100,000","5,300,000","5,700,000","5,500,000","5,800,000","6,800,000","7,300,000","8,000,000","6,500,000","8,200,000","7,800,000","8,200,000","8,900,000","9,300,000","11,000,000","9,900,000","8,000,000","6,800,000","5,500,000","4,300,000","4,500,000","4,500,000","23,200,000","52,600,000","8,000,000","-87,800,000","22,200,000","-1,800,000","24,700,000","-15,400,000","24,100,000","23,700,000","22,000,000","25,400,000","21,700,000","18,600,000","15,600,000","17,000,000","13,700,000","14,400,000","11,800,000","13,400,000","16,100,000","18,900,000","11,500,000","10,100,000","9,500,000","11,000,000","10,700,000","9,200,000","6,200,000","3,700,000","9,400,000","8,000,000","8,500,000","9,200,000","9,600,000","-7,700,000","11,800,000","11,100,000","10,800,000","43,300,000","13,000,000","6,400,000","8,500,000","7,900,000","9,600,000","11,500,000","17,500,000","68,500,000","10,200,000","6,100,000","10,800,000","15,100,000","9,700,000","11,900,000","6,700,000","17,100,000","8,300,000","8,100,000","12,400,000","14,300,000","6,800,000","6,300,000","2,400,000","9,700,000","6,500,000","6,400,000","45,200,000","6,600,000","8,800,000","10,600,000","12,800,000","18,900,000","15,900,000","14,700,000","12,800,000","5,900,000","12,700,000","12,000,000","13,200,000","83,500,000","11,800,000","14,000,000",,,,,,,,,,,,,,,
	GainOnSaleOfSecurity,"15,500,000","4,000,000","1,600,000","5,000,000","4,900,000","5,700,000","6,400,000","9,000,000","14,800,000","20,100,000","21,100,000","21,800,000","19,300,000","19,900,000","16,400,000","14,600,000","10,000,000","9,500,000","9,000,000","8,700,000","8,100,000","7,000,000","8,500,000","6,400,000","5,700,000","5,200,000","6,200,000","5,300,000","5,100,000","5,300,000","5,700,000","5,500,000","5,800,000","6,800,000","7,300,000","8,000,000","6,500,000","8,200,000","7,800,000","8,200,000","8,900,000","9,300,000","11,000,000","9,900,000","8,000,000","6,800,000","5,500,000","4,300,000","4,500,000","4,500,000","4,900,000","4,900,000",,,,,,,,,,,,,,,,,,,,,,,,,,,,,,,,,,,,,,,,,,,,,,,,,,,,,,,,,,,,,,,,,,,,,,,,,,,,,,,,,,,,,,,,,,,,,,,
	SpecialIncomeCharges,,,,,,,,,,,,,,,,,,,,,"0","0",,"109,600,000","-942,600,000",,,,,,,,,,,,,,"7,800,000","8,200,000","80,200,000",,"11,000,000","9,900,000","8,000,000","0","0","0","250,900,000","0","18,300,000","47,700,000","8,000,000","-87,800,000","22,200,000","-1,800,000","24,700,000","-15,400,000","24,100,000","23,700,000","22,000,000","25,400,000","21,700,000","18,600,000","15,600,000","17,000,000","13,700,000","14,400,000","11,800,000","13,400,000","16,100,000","18,900,000","11,500,000","10,100,000","9,500,000","11,000,000","10,700,000","9,200,000","6,200,000","3,700,000","9,400,000","8,000,000","8,500,000","9,200,000","9,600,000","-7,700,000","11,800,000","11,100,000","10,800,000","43,300,000","13,000,000","6,400,000","8,500,000","7,900,000","9,600,000","11,500,000","17,500,000","68,500,000","10,200,000","6,100,000","10,800,000","15,100,000","9,700,000","11,900,000","6,700,000","17,100,000","8,300,000","8,100,000","12,400,000","14,300,000","6,800,000","6,300,000","2,400,000","9,700,000","6,500,000","6,400,000","45,200,000","6,600,000","8,800,000","10,600,000","12,800,000","18,900,000","15,900,000","14,700,000","12,800,000","5,900,000","12,700,000","12,000,000","13,200,000","83,500,000","11,800,000","14,000,000",,,,,,,,,,,,,,,
		OtherSpecialCharges,,,,,,,,,,,,,,,,,,,,,,"0",,"-109,600,000","942,600,000",,,,,,,,,,,,,,,,,,,,,,,,,,,,,,,,,,,,,,,,,,,,,,,,,,,,,,,,,,,,,,,,,,,,,,,,,,,,,,,,,,,,,,,,,,,,,,,,,,,,,,,,,,,,,,,,,,,,,,,,,,
PretaxIncome,"2,378,600,000","651,000,000","483,300,000","637,000,000","607,300,000","521,800,000","489,900,000","184,000,000","462,200,000","687,800,000","777,600,000","814,400,000","819,400,000","752,400,000","668,800,000","719,600,000","669,400,000","604,300,000","581,800,000","539,000,000","448,200,000","418,900,000","494,900,000","646,200,000","-429,600,000","498,700,000","624,500,000","652,200,000","561,700,000","577,700,000","552,400,000","481,000,000","406,500,000","484,900,000","440,000,000","432,900,000","337,200,000","358,200,000","345,400,000","446,300,000","479,000,000","472,700,000","394,700,000","353,200,000","286,300,000","238,900,000","176,800,000","148,600,000","96,000,000","93,700,000","16,800,000","27,900,000","36,600,000","13,341,800,000","428,600,000","446,000,000","423,600,000","371,400,000","425,100,000","430,100,000","537,700,000","556,000,000","570,400,000","548,200,000","500,700,000","449,800,000","455,000,000","452,700,000","416,100,000","366,600,000","360,400,000","362,600,000","278,600,000","239,800,000","202,300,000","191,100,000","172,300,000","185,600,000","204,500,000","114,600,000","69,400,000","74,100,000","58,500,000","57,100,000","65,600,000","93,800,000","124,200,000","204,300,000","242,800,000","288,800,000","227,800,000","219,200,000","187,400,000","179,900,000","151,900,000","164,200,000","157,100,000","207,200,000","128,000,000","110,800,000","88,700,000","93,700,000","80,800,000","82,500,000","55,800,000","103,900,000","109,000,000","103,500,000","83,200,000","89,900,000","83,300,000","78,900,000","68,000,000","69,000,000","60,000,000","49,700,000","41,100,000","36,700,000","26,700,000","15,200,000","13,000,000","27,000,000","22,400,000","9,900,000","-11,000,000","9,800,000","20,100,000","26,700,000","37,500,000","148,600,000","72,400,000","71,100,000",,,,,,,,,,,,,,,
TaxProvision,"526,500,000","139,600,000","105,600,000","144,100,000","137,200,000","116,000,000","104,400,000","36,300,000","102,800,000","156,500,000","169,700,000","194,700,000","190,400,000","174,300,000","123,500,000","160,000,000","157,300,000","15,100,000","179,100,000","166,000,000","137,900,000","130,100,000","148,700,000","164,900,000","165,000,000","151,500,000","193,300,000","205,000,000","183,300,000","183,400,000","181,000,000","161,800,000","132,600,000","150,700,000","130,600,000","141,300,000","101,100,000","104,700,000","111,800,000","149,100,000","151,700,000","145,000,000","113,100,000","113,500,000","93,000,000","69,100,000","56,900,000","49,000,000","27,700,000","47,600,000","3,800,000","1,400,000","10,300,000","52,700,000","129,600,000","132,500,000","131,300,000","110,300,000","122,800,000","131,800,000","172,100,000","175,500,000","166,800,000","178,300,000","158,700,000","136,900,000","150,200,000","211,200,000","142,100,000","125,200,000","113,700,000","126,100,000","96,400,000","80,700,000","69,800,000","67,000,000","61,500,000","63,400,000","75,600,000","40,900,000","22,200,000","23,700,000","19,100,000","17,600,000","21,300,000","31,100,000","31,100,000","73,200,000","87,900,000","108,900,000","83,100,000","79,700,000","67,900,000","65,000,000","55,300,000","59,300,000","56,700,000","74,500,000","45,500,000","39,300,000","30,800,000","31,200,000","29,700,000","30,800,000","20,100,000","38,800,000","40,700,000","38,400,000","28,900,000","32,800,000","30,100,000","28,300,000","24,400,000","23,500,000","23,500,000","16,900,000","13,700,000","11,600,000","8,500,000","4,100,000","2,200,000","7,900,000","5,400,000","1,300,000","-6,000,000","4,000,000","6,100,000","7,900,000","12,400,000","49,700,000","24,100,000","23,600,000",,,,,,,,,,,,,,,
NetIncomeCommonStockholders,"1,852,100,000","511,400,000","377,700,000","492,900,000","470,100,000","405,800,000","385,500,000","147,700,000","359,400,000","531,300,000","607,900,000","619,700,000","629,000,000","578,100,000","545,300,000","559,600,000","512,100,000","589,200,000","402,700,000","373,000,000","310,300,000","288,800,000","346,200,000","481,300,000","-594,600,000","347,200,000","431,200,000","447,200,000","378,400,000","394,300,000","371,400,000","319,200,000","273,900,000","334,200,000","309,400,000","291,600,000","236,100,000","253,500,000","233,600,000","297,200,000","327,300,000","327,700,000","281,600,000","239,700,000","193,300,000","169,800,000","119,900,000","99,600,000","68,300,000","46,100,000","13,000,000","26,500,000","26,300,000","113,100,000","299,000,000","313,500,000","292,300,000","261,100,000","302,300,000","298,300,000","365,600,000","380,500,000","403,600,000","369,900,000","342,000,000","312,900,000","304,800,000","241,500,000","274,000,000","241,400,000","246,700,000","236,500,000","182,200,000","159,100,000","132,500,000","124,100,000","110,800,000","122,200,000","128,900,000","73,700,000","47,200,000","50,400,000","39,400,000","39,500,000","44,300,000","62,700,000","93,100,000","131,100,000","154,900,000","179,900,000","144,700,000","139,500,000","119,500,000","114,900,000","96,600,000","104,900,000","100,400,000","132,700,000","82,500,000","71,500,000","57,900,000","62,500,000","51,100,000","51,700,000","35,700,000","65,100,000","68,300,000","65,100,000","54,300,000","57,100,000","53,200,000","50,600,000","43,600,000","45,500,000","36,500,000","32,800,000","27,400,000","25,100,000","18,200,000","11,100,000","10,800,000","19,100,000","17,000,000","8,600,000","-5,000,000","5,800,000","14,000,000","18,800,000","25,100,000","98,900,000","48,300,000","47,500,000",,,,,,,,,,,,,,,
	NetIncome,"1,852,100,000","511,400,000","377,700,000","492,900,000","470,100,000","405,800,000","385,500,000","147,700,000","359,400,000","531,300,000","607,900,000","619,700,000","629,000,000","578,100,000","545,300,000","559,600,000","512,100,000","589,200,000","402,700,000","373,000,000","310,300,000","288,800,000","346,200,000","481,300,000","-594,600,000","347,200,000","431,200,000","447,200,000","378,400,000","394,300,000","371,400,000","319,200,000","273,900,000","334,200,000","309,400,000","291,600,000","236,100,000","253,500,000","233,600,000","297,200,000","327,300,000","327,700,000","281,600,000","239,700,000","193,300,000","169,800,000","119,900,000","99,600,000","68,300,000","46,100,000","13,000,000","26,500,000","26,300,000","113,100,000","299,000,000","313,500,000","292,300,000","261,100,000","302,300,000","298,300,000","365,600,000","380,500,000","403,600,000","369,900,000","342,000,000","312,900,000","304,800,000","241,500,000","274,000,000","241,400,000","246,700,000","236,500,000","182,200,000","159,100,000","132,500,000","124,100,000","110,800,000","122,200,000","128,900,000","73,700,000","47,200,000","50,400,000","39,400,000","39,500,000","44,300,000","62,700,000","93,100,000","131,100,000","154,900,000","179,900,000","144,700,000","139,500,000","119,500,000","114,900,000","96,600,000","104,900,000","100,400,000","132,700,000","82,500,000","71,500,000","57,900,000","62,500,000","51,100,000","51,700,000","35,700,000","65,100,000","68,300,000","65,100,000","54,300,000","57,100,000","53,200,000","50,600,000","43,600,000","45,500,000","36,500,000","32,800,000","27,400,000","25,100,000","18,200,000","11,100,000","10,800,000","19,100,000","17,000,000","8,600,000","-5,000,000","5,800,000","14,000,000","18,800,000","25,100,000","98,900,000","48,300,000","47,500,000",,,,,,,,,,,,,,,
		NetIncomeIncludingNoncontrollingInterests,"1,852,100,000","511,400,000","377,700,000","492,900,000","470,100,000","405,800,000","385,500,000","147,700,000","359,400,000","531,300,000","607,900,000","619,700,000","629,000,000","578,100,000","545,300,000","559,600,000","512,100,000","589,200,000","402,700,000","373,000,000","310,300,000","288,800,000","346,200,000","481,300,000","-594,600,000","347,200,000","431,200,000","447,200,000","378,400,000","394,300,000","371,400,000","319,200,000","273,900,000","334,200,000","309,400,000","291,600,000","236,100,000","253,500,000","233,600,000","297,200,000","327,300,000","327,700,000","281,600,000","239,700,000","193,300,000","169,800,000","119,900,000","99,600,000","68,300,000","46,100,000","13,000,000","26,500,000","26,300,000","113,100,000","299,000,000","313,500,000","292,300,000","261,100,000","302,300,000","298,300,000","365,600,000","380,500,000","403,600,000","369,900,000","342,000,000","312,900,000","304,800,000","241,500,000","274,000,000","241,400,000","246,700,000","236,500,000","182,200,000","159,100,000","132,500,000","124,100,000","110,800,000","122,200,000","128,900,000","73,700,000","47,200,000","50,400,000","39,400,000","39,500,000","44,300,000","62,700,000","93,100,000","131,100,000","154,900,000","179,900,000","144,700,000","139,500,000","119,500,000","114,900,000","96,600,000","104,900,000","100,400,000","132,700,000","82,500,000","71,500,000","57,900,000","60,800,000","51,100,000","51,700,000","35,700,000","64,800,000","54,700,000","64,600,000","53,400,000","59,300,000","58,400,000","56,400,000","43,600,000","45,500,000","36,500,000","32,800,000","27,400,000","25,100,000","18,200,000","11,100,000","10,800,000","19,100,000","17,000,000","8,600,000","-5,000,000","5,800,000","14,000,000","18,800,000","25,100,000","98,900,000","48,300,000","47,500,000","47,300,000","46,400,000","46,000,000","43,600,000","39,900,000","35,500,000","29,600,000","26,200,000","21,200,000","25,300,000","14,000,000","1,100,000","13,800,000","19,400,000","12,700,000"
			NetIncomeContinuousOperations,"1,852,100,000","511,400,000","377,700,000","492,900,000","470,100,000","405,800,000","385,500,000","147,700,000","359,400,000","531,300,000","607,900,000","619,700,000","629,000,000","578,100,000","545,300,000","559,600,000","512,100,000","589,200,000","402,700,000","373,000,000","310,300,000","288,800,000","346,200,000","481,300,000","-594,600,000","347,200,000","431,200,000","447,200,000","378,400,000","394,300,000","371,400,000","319,200,000","273,900,000","334,200,000","309,400,000","291,600,000","236,100,000","253,500,000","233,600,000","297,200,000","327,300,000","327,700,000","281,600,000","239,700,000","193,300,000","169,800,000","119,900,000","99,600,000","68,300,000","46,100,000","13,000,000","26,500,000","26,300,000","113,100,000","299,000,000","313,500,000","292,300,000","261,100,000","302,300,000","298,300,000","365,600,000","380,500,000","403,600,000","369,900,000","342,000,000","312,900,000","304,800,000","241,500,000","274,000,000","241,400,000","246,700,000","236,500,000","182,200,000","159,100,000","132,500,000","124,100,000","110,800,000","122,200,000","128,900,000","73,700,000","47,200,000","50,400,000","39,400,000","39,500,000","44,300,000","62,700,000","93,100,000","131,100,000","154,900,000","179,900,000","144,700,000","139,500,000","119,500,000","114,900,000","96,600,000","104,900,000","100,400,000","132,700,000","82,500,000","71,500,000","57,900,000","62,500,000","51,100,000","51,700,000","35,700,000","65,100,000","68,300,000","65,100,000","54,300,000","57,100,000","53,200,000","50,600,000","43,600,000","45,500,000","36,500,000","32,800,000","27,400,000","25,100,000","18,200,000","11,100,000","10,800,000","19,100,000","17,000,000","8,600,000","-5,000,000","5,800,000","14,000,000","18,800,000","25,100,000","98,900,000","48,300,000","47,500,000","47,300,000","46,400,000","46,000,000","43,600,000","39,900,000","35,500,000","29,600,000","26,200,000","21,200,000","25,300,000","14,000,000","1,100,000","13,800,000","19,400,000","12,700,000"
		MinorityInterests,,,,,,,,,,,,,,,,,,,,,,,,,,,,,,,,,,,,,,,,,,,,,,,,,,,,,,,,,,,,,,,,,,,,,,,,,,,,,,,,,,,,,,,,,,,,,,,,,,,,,,,,,,"300,000","13,600,000","500,000","900,000","-2,200,000","-5,200,000","-5,800,000",,,,,,,,,,,,,,,,,,,,,,,,,,,,,,,,,,,
DilutedNIAvailtoComStockholders,"1,852,100,000","511,400,000","377,700,000","492,900,000","470,100,000","405,800,000","385,500,000","147,700,000","359,400,000","531,300,000","607,900,000","619,700,000","629,000,000","578,100,000","545,300,000","559,600,000","512,100,000","589,200,000","402,700,000","373,000,000","310,300,000","288,800,000","346,200,000","481,300,000","-594,600,000","347,200,000","431,200,000","447,200,000","378,400,000","394,300,000","371,400,000","319,200,000","273,900,000","334,200,000","309,400,000","291,600,000","236,100,000","253,500,000","233,600,000","297,200,000","327,300,000","327,700,000","281,600,000","239,700,000","193,300,000","169,800,000","119,900,000","99,600,000","68,300,000","46,100,000","13,000,000","26,500,000","26,300,000","113,100,000","299,000,000","313,500,000","292,300,000","261,100,000","302,300,000","298,300,000","365,600,000","380,500,000","403,600,000","369,900,000","342,000,000","312,900,000","304,800,000","241,500,000","274,000,000","241,400,000","246,700,000","236,500,000","182,200,000","159,100,000","132,500,000","124,100,000","110,800,000","122,200,000","128,900,000","73,700,000","47,200,000","50,400,000","39,400,000","39,500,000","44,300,000","62,700,000","93,100,000","131,100,000","154,900,000","179,900,000","144,700,000","139,500,000","119,500,000","114,900,000","96,600,000","104,900,000","100,400,000","132,700,000","82,500,000","71,500,000","57,900,000","62,500,000","51,100,000","51,700,000","35,700,000","65,100,000","68,300,000","65,100,000","54,300,000","57,100,000","53,200,000","50,600,000","43,600,000","45,500,000","36,500,000","32,800,000","27,400,000","25,100,000","18,200,000","11,100,000","10,800,000","19,100,000","17,000,000","8,600,000","-5,000,000","5,800,000","14,000,000","18,800,000","25,100,000","98,900,000","48,300,000","47,500,000",,,,,,,,,,,,,,,
BasicEPS,,"1.47","1.09","1.42","1.35","1.17","1.11","0.43","1.04","1.53","1.75","1.79","1.81","1.66","1.55","1.59","1.45","1.67","1.14","1.06","0.88","0.82","0.99","1.37","-1.69","0.98","1.21","1.26","1.07","1.11","1.05","0.9","0.77","0.94","0.87","0.82","0.67","0.72","0.66","0.83","0.92",,"0.78","0.66","0.53",,"0.33","0.27","0.19",,"0.04","0.07","0.07",,"0.82","0.86","0.8",,"0.82","0.8","0.98",,"1.08","0.987","0.902",,"0.796","0.622","0.698",,"0.631","0.6","0.462",,"0.338","0.314","0.281",,"0.329","0.19","0.12",,"0.103","0.103","0.115",,"0.241","0.34","0.393",,"0.366","0.352","0.303",,"0.245","0.265","0.255",,"0.21","0.182","0.146",,"0.131","0.133","0.091",,"0.174","0.166","0.139",,"0.137","0.129","0.111",,"0.093","0.083","0.069",,"0.048","0.03","0.028",,"0.044","0.022","-0.014",,"0.036","0.048","0.063",,"0.119","0.117","0.115",,"0.111","0.105","0.097",,"0.071","0.063","0.051",,"0.034","0.004","0.034",,"0.03"
DilutedEPS,,"1.47","1.08","1.41","1.35","1.17","1.11","0.43","1.03","1.53","1.75","1.78","1.81","1.65","1.55","1.59","1.45","1.67","1.14","1.06","0.88","0.82","0.98","1.37","-1.69","0.98","1.21","1.26","1.06","1.11","1.04","0.9","0.77","0.94","0.87","0.82","0.67","0.72","0.66","0.83","0.91",,"0.77","0.65","0.53",,"0.33","0.27","0.19",,"0.04","0.07","0.07",,"0.82","0.86","0.79",,"0.81","0.793","0.973",,"1.073","0.982","0.898",,"0.791","0.618","0.693",,"0.627","0.596","0.458",,"0.335","0.314","0.281",,"0.329","0.187","0.12",,"0.101","0.101","0.115",,"0.239","0.338","0.391",,"0.362","0.35","0.301",,"0.243","0.263","0.253",,"0.208","0.182","0.146",,"0.131","0.133","0.091",,"0.174","0.166","0.139",,"0.137","0.129","0.111",,"0.093","0.083","0.069",,"0.048","0.03","0.028",,"0.044","0.022","-0.014",,"0.036","0.048","0.063",,"0.119","0.117","0.115",,"0.111","0.105","0.097",,"0.071","0.063","0.051",,"0.034","0.004","0.034",,"0.03"
BasicAverageShares,,"347,900,000","347,800,000","347,800,000","347,600,000","347,200,000","346,800,000","346,400,000","346,900,000","346,700,000","346,600,000","347,000,000","347,200,000","349,100,000","350,700,000","351,700,000","352,500,000","352,200,000","351,900,000","351,800,000","351,600,000","351,100,000","351,000,000","350,900,000","351,300,000","353,200,000","355,000,000","355,300,000","355,100,000","354,700,000","355,200,000","355,100,000","354,900,000","354,600,000","354,400,000","354,100,000","354,000,000","353,600,000","353,700,000","356,000,000","357,000,000",,"363,300,000","365,900,000","365,800,000",,"364,900,000","364,900,000","364,600,000",,"363,800,000","363,400,000","363,100,000",,"363,000,000","364,500,000","366,500,000",,"370,400,000","373,050,000","372,900,000",,"373,800,000","375,075,000","378,450,000",,"383,850,000","389,250,000","391,500,000",,"391,275,000","393,300,000","394,875,000",,"393,862,500","393,187,500","391,837,500",,"390,487,500","390,150,000","389,306,250",,"387,281,250","386,775,000","386,775,000",,"386,775,000","386,775,000","393,356,250",,"395,178,117","395,959,229","394,614,747",,"393,596,519","395,519,209","393,224,322",,"393,227,901","392,658,656","395,316,287",,"391,178,204","389,862,078","392,109,483",,"392,134,348","391,560,105","391,921,933",,"389,546,676","393,309,082","393,363,347",,"392,367,643","394,567,479","395,530,791",,"383,141,762","373,875,846","389,765,058",,"390,409,701","395,002,756","360,880,549",,"392,971,425","395,772,810","396,299,103",,"406,719,717","406,761,663","416,943,237",,"416,943,237","416,690,618","416,943,237",,"416,498,628","416,498,628","416,498,628",,"417,317,112","421,379,237","421,379,237",,"421,379,237"
DilutedAverageShares,,"348,500,000","348,300,000","348,500,000","348,400,000","348,000,000","347,600,000","346,800,000","347,300,000","347,400,000","347,200,000","347,700,000","347,800,000","349,600,000","351,500,000","352,500,000","353,500,000","353,200,000","352,900,000","352,700,000","352,700,000","351,900,000","351,800,000","351,600,000","351,300,000","353,900,000","355,900,000","356,300,000","356,100,000","355,800,000","356,300,000","356,300,000","356,000,000","355,600,000","355,400,000","355,000,000","354,800,000","354,300,000","354,300,000","356,800,000","357,800,000",,"364,200,000","367,200,000","367,200,000",,"366,100,000","366,000,000","365,700,000",,"365,000,000","364,400,000","364,000,000",,"364,800,000","366,500,000","368,400,000",,"372,600,000","375,300,000","375,150,000",,"375,750,000","377,100,000","380,475,000",,"386,325,000","391,725,000","393,975,000",,"393,750,000","395,775,000","397,575,000",,"396,900,000","395,887,500","393,862,500",,"392,512,500","394,821,429","389,306,250",,"391,102,941","392,095,588","386,775,000",,"389,519,628","388,125,000","396,051,136",,"399,497,522","398,195,987","397,210,552",,"396,797,687","398,492,642","396,297,539",,"396,972,424","392,658,656","395,316,287",,"391,178,204","389,862,078","392,109,483",,"392,134,348","391,560,105","391,921,933",,"389,546,676","393,309,082","393,363,347",,"392,367,643","394,567,479","395,530,791",,"383,141,762","373,875,846","389,765,058",,"390,409,701","395,002,756","360,880,549",,"392,971,425","395,772,810","396,299,103",,"406,719,717","406,761,663","416,943,237",,"416,943,237","416,690,618","416,943,237",,"416,498,628","416,498,628","416,498,628",,"417,317,112","421,379,237","421,379,237",,"421,379,237"
TotalExpenses,"21,231,800,000","6,070,100,000","4,676,300,000","5,229,100,000","5,214,300,000","5,061,000,000","4,465,500,000","2,906,700,000","4,727,400,000","5,459,800,000","5,622,100,000","5,845,100,000","5,697,800,000","5,565,500,000","5,111,800,000","5,116,600,000","5,013,300,000","4,857,300,000","4,483,700,000","4,172,400,000","3,799,400,000","3,651,400,000","3,761,400,000","3,880,500,000","3,792,600,000","3,860,200,000","4,224,000,000","4,431,700,000","4,271,600,000","4,545,200,000","4,378,200,000","4,095,000,000","3,977,800,000","4,119,900,000","3,864,100,000","3,876,000,000","3,592,100,000","3,765,500,000","3,441,700,000","3,979,400,000","4,268,400,000","4,342,700,000","3,824,800,000","3,572,200,000","2,954,800,000","2,773,700,000","2,318,400,000","2,261,400,000","2,077,900,000","2,100,300,000","1,934,400,000","1,779,700,000","1,748,100,000","2,467,500,000","3,383,000,000","3,450,400,000","3,334,800,000","3,162,300,000","3,159,400,000","3,128,400,000","3,491,200,000","4,115,700,000","3,507,100,000","3,499,300,000","3,366,200,000","3,077,400,000","2,981,300,000","3,012,400,000","2,824,600,000","2,724,000,000","2,498,600,000","2,371,400,000","2,163,100,000","1,912,000,000","1,804,500,000","1,769,500,000","1,691,600,000","1,683,700,000","1,738,000,000","1,623,500,000","1,379,200,000","1,407,600,000","1,385,100,000","1,405,000,000","1,399,300,000","1,498,400,000","1,581,100,000","1,883,900,000","2,031,500,000","2,022,900,000","1,996,400,000","2,002,900,000","1,923,600,000","1,981,200,000","1,746,500,000","1,724,100,000","1,635,500,000","1,690,200,000","1,548,600,000","1,511,800,000","1,393,000,000","1,159,900,000","1,005,000,000","992,600,000","1,007,600,000","1,040,700,000","1,088,100,000","1,137,600,000","1,079,500,000","1,062,500,000","1,058,800,000","1,017,000,000","944,300,000","858,300,000","852,200,000","814,700,000","745,600,000","720,200,000","683,900,000","585,700,000","606,200,000","606,800,000","583,600,000","531,200,000","520,300,000","691,600,000","626,500,000","634,300,000","651,400,000","771,300,000","790,100,000","807,300,000",,,,,,,,,,,,,,,
NetIncomeFromContinuingAndDiscontinuedOperation,"1,852,100,000","511,400,000","377,700,000","492,900,000","470,100,000","405,800,000","385,500,000","147,700,000","359,400,000","531,300,000","607,900,000","619,700,000","629,000,000","578,100,000","545,300,000","559,600,000","512,100,000","589,200,000","402,700,000","373,000,000","310,300,000","288,800,000","346,200,000","481,300,000","-594,600,000","347,200,000","431,200,000","447,200,000","378,400,000","394,300,000","371,400,000","319,200,000","273,900,000","334,200,000","309,400,000","291,600,000","236,100,000","253,500,000","233,600,000","297,200,000","327,300,000","327,700,000","281,600,000","239,700,000","193,300,000","169,800,000","119,900,000","99,600,000","68,300,000","46,100,000","13,000,000","26,500,000","26,300,000","113,100,000","299,000,000","313,500,000","292,300,000","261,100,000","302,300,000","298,300,000","365,600,000","380,500,000","403,600,000","369,900,000","342,000,000","312,900,000","304,800,000","241,500,000","274,000,000","241,400,000","246,700,000","236,500,000","182,200,000","159,100,000","132,500,000","124,100,000","110,800,000","122,200,000","128,900,000","73,700,000","47,200,000","50,400,000","39,400,000","39,500,000","44,300,000","62,700,000","93,100,000","131,100,000","154,900,000","179,900,000","144,700,000","139,500,000","119,500,000","114,900,000","96,600,000","104,900,000","100,400,000","132,700,000","82,500,000","71,500,000","57,900,000","62,500,000","51,100,000","51,700,000","35,700,000","65,100,000","68,300,000","65,100,000","54,300,000","57,100,000","53,200,000","50,600,000","43,600,000","45,500,000","36,500,000","32,800,000","27,400,000","25,100,000","18,200,000","11,100,000","10,800,000","19,100,000","17,000,000","8,600,000","-5,000,000","5,800,000","14,000,000","18,800,000","25,100,000","98,900,000","48,300,000","47,500,000",,,,,,,,,,,,,,,
NormalizedIncome,"1,840,025,500","508,257,757.296","376,448,800","489,030,000","466,307,400","401,367,152.166","380,463,200","140,473,000","347,885,600","515,773,495.202","591,399,800","603,110,200","614,177,600","562,810,007.974","531,934,000","548,241,200","504,450,000","579,937,382.095","396,472,000","366,979,600","304,694,800","283,974,027.214","340,250,000","394,880,000","-32,460,000","343,579,707.239","426,922,000","443,564,200","374,962,600","390,682,568.807","367,569,600","315,548,000","269,990,800","329,513,342.957","304,268,100","286,208,000","231,550,000","247,696,817.42","228,324,724.957","291,739,457.764","321,218,643.006","321,252,760.736","273,752,014.188","232,981,342.016","187,898,672.721","164,966,848.054","116,170,079.186","96,717,900.404","65,098,437.5","43,175,000","-4,952,380.952","-23,460,573.477","20,551,366.12","200,553,190.724","283,512,832.478","314,765,246.637","275,256,067.044","271,926,440.495","285,161,844.272","281,862,636.596","350,641,472.94","363,117,446.043","388,245,652.174","357,349,580.445","331,344,517.675","301,074,077.368","295,622,505.495","232,860,000","266,229,752.463","232,576,322.968","235,679,273.03","224,172,779.923","174,679,181.622","152,398,957.465","126,277,805.24","116,956,619.571","103,919,210.679","116,142,672.414","124,992,029.34","71,320,506.108","40,806,916.427","44,958,704.453","33,675,213.675","33,135,726.795","37,817,073.171","67,847,014.925","84,254,750.403","123,977,092.511","148,009,884.679","152,927,458.449","136,442,317.823","135,427,007.299","114,079,775.88","109,854,363.535","90,494,930.876","97,553,166.87","89,216,040.738","88,829,584.942","75,925,781.25","67,563,628.159","50,850,169.109","52,427,961.58","44,965,470.297","44,242,666.667","31,413,440.86","54,385,755.534","63,099,174.312","60,005,217.391","46,207,211.538","48,017,352.614","48,857,142.857","46,559,695.817","42,061,176.471","39,103,623.188","32,545,833.333","28,576,257.545","-2,733,333.333","20,586,103.542","12,201,498.127","3,359,210.526","166,153.846","5,730,000","4,933,035.714","-4,169,696.97","-12,680,000","2,260,000","5,154,228.856","10,350,561.798","16,264,800","43,326,985.195","40,427,900.552","38,146,976.09",,,,,,,,,,,,,,,
InterestIncome,"72,600,000","31,000,000","11,200,000","17,200,000","13,200,000","8,500,000","13,000,000","19,500,000","13,100,000","10,300,000","11,600,000","9,800,000","10,300,000","18,300,000","7,400,000","16,400,000","18,700,000","-2,500,000","-3,200,000","-1,500,000","1,600,000","-7,400,000","-1,600,000","-2,500,000","-100,000","-1,600,000","-4,900,000","-1,300,000","-4,500,000","-1,500,000","-3,500,000","900,000","-1,400,000","-900,000","-3,300,000","400,000","-1,500,000","-336,800,000","115,500,000","111,500,000","112,000,000","109,700,000","106,500,000","106,300,000","101,500,000","-212,000,000","203,600,000","105,000,000","110,000,000","123,300,000","121,700,000","125,700,000",,,,,,,,,,,,,,,,,,,,,,,,,,,,,,,,,,,,,,,,,,,,,,,,,,,,,,,,,,,,,,,,,,,,,,,,,,,,,,,,,,,,,,,,,,,,,,,
InterestExpense,"1,120,300,000","226,400,000","255,100,000","318,100,000","42,000,000","335,600,000","307,700,000","271,000,000","285,800,000",,,,,,,,,,,,,,,,,,,,,,,,,,,,,,"40,900,000","39,700,000","39,700,000","47,700,000","48,600,000","46,100,000","50,500,000","49,800,000","52,800,000","58,400,000","61,300,000","65,800,000","72,200,000","90,800,000",,,,,,,,,,,,,,,,,,,,,,,,,,,,,,,,,,,,,,,,,,,,,,,,,,,,,,,,,,,,,,,,,,,,,,,,,,,,,,,,,,,,,,,,,,,,,,,
NetInterestIncome,"72,600,000","31,000,000","11,200,000","17,200,000","-28,800,000","8,500,000","13,000,000","19,500,000","13,100,000","10,300,000","11,600,000","9,800,000","10,300,000","18,300,000","7,400,000","16,400,000","18,700,000","-2,500,000","-3,200,000","-1,500,000","1,600,000","-7,400,000","-1,600,000","-2,500,000","-100,000","-1,600,000","-4,900,000","-1,300,000","-4,500,000","-1,500,000","-3,500,000","900,000","-1,400,000","-900,000","-3,300,000","400,000","-1,500,000","-218,400,000","74,600,000","71,800,000","72,300,000","62,000,000","57,900,000","60,200,000","51,000,000","-261,800,000","150,800,000","46,600,000","48,700,000","57,500,000","49,500,000","34,900,000","-208,500,000",,,,,,,,,,,,,,,,,,,,,,,,,,,,,,,,,,,,,,,,,,,,,,,,,,,,,,,,,,,,,,,,,,,,,,,,,,,,,,,,,,,,,,,,,,,,,,
EBIT,"2,290,500,000","616,000,000","470,500,000","614,800,000","649,300,000","507,600,000","470,500,000","155,500,000","434,300,000","657,400,000","744,900,000","782,800,000","789,800,000","714,200,000","645,000,000","688,600,000","640,700,000","597,300,000","576,000,000","531,800,000","438,500,000","419,300,000","488,000,000","532,700,000","507,400,000","495,100,000","623,200,000","648,200,000","561,100,000","573,900,000","550,200,000","474,600,000","402,100,000","479,000,000","436,000,000","424,500,000","332,200,000","206,400,000","386,300,000","486,000,000","518,700,000","520,400,000","443,300,000","399,300,000","336,800,000","288,700,000","229,600,000","207,000,000","157,300,000","159,500,000","89,000,000","118,700,000","237,100,000","449,200,000","621,900,000","662,100,000","603,600,000","597,000,000","602,300,000","587,800,000","493,300,000","113,300,000","698,300,000","668,700,000","485,500,000","557,600,000","559,700,000","543,000,000","501,400,000","466,400,000","419,200,000","415,400,000","338,200,000","295,400,000","254,000,000","242,700,000","225,200,000","235,300,000","258,300,000","178,300,000","122,300,000","128,600,000","116,000,000","127,900,000","138,500,000","173,500,000","194,200,000","257,000,000","299,800,000","304,400,000","273,700,000","267,600,000","229,500,000","222,700,000","192,200,000","199,600,000","184,000,000","183,000,000","160,500,000","146,300,000","118,500,000","116,100,000","108,600,000","107,900,000","87,000,000","125,100,000","124,000,000","130,800,000","104,100,000","107,500,000","109,100,000","103,300,000","87,600,000","79,800,000","73,200,000","62,800,000","15,800,000","51,000,000","38,900,000","26,700,000","22,600,000","33,400,000","33,000,000","19,800,000","3,800,000","35,500,000","38,400,000","45,500,000","54,900,000","90,500,000","92,200,000","91,200,000","830,300,000","-2,060,600,000","803,500,000","752,200,000","714,300,000","-1,590,300,000","636,000,000","605,400,000","513,400,000","-1,237,900,000","433,200,000","426,900,000","438,300,000","-1,325,500,000","429,200,000"
EBITDA,"3,193,800,000"
ReconciledCostOfRevenue,"19,327,100,000","5,592,000,000","4,225,300,000","4,750,100,000","4,717,700,000","4,553,100,000","3,999,800,000","2,471,200,000","4,203,400,000","4,904,500,000","5,089,600,000","5,324,100,000","5,188,800,000","5,057,400,000","4,628,500,000","4,610,200,000","4,489,700,000","4,344,900,000","3,985,200,000","3,696,400,000","3,336,800,000","3,193,100,000","3,316,100,000","3,425,500,000","3,352,300,000","3,416,600,000","3,802,100,000","4,009,400,000","3,858,600,000","4,099,600,000","3,956,100,000","3,673,800,000","3,556,600,000","3,691,900,000","3,462,800,000","3,475,300,000","3,187,600,000","3,377,200,000","3,059,500,000","3,578,400,000","3,868,100,000","3,949,600,000","3,432,700,000","3,181,500,000","2,580,400,000","2,411,300,000","1,977,800,000","1,914,400,000","1,723,700,000","1,758,800,000","1,582,900,000","1,437,900,000","1,561,100,000","2,341,900,000","3,113,500,000","3,202,200,000","3,079,300,000","2,775,500,000","2,998,400,000","2,970,700,000","3,338,900,000","3,955,700,000","3,364,900,000","3,353,900,000","3,226,800,000","2,931,900,000","2,842,500,000","2,876,400,000","2,689,700,000","2,591,000,000","2,378,900,000","2,255,200,000","2,043,500,000","1,801,700,000","1,695,900,000","1,656,400,000","1,577,100,000","1,567,500,000","1,623,900,000","1,500,000,000","1,255,800,000","1,274,500,000","1,255,900,000","1,275,200,000","1,267,000,000","1,473,800,000","1,462,100,000","1,758,200,000","1,898,300,000","1,713,400,000","1,823,700,000","1,842,600,000","1,755,800,000","1,698,100,000","1,571,600,000","1,559,000,000","1,478,400,000","1,413,500,000","1,402,100,000","1,366,700,000","1,255,000,000","955,400,000","908,400,000","897,400,000","895,000,000","867,000,000","992,300,000","1,040,300,000","978,700,000","864,100,000","971,400,000","934,900,000","866,200,000","687,700,000","776,000,000","744,200,000","668,300,000","629,800,000","599,900,000","499,200,000","520,800,000","519,500,000","494,100,000","442,300,000","430,300,000","582,200,000","540,700,000","543,200,000","561,900,000","683,500,000","700,000,000","721,600,000",,,,,,,,,,,,,,,
ReconciledDepreciation,"903,300,000","211,000,000","209,900,000","230,700,000","251,700,000","269,500,000","266,200,000","241,300,000","272,000,000","284,900,000","272,100,000","261,200,000","259,100,000","259,700,000","252,600,000","268,300,000","273,500,000","293,200,000","286,100,000","269,000,000","259,200,000","247,500,000","250,200,000","252,900,000","242,500,000","227,800,000","230,900,000","227,300,000","221,100,000","240,100,000","230,100,000","227,700,000","219,800,000","222,000,000","206,400,000","197,600,000","184,700,000","178,500,000","176,200,000","175,600,000","170,600,000","168,100,000","174,300,000","169,000,000","162,400,000","161,700,000","150,800,000","148,600,000","162,100,000","150,900,000","173,000,000","159,400,000","154,800,000","167,200,000","166,800,000","164,500,000","150,900,000","148,500,000","130,700,000","129,200,000","118,000,000","113,200,000","113,200,000","108,000,000","100,200,000","96,500,000","91,700,000","90,400,000","91,500,000","84,900,000","78,700,000","75,800,000","75,600,000",,,,,,,,,,,,,"60,400,000",,,,,,,,,,,,,,,,,,,,,,,,,,,,,,,,"12,000,000","11,900,000","11,800,000","11,500,000","12,300,000","12,200,000","12,000,000","12,700,000","14,800,000","12,900,000","12,200,000","11,900,000","13,100,000","13,600,000","13,000,000",,,,,,,,,,,,,,,
NetIncomeFromContinuingOperationNetMinorityInterest,"1,852,100,000","511,400,000","377,700,000","492,900,000","470,100,000","405,800,000","385,500,000","147,700,000","359,400,000","531,300,000","607,900,000","619,700,000","629,000,000","578,100,000","545,300,000","559,600,000","512,100,000","589,200,000","402,700,000","373,000,000","310,300,000","288,800,000","346,200,000","481,300,000","-594,600,000","347,200,000","431,200,000","447,200,000","378,400,000","394,300,000","371,400,000","319,200,000","273,900,000","334,200,000","309,400,000","291,600,000","236,100,000","253,500,000","233,600,000","297,200,000","327,300,000","327,700,000","281,600,000","239,700,000","193,300,000","169,800,000","119,900,000","99,600,000","68,300,000","46,100,000","13,000,000","26,500,000","26,300,000","113,100,000","299,000,000","313,500,000","292,300,000","261,100,000","302,300,000","298,300,000","365,600,000","380,500,000","403,600,000","369,900,000","342,000,000","312,900,000","304,800,000","241,500,000","274,000,000","241,400,000","246,700,000","236,500,000","182,200,000","159,100,000","132,500,000","124,100,000","110,800,000","122,200,000","128,900,000","73,700,000","47,200,000","50,400,000","39,400,000","39,500,000","44,300,000","62,700,000","93,100,000","131,100,000","154,900,000","179,900,000","144,700,000","139,500,000","119,500,000","114,900,000","96,600,000","104,900,000","100,400,000","132,700,000","82,500,000","71,500,000","57,900,000","62,500,000","51,100,000","51,700,000","35,700,000","65,100,000","68,300,000","65,100,000","54,300,000","57,100,000","53,200,000","50,600,000","43,600,000","45,500,000","36,500,000","32,800,000","27,400,000","25,100,000","18,200,000","11,100,000","10,800,000","19,100,000","17,000,000","8,600,000","-5,000,000","5,800,000","14,000,000","18,800,000","25,100,000","98,900,000","48,300,000","47,500,000",,,,,,,,,,,,,,,
TotalUnusualItemsExcludingGoodwill,"15,500,000","4,000,000","1,600,000","5,000,000","4,900,000","5,700,000","6,400,000","9,000,000","14,800,000","20,100,000","21,100,000","21,800,000","19,300,000","19,900,000","16,400,000","14,600,000","10,000,000","9,500,000","9,000,000","8,700,000","8,100,000","7,000,000","8,500,000","116,000,000","-936,900,000","5,200,000","6,200,000","5,300,000","5,100,000","5,300,000","5,700,000","5,500,000","5,800,000","6,800,000","7,300,000","8,000,000","6,500,000","8,200,000","7,800,000","8,200,000","8,900,000","9,300,000","11,000,000","9,900,000","8,000,000","6,800,000","5,500,000","4,300,000","4,500,000","4,500,000","23,200,000","52,600,000","8,000,000","-87,800,000","22,200,000","-1,800,000","24,700,000","-15,400,000","24,100,000","23,700,000","22,000,000","25,400,000","21,700,000","18,600,000","15,600,000","17,000,000","13,700,000","14,400,000","11,800,000","13,400,000","16,100,000","18,900,000","11,500,000","10,100,000","9,500,000","11,000,000","10,700,000","9,200,000","6,200,000","3,700,000","9,400,000","8,000,000","8,500,000","9,200,000","9,600,000","-7,700,000","11,800,000","11,100,000","10,800,000","43,300,000","13,000,000","6,400,000","8,500,000","7,900,000","9,600,000","11,500,000","17,500,000","68,500,000","10,200,000","6,100,000","10,800,000","15,100,000","9,700,000","11,900,000","6,700,000","17,100,000","8,300,000","8,100,000","12,400,000","14,300,000","6,800,000","6,300,000","2,400,000","9,700,000","6,500,000","6,400,000","45,200,000","6,600,000","8,800,000","10,600,000","12,800,000","18,900,000","15,900,000","14,700,000","12,800,000","5,900,000","12,700,000","12,000,000","13,200,000","83,500,000","11,800,000","14,000,000",,,,,,,,,,,,,,,
TotalUnusualItems,"15,500,000","4,000,000","1,600,000","5,000,000","4,900,000","5,700,000","6,400,000","9,000,000","14,800,000","20,100,000","21,100,000","21,800,000","19,300,000","19,900,000","16,400,000","14,600,000","10,000,000","9,500,000","9,000,000","8,700,000","8,100,000","7,000,000","8,500,000","116,000,000","-936,900,000","5,200,000","6,200,000","5,300,000","5,100,000","5,300,000","5,700,000","5,500,000","5,800,000","6,800,000","7,300,000","8,000,000","6,500,000","8,200,000","7,800,000","8,200,000","8,900,000","9,300,000","11,000,000","9,900,000","8,000,000","6,800,000","5,500,000","4,300,000","4,500,000","4,500,000","23,200,000","52,600,000","8,000,000","-87,800,000","22,200,000","-1,800,000","24,700,000","-15,400,000","24,100,000","23,700,000","22,000,000","25,400,000","21,700,000","18,600,000","15,600,000","17,000,000","13,700,000","14,400,000","11,800,000","13,400,000","16,100,000","18,900,000","11,500,000","10,100,000","9,500,000","11,000,000","10,700,000","9,200,000","6,200,000","3,700,000","9,400,000","8,000,000","8,500,000","9,200,000","9,600,000","-7,700,000","11,800,000","11,100,000","10,800,000","43,300,000","13,000,000","6,400,000","8,500,000","7,900,000","9,600,000","11,500,000","17,500,000","68,500,000","10,200,000","6,100,000","10,800,000","15,100,000","9,700,000","11,900,000","6,700,000","17,100,000","8,300,000","8,100,000","12,400,000","14,300,000","6,800,000","6,300,000","2,400,000","9,700,000","6,500,000","6,400,000","45,200,000","6,600,000","8,800,000","10,600,000","12,800,000","18,900,000","15,900,000","14,700,000","12,800,000","5,900,000","12,700,000","12,000,000","13,200,000","83,500,000","11,800,000","14,000,000",,,,,,,,,,,,,,,
NormalizedEBITDA,"3,178,300,000","823,000,000","678,800,000","840,500,000","896,100,000","771,400,000","730,300,000","387,800,000","691,500,000","990,900,000","995,900,000","1,022,200,000","1,029,600,000","954,000,000","881,200,000","942,300,000","904,200,000","881,000,000","853,100,000","792,100,000","689,600,000","659,800,000","729,700,000","669,600,000","1,686,800,000","717,700,000","847,900,000","870,200,000","777,100,000","808,700,000","774,600,000","696,800,000","616,100,000","694,200,000","635,100,000","614,100,000","510,400,000","376,700,000","554,700,000","653,400,000","680,400,000","679,200,000","606,600,000","558,400,000","491,200,000","443,600,000","374,900,000","351,300,000","314,900,000","305,900,000","238,800,000","225,500,000","383,900,000","704,200,000","766,500,000","828,400,000","729,800,000","760,900,000","708,900,000","693,300,000","589,300,000","201,100,000","789,800,000","758,100,000","570,100,000","637,100,000","637,700,000","619,000,000","581,100,000","537,900,000","481,800,000","472,300,000","402,300,000","285,300,000","244,500,000","231,700,000","214,500,000","226,100,000","252,100,000","174,600,000","112,900,000","120,600,000","107,500,000","118,700,000","128,900,000","241,600,000","182,400,000","245,900,000","289,000,000","261,100,000","260,700,000","261,200,000","221,000,000","214,800,000","182,600,000","188,100,000","166,500,000","114,500,000","150,300,000","140,200,000","107,700,000","101,000,000","98,900,000","96,000,000","80,300,000","108,000,000","115,700,000","122,700,000","91,700,000","93,200,000","102,300,000","97,000,000","85,200,000","70,100,000","66,700,000","56,400,000","-29,400,000","56,400,000","42,100,000","27,900,000","21,300,000","26,800,000","29,400,000","17,100,000","3,700,000","44,400,000","38,600,000","45,700,000","53,600,000","20,100,000","94,000,000","90,200,000","830,300,000","-2,060,600,000","803,500,000","752,200,000","714,300,000","-1,590,300,000","636,000,000","605,400,000","513,400,000","-1,237,900,000","433,200,000","426,900,000","438,300,000","-1,325,500,000","429,200,000"
TaxRateForCalcs,"0.221","0.214","0.218","0.226","0.226","0.222","0.213","0.197","0.222","0.228","0.218","0.239","0.232","0.232","0.185","0.222","0.235","0.025","0.308","0.308","0.308","0.311","0.3","0.255","0.4","0.304","0.31","0.314","0.326","0.317","0.328","0.336","0.326","0.311","0.297","0.326","0.3","0.292","0.324","0.334","0.317","0.307","0.287","0.321","0.325","0.289","0.322","0.33","0.289","0.35","0.226","0.05","0.281","0.004","0.302","0.297","0.31","0.297","0.289","0.306","0.32","0.316","0.292","0.325","0.317","0.304","0.33","0.4","0.342","0.342","0.315","0.348","0.346","0.337","0.345","0.351","0.357","0.342","0.37","0.357","0.32","0.32","0.326","0.308","0.325","0.332","0.25","0.358","0.362","0.377","0.365","0.364","0.362","0.361","0.364","0.361","0.361","0.36","0.355","0.355","0.347","0.333","0.368","0.373","0.36","0.373","0.373","0.371","0.347","0.365","0.361","0.359","0.359","0.341","0.392","0.34","0.333","0.316","0.318","0.27","0.169","0.293","0.241","0.131","0.4","0.4","0.303","0.296","0.331","0.334","0.333","0.332",,,,,,,,,,,,,,,
TaxEffectOfUnusualItems,"3,425,500","857,757.296","348,800","1,130,000","1,107,400","1,267,152.166","1,363,200","1,773,000","3,285,600","4,573,495.202","4,599,800","5,210,200","4,477,600","4,610,007.974","3,034,000","3,241,200","2,350,000","237,382.095","2,772,000","2,679,600","2,494,800","2,174,027.214","2,550,000","29,580,000","-374,760,000","1,579,707.239","1,922,000","1,664,200","1,662,600","1,682,568.807","1,869,600","1,848,000","1,890,800","2,113,342.957","2,168,100","2,608,000","1,950,000","2,396,817.42","2,524,724.957","2,739,457.764","2,818,643.006","2,852,760.736","3,152,014.188","3,181,342.016","2,598,672.721","1,966,848.054","1,770,079.186","1,417,900.404","1,298,437.5","1,575,000","5,247,619.048","2,639,426.523","2,251,366.12","-346,809.276","6,712,832.478","-534,753.363","7,656,067.044","-4,573,559.505","6,961,844.272","7,262,636.596","7,041,472.94","8,017,446.043","6,345,652.174","6,049,580.445","4,944,517.675","5,174,077.368","4,522,505.495","5,760,000","4,029,752.463","4,576,322.968","5,079,273.03","6,572,779.923","3,979,181.622","3,398,957.465","3,277,805.24","3,856,619.571","3,819,210.679","3,142,672.414","2,292,029.34","1,320,506.108","3,006,916.427","2,558,704.453","2,775,213.675","2,835,726.795","3,117,073.171","-2,552,985.075","2,954,750.403","3,977,092.511","3,909,884.679","16,327,458.449","4,742,317.823","2,327,007.299","3,079,775.88","2,854,363.535","3,494,930.876","4,153,166.87","6,316,040.738","24,629,584.942","3,625,781.25","2,163,628.159","3,750,169.109","5,027,961.58","3,565,470.297","4,442,666.667","2,413,440.86","6,385,755.534","3,099,174.312","3,005,217.391","4,307,211.538","5,217,352.614","2,457,142.857","2,259,695.817","861,176.471","3,303,623.188","2,545,833.333","2,176,257.545","15,066,666.667","2,086,103.542","2,801,498.127","2,859,210.526","2,166,153.846","5,530,000","3,833,035.714","1,930,303.03","5,120,000","2,360,000","3,854,228.856","3,550,561.798","4,364,800","27,926,985.195","3,927,900.552","4,646,976.09",,,,,,,,,,,,,,,