name,ttm,12/31/2021,09/30/2021,06/30/2021,03/31/2021,12/31/2020,09/30/2020,06/30/2020,03/31/2020,12/31/2019,09/30/2019,06/30/2019,03/31/2019,12/31/2018,09/30/2018,06/30/2018,03/31/2018,12/31/2017,09/30/2017,06/30/2017,03/31/2017,12/31/2016,09/30/2016,06/30/2016,03/31/2016,12/31/2015,09/30/2015,06/30/2015,03/31/2015,12/31/2014,09/30/2014,06/30/2014,03/31/2014,12/31/2013,09/30/2013,06/30/2013,03/31/2013,12/31/2012,09/30/2012,06/30/2012,03/31/2012,12/31/2011,09/30/2011,06/30/2011,03/31/2011,12/31/2010,09/30/2010,06/30/2010,03/31/2010,12/31/2009,09/30/2009,06/30/2009,03/31/2009,12/31/2008,09/30/2008,06/30/2008,03/31/2008,12/31/2007,09/30/2007,06/30/2007,03/31/2007,12/31/2006,09/30/2006,06/30/2006,03/31/2006,12/31/2005,09/30/2005,06/30/2005,03/31/2005,12/31/2004,09/30/2004,06/30/2004,03/31/2004,12/31/2003,09/30/2003,06/30/2003,03/31/2003,12/31/2002,09/30/2002,06/30/2002,03/31/2002,12/31/2001,09/30/2001,06/30/2001,03/31/2001,12/31/2000,09/30/2000,06/30/2000,03/31/2000,12/31/1999,09/30/1999,06/30/1999,03/31/1999,12/31/1998,09/30/1998,06/30/1998,03/31/1998,12/31/1997,09/30/1997,06/30/1997,03/31/1997,12/31/1996,09/30/1996,06/30/1996,03/31/1996,12/31/1995,09/30/1995,06/30/1995,03/31/1995,12/31/1994,09/30/1994,06/30/1994,03/31/1994,12/31/1993,09/30/1993,06/30/1993,03/31/1993,12/31/1992,09/30/1992,06/30/1992,03/31/1992,12/31/1991,09/30/1991,06/30/1991,03/31/1991,12/31/1990,09/30/1990,06/30/1990,03/31/1990,12/31/1989,09/30/1989,06/30/1989,03/31/1989,12/31/1988,09/30/1988,06/30/1988,03/31/1988,12/31/1987,09/30/1987,06/30/1987,03/31/1987,12/31/1986,09/30/1986,06/30/1986,03/31/1986,12/31/1985,09/30/1985
TotalRevenue,"1,896,184,000","483,205,000","481,465,000","476,238,000","455,276,000","-126,454,000","597,739,000","588,440,000","585,150,000","531,691,000","537,971,000","491,567,000","436,154,000","441,919,000","456,022,000","469,551,000","479,197,000","443,259,000","454,023,000","458,928,000","492,168,000","172,238,000","654,270,000","662,176,000","640,782,000","668,036,000","657,953,000","607,532,000","610,791,000","603,528,000","596,638,000","536,121,000","529,992,000","536,586,000","543,958,000","516,284,000","516,269,000","507,516,000","475,482,000","464,439,000","459,011,000","460,303,000","444,672,000","488,706,000","331,705,000","341,073,000","317,149,000","303,019,000","295,914,000","383,427,000","255,329,000","267,336,000","251,615,000","258,385,000","269,938,000","251,372,000","252,177,000","217,661,000","284,249,000","242,747,000","250,448,000","205,299,000","139,597,000","140,082,000","141,695,000","126,236,000","124,392,000","118,542,000","108,396,000","113,783,000","111,226,000","107,186,000","98,092,000","108,242,000","102,957,000","98,405,000","92,056,000","97,124,000","92,672,000","89,259,000","80,769,000","85,508,000","84,137,000","84,450,000","78,365,000","83,178,000","82,281,000","82,096,000","82,252,000","60,893,000","62,400,000","52,000,000","49,600,000","38,349,000","48,400,000","38,500,000","36,300,000","31,503,000","32,300,000","31,800,000","33,000,000","30,993,000","29,800,000","30,600,000","29,000,000","26,796,000","26,200,000","25,800,000","26,800,000","25,596,000","24,500,000","25,400,000","23,600,000","24,800,000","22,400,000","22,600,000","22,700,000","21,600,000","20,800,000","21,000,000","20,300,000","18,600,000","19,400,000","21,000,000","20,300,000","18,900,000","18,300,000","17,600,000","17,300,000","16,800,000","15,800,000","14,900,000","11,200,000","14,700,000","13,000,000","14,900,000","10,600,000","10,500,000","10,100,000","9,600,000","9,500,000","9,400,000","7,500,000","6,400,000","5,500,000","3,400,000","5,500,000"
	OperatingRevenue,"1,896,184,000","483,205,000","481,465,000","476,238,000","455,276,000","-126,454,000","597,739,000","588,440,000","585,150,000","531,691,000","537,971,000","491,567,000","436,154,000","558,903,000","414,996,000","430,767,000","442,023,000","406,557,000","417,163,000","423,669,000","458,493,000","138,820,000","619,075,000","628,165,000","608,954,000","635,406,000","624,415,000","575,698,000","580,435,000","574,238,000","566,868,000","508,567,000","504,109,000","510,831,000","517,508,000","490,639,000","491,623,000","410,963,000","475,482,000","464,439,000","459,011,000","460,303,000","444,672,000","488,706,000","331,705,000","341,073,000","317,149,000","303,019,000","260,648,000","259,281,000","255,329,000","267,336,000","251,615,000","363,886,000","235,155,000","217,073,000","214,754,000","203,762,000","285,491,000","254,190,000","251,662,000","205,299,000","139,597,000","140,082,000","141,695,000","126,236,000","124,392,000","118,542,000","108,396,000","113,783,000","111,226,000","107,186,000","98,092,000","108,242,000","102,957,000","98,405,000","92,056,000","97,124,000","92,672,000","89,259,000","80,769,000","86,445,000","84,674,000","84,982,000","77,591,000","90,800,000","82,702,000","85,125,000","82,252,000","71,200,000","62,400,000","52,000,000","49,600,000","38,349,000","48,400,000","38,500,000","36,300,000","33,500,000","32,300,000","31,800,000","33,000,000","31,000,000","29,800,000","30,600,000","29,000,000","26,800,000","26,200,000","25,800,000","26,800,000","25,600,000","24,500,000","25,400,000","23,600,000","24,800,000","22,400,000","22,600,000","22,700,000","21,600,000","20,800,000","21,000,000","20,300,000","18,600,000","19,400,000","21,000,000","20,300,000","18,900,000","18,300,000","17,600,000","17,300,000","16,800,000","15,800,000","14,900,000","11,200,000","14,700,000","13,000,000","14,900,000","10,600,000","10,500,000","10,100,000","9,600,000","9,500,000","9,400,000","7,500,000","6,400,000","5,500,000","3,400,000","5,500,000"
CostOfRevenue,"773,279,000","199,247,000","202,139,000","190,132,000","181,761,000","-223,605,000","314,292,000","315,841,000","376,013,000","248,381,000","248,069,000","213,993,000","168,927,000","177,413,000","181,207,000","173,866,000","172,552,000","198,669,000","155,338,000","153,163,000","159,081,000","192,572,000","188,747,000","180,125,000","176,955,000","172,487,000","173,515,000","136,342,000","132,031,000","130,430,000","99,599,000","78,867,000","75,707,000","73,300,000","76,569,000","74,814,000","73,605,000","73,915,000","72,667,000","70,087,000","67,349,000","69,033,000","57,672,000","46,621,000","46,846,000","58,248,000","60,461,000","45,451,000","46,117,000","46,086,000","46,173,000","45,205,000","47,676,000","46,126,000","49,846,000","47,580,000","51,428,000","52,886,000","52,582,000","38,949,000","42,401,000","32,400,000","20,105,000","19,118,000","17,564,000","16,861,000","13,387,000","15,419,000","13,344,000","13,904,000","10,581,000","10,192,000",,"11,855,000","9,331,000","8,700,000",,"9,216,000","8,619,000","7,500,000",,"7,947,000","7,598,000","7,321,000",,"7,085,000","7,201,000","6,753,000",,,,,,,,,,,,,,,,,,,,,,,,"600,000",,,,,,,,,,,,,,,,,,,,,,,,,,,,,,,,,,,
GrossProfit,"1,122,905,000","283,958,000","279,326,000","286,106,000","273,515,000","97,151,000","283,447,000","272,599,000","209,137,000","283,310,000","289,902,000","277,574,000","267,227,000","264,506,000","274,815,000","295,685,000","306,645,000","244,590,000","298,685,000","305,765,000","333,087,000","-20,334,000","465,523,000","482,051,000","463,827,000","495,549,000","484,438,000","471,190,000","478,760,000","473,098,000","497,039,000","457,254,000","454,285,000","463,286,000","467,389,000","441,470,000","442,664,000","433,601,000","402,815,000","394,352,000","391,662,000","391,270,000","387,000,000","442,085,000","284,859,000","282,825,000","256,688,000","257,568,000","249,797,000","337,341,000","209,156,000","222,131,000","203,939,000","212,259,000","220,092,000","203,792,000","200,749,000","164,775,000","231,667,000","203,798,000","208,047,000","172,899,000","119,492,000","120,964,000","124,131,000","109,375,000","111,005,000","103,123,000","95,052,000","99,879,000","100,645,000","96,994,000",,"96,387,000","93,626,000","89,705,000",,"87,908,000","84,053,000","81,759,000",,"77,561,000","76,539,000","77,129,000",,"76,093,000","75,080,000","75,343,000",,,,,,,,,,,,,,,,,,,,,,,,"24,800,000",,,,,,,,,,,,,,,,,,,,,,,,,,,,,,,,,,,
OperatingExpense,"782,589,000","204,157,000","200,445,000","195,547,000","182,440,000","38,062,000","195,291,000","202,208,000","211,625,000","212,319,000","194,914,000","192,416,000","153,306,000","152,269,000","155,701,000","165,806,000","172,425,000","158,318,000","154,111,000","152,037,000","159,032,000","163,058,000","177,661,000","164,179,000","166,821,000","163,026,000","155,238,000","149,248,000","139,295,000","123,264,000","147,929,000","142,195,000","128,782,000","125,035,000","150,282,000","134,759,000","125,461,000","124,304,000","108,129,000","102,736,000","108,343,000","106,484,000","108,204,000","124,924,000","113,372,000","107,853,000","97,924,000","98,438,000","103,071,000","94,116,000","207,134,000","100,538,000","99,528,000","99,485,000","95,200,000","97,148,000","99,814,000","94,420,000","90,811,000","78,726,000","84,626,000","72,684,000","40,517,000","44,983,000","39,421,000","36,947,000","34,932,000","36,080,000","31,068,000","36,809,000","32,545,000","29,470,000","80,977,000","29,045,000","25,045,000","25,268,000","55,794,000","34,647,000","23,638,000","23,125,000","47,144,000","21,289,000","32,443,000","21,610,000","50,230,000","21,793,000","22,731,000","20,667,000","49,262,000","109,144,000","-17,600,000","-17,400,000","-16,400,000","74,389,000","-12,300,000","-10,800,000","-10,100,000","86,657,000","-8,400,000","-8,200,000","-8,000,000","78,376,000","-7,500,000","-7,500,000","-7,100,000","64,501,000","-6,100,000","-6,500,000","-6,600,000","64,334,000","-6,200,000","5,600,000","-6,400,000","-8,300,000","-5,300,000","-6,500,000","-6,400,000","-6,700,000","-5,900,000","-6,200,000","-6,100,000","-11,200,000","-5,600,000","-6,100,000","-5,600,000","-5,400,000","-4,900,000","-4,500,000","-4,700,000","-4,700,000","-5,900,000","-3,900,000",,,,,,,,,,,,,,,
	SellingGeneralAndAdministration,"98,303,000","26,043,000","23,270,000","24,088,000","24,902,000","25,507,000","21,661,000","23,720,000","22,349,000","21,521,000","22,970,000","27,120,000","21,355,000","21,510,000","23,503,000","22,514,000","29,175,000","21,485,000","23,523,000","21,286,000","22,478,000","20,532,000","34,787,000","22,793,000","25,499,000","21,870,000","20,534,000","28,845,000","24,773,000","6,765,000","24,954,000","29,062,000","21,394,000","19,153,000","45,423,000","24,073,000","20,744,000","25,098,000","19,443,000","14,812,000","20,102,000","19,678,000","19,648,000","34,872,000","21,952,000","18,009,000","19,590,000","20,526,000","24,924,000","16,851,000","124,833,000","20,932,000","18,991,000","18,773,000","17,541,000","18,840,000","20,538,000","15,487,000","16,558,000","18,292,000","20,593,000","22,152,000","8,280,000","8,434,000","8,742,000","8,620,000","7,301,000","8,827,000","7,297,000","10,681,000","9,657,000","8,394,000","7,302,000","8,311,000","5,507,000","5,680,000","5,242,000","5,595,000","4,253,000","4,477,000","4,199,000","3,253,000","3,221,000","3,509,000","3,256,000","3,257,000","3,270,000","3,220,000","3,519,000",,,,,,,,,,,,,,,,,,,,,,,"1,200,000",,,"500,000",,,,,,,,"1,300,000","1,900,000","2,000,000","2,300,000","1,800,000","2,000,000","1,900,000","1,600,000","1,600,000","2,000,000",,,,,,,,,,,,,,,
		GeneralAndAdministrativeExpense,"98,303,000","26,043,000","23,270,000","24,088,000","24,902,000","25,507,000","21,661,000","23,720,000","22,349,000","21,521,000","22,970,000","27,120,000","21,355,000","21,510,000","23,503,000","22,514,000","29,175,000","21,485,000","23,523,000","21,286,000","22,478,000","20,532,000","34,787,000","22,793,000","25,499,000","21,870,000","20,534,000","28,845,000","24,773,000","6,765,000","24,954,000","29,062,000","21,394,000","19,153,000","45,423,000","24,073,000","20,744,000","25,120,000",,,,,,,,,,,,"16,851,000","124,833,000",,,,,,,"15,487,000","16,558,000","18,292,000","20,593,000","22,152,000","8,280,000","8,434,000","8,742,000","8,620,000","7,301,000","8,827,000","7,297,000","10,681,000","9,657,000","8,394,000","7,302,000",,"5,507,000","5,680,000","5,242,000",,"4,253,000","4,477,000",,,"3,221,000","3,509,000",,,"3,270,000","3,220,000",,,,,,,,,,,,,,,,,,,,,,,,,,,"500,000",,,,,,,,"1,300,000","1,900,000","2,000,000","2,300,000","1,800,000","2,000,000","1,900,000","1,600,000","1,600,000","2,000,000",,,,,,,,,,,,,,,
			SalariesAndWages,,,,,,,,,,,,,,,,,,,,,,,,,,,,,,,,,,,,,,,,,,,,,,,,,,,,,,,,,,"15,487,000","16,558,000","18,292,000","20,593,000","22,152,000","8,280,000","8,434,000","8,742,000","8,620,000","7,301,000","8,827,000","7,297,000","10,681,000","9,657,000","8,394,000","7,302,000",,"5,507,000","5,680,000","5,242,000",,"4,253,000","4,477,000",,,"3,221,000","3,509,000",,,"3,270,000","3,220,000",,,,,,,,,,,,,,,,,,,,,,,,,,,"500,000",,,,,,,,"1,300,000","1,900,000","2,000,000","2,300,000","1,800,000","2,000,000","1,900,000","1,600,000","1,600,000","2,000,000",,,,,,,,,,,,,,,
			InsuranceAndClaims,,,,,,,,,,,,,,,,,,,,,,,,,,,,,,,,,,,,,,,,,,,,,,,,,,"0","101,973,000",,,,,,,,,,,,,,,,,,,,,,,,,,,,,,,,,,,,,,,,,,,,,,,,,,,,,,,,,,,,,,,,,,,,,,,,,,,,,,,,,,,,,,,,,,,,,,,,
			OtherGandA,"98,303,000","26,043,000","23,270,000","24,088,000","24,902,000","25,507,000","21,661,000","23,720,000","22,349,000","21,521,000","22,970,000","27,120,000","21,355,000","21,510,000","23,503,000","22,514,000","29,175,000","21,485,000","23,523,000","21,286,000","22,478,000","20,532,000","34,787,000","22,793,000","25,499,000","21,870,000","20,534,000","28,845,000","24,773,000","6,765,000","24,954,000","29,062,000","21,394,000","19,153,000","45,423,000","24,073,000","20,744,000","25,120,000",,,,,,,,,,,,"16,851,000","22,860,000",,,,,,,,,,,,,,,,,,,,,,,,,,,,,,,,,,,,,,,,,,,,,,,,,,,,,,,,,,,,,,,,,,,,,,,,,,,,,,,,,,,,,,,,,,,,,,,,
	DepreciationAmortizationDepletionIncomeStatement,"684,286,000","178,114,000","177,175,000","171,459,000","157,538,000","12,555,000","173,630,000","178,488,000","189,276,000","190,798,000","171,944,000","165,296,000","131,951,000","130,759,000","132,198,000","143,292,000","143,250,000","136,833,000","130,588,000","130,751,000","136,554,000","142,526,000","142,874,000","141,386,000","141,322,000","141,156,000","134,704,000","120,403,000","114,522,000","116,499,000","122,975,000","113,133,000","107,388,000","105,882,000","104,859,000","110,686,000","104,717,000","99,206,000","88,686,000","87,924,000","88,241,000","86,806,000","88,556,000","90,052,000","91,420,000","77,944,000","78,334,000","77,912,000","78,147,000","77,265,000","82,301,000","79,606,000","80,537,000","80,712,000","77,659,000","78,308,000","79,276,000","78,933,000","74,253,000","60,434,000","64,033,000","50,532,000","32,237,000","31,838,000","30,679,000","28,327,000","27,631,000","27,253,000","23,771,000","22,942,000","22,888,000","21,076,000","20,584,000","20,734,000","19,538,000","19,588,000","19,549,000","19,852,000","19,385,000","18,648,000","17,934,000","18,036,000","29,222,000","18,101,000","18,739,000","20,536,000","17,461,000","17,447,000","17,146,000",,,,,,,,,,,,,,,,,,,,,,,"4,400,000",,,,,,,,,,,,,,,,,,,,,,,,,,,,,,,,,,,
		DepreciationAndAmortizationInIncomeStatement,"684,286,000","178,114,000","177,175,000","171,459,000","157,538,000","12,555,000","173,630,000","178,488,000","189,276,000","190,798,000","171,944,000","165,296,000","131,951,000","130,759,000","132,198,000","143,292,000","143,250,000","136,833,000","130,588,000","130,751,000","136,554,000","142,526,000","142,874,000","141,386,000","141,322,000","141,156,000","134,704,000","120,403,000","114,522,000","116,499,000","122,975,000","113,133,000","107,388,000","105,882,000","104,859,000","110,686,000","104,717,000","99,206,000","88,686,000","87,924,000","88,241,000","86,806,000","88,556,000","90,052,000","91,420,000","77,944,000","78,334,000","77,912,000","78,147,000","77,265,000","82,301,000","79,606,000","80,537,000","80,712,000","77,659,000","78,308,000","79,276,000","78,933,000","74,253,000","60,434,000","64,033,000","50,532,000","32,237,000","31,838,000","30,679,000","28,327,000","27,631,000","27,253,000","23,771,000","22,942,000","22,888,000","21,076,000","20,584,000","20,734,000","19,538,000","19,588,000","19,549,000","19,852,000","19,385,000","18,648,000","17,934,000","18,036,000","29,222,000","18,101,000","18,739,000","20,536,000","17,461,000","17,447,000","17,146,000",,,,,,,,,,,,,,,,,,,,,,,"4,400,000",,,,,,,,,,,,,,,,,,,,,,,,,,,,,,,,,,,
			DepreciationIncomeStatement,,,,,,,,,,,,,,,,,,,,,,,,,,,,,,,,,,,,,,,,,,,,,,,,,,,,,,,,,,,,,,,,,,,,,,,,,"20,584,000",,"19,538,000","19,588,000","19,549,000","19,852,000","19,385,000","18,648,000","17,934,000",,,,,,,,,,,,,,,,,,,,,,,,,,,,,,,"4,400,000",,,,,,,,,,,,,,,,,,,,,,,,,,,,,,,,,,,
	OtherTaxes,,,,,,,,,,,,,,,,,,,,,,,,,,,,,,,,,,,,,,,,,,,,,,,,,,,,,,,,,,,"-143,393,000","-117,675,000","-127,027,000","-105,084,000","-60,622,000","-64,101,000","-56,985,000","-53,808,000","-48,319,000","-51,499,000","-44,412,000","-50,713,000","-43,126,000","-39,662,000","-36,935,000","-40,900,000","-34,376,000","-33,968,000","-33,794,000","-43,863,000","-32,257,000","-30,625,000","-29,608,000","-29,236,000","-40,041,000","-28,931,000","-29,234,000","-28,878,000","-29,932,000","-27,420,000","-27,364,000","-24,400,000","-17,600,000","-17,400,000","-16,400,000",,"-12,300,000","-10,800,000","-10,100,000","-8,900,000","-8,400,000","-8,200,000","-8,000,000","-8,000,000","-7,500,000","-7,500,000","-7,100,000","-6,700,000","-6,100,000","-6,500,000","-6,600,000","-6,400,000","-6,200,000",,"-6,400,000","-6,500,000","-5,800,000","-6,500,000","-6,400,000","-6,700,000","-5,900,000","-6,200,000","-6,100,000","-6,000,000","-6,900,000","-8,000,000","-7,600,000","-7,700,000","-6,700,000","-6,500,000","-6,600,000","-6,300,000","-7,500,000","-5,900,000",,,,,,,,,,,,,,,
	OtherOperatingExpenses,"8,743,000",,,,,,"2,586,000","627,000","14,848,000","1,569,000","1,319,000","1,337,000","4,518,000","1,684,000","4,489,000","2,404,000","2,195,000","5,459,000",,,,,,,,,,,,,,,,,,,,,,,,,,,,,,,,,,,,,,,,,"143,393,000","117,675,000","127,027,000","105,084,000","60,622,000","68,812,000","56,985,000","53,808,000","48,319,000","51,499,000","44,412,000","53,899,000","43,126,000","39,662,000","90,026,000","40,900,000","34,376,000","33,968,000","64,797,000","53,063,000","32,257,000","30,625,000","54,619,000","29,236,000","40,041,000","28,931,000","57,469,000","26,878,000","31,932,000","27,420,000","55,961,000",,,,,,,,,,,,,,,,,,,,,,,,,,,,,,,,,,,,,,,,,,,,,,,,,,,,,,,,,,
OperatingIncome,"340,316,000","79,801,000","78,881,000","90,559,000","91,075,000","59,089,000","88,156,000","70,391,000","-2,488,000","70,991,000","94,988,000","85,158,000","113,921,000","112,237,000","119,114,000","129,879,000","134,220,000","86,272,000","144,574,000","153,728,000","174,055,000","-183,392,000","287,862,000","317,872,000","297,006,000","332,523,000","329,200,000","321,942,000","339,465,000","349,834,000","349,110,000","315,059,000","325,503,000","338,251,000","317,107,000","306,711,000","317,203,000","309,297,000","294,686,000","291,616,000","283,319,000","284,786,000","278,796,000","317,161,000","171,487,000","174,972,000","158,764,000","159,130,000","146,726,000","243,225,000","2,022,000","121,593,000","104,411,000","112,774,000","124,892,000","106,644,000","100,935,000","70,355,000","140,856,000","125,072,000","123,421,000","100,215,000","78,975,000","75,981,000","84,710,000","72,428,000","76,073,000","67,043,000","63,984,000","63,070,000","68,100,000","67,524,000","17,115,000","67,342,000","68,581,000","64,437,000","36,262,000","53,261,000","60,415,000","58,634,000","33,625,000","56,272,000","44,096,000","55,519,000","28,135,000","54,300,000","52,349,000","54,676,000","32,990,000","-66,201,000","80,000,000","69,400,000","66,000,000","-41,093,000","60,700,000","49,300,000","46,400,000","-55,154,000","40,700,000","40,000,000","41,000,000","-47,383,000","37,300,000","38,100,000","36,100,000","-37,705,000","32,300,000","32,300,000","33,400,000","-38,738,000","30,700,000","19,200,000","30,000,000","33,100,000","27,700,000","29,100,000","29,100,000","28,300,000","26,700,000","27,200,000","26,400,000","29,800,000","25,000,000","27,100,000","25,900,000","24,300,000","23,200,000","22,100,000","22,000,000","21,500,000","21,700,000","18,800,000","11,200,000","36,500,000","13,000,000","14,900,000","10,600,000","22,600,000","10,100,000","9,600,000","9,500,000","18,100,000","7,500,000","6,400,000","5,500,000","6,200,000","5,500,000"
NetNonOperatingInterestIncomeExpense,"-157,980,000","-36,551,000","-35,905,000","-38,681,000","-46,843,000","-46,175,000","-56,235,000","-57,550,000","-58,376,000","-58,120,000","-61,230,000","-56,942,000","-49,327,000","-54,717,000","-63,486,000","-73,038,000","-75,102,000","-71,882,000","-71,328,000","-77,788,000","-86,718,000","-103,148,000","-117,860,000","-121,333,000","-122,062,000","-122,027,000","-122,157,000","-118,632,000","-116,780,000","-114,987,000","-111,275,000","-106,842,000","-106,638,000","-109,158,000","-108,088,000","-108,716,000","-109,351,000","-107,255,000","-103,513,000","-103,225,000","-104,568,000","-101,434,000","-104,198,000","-105,129,000","-108,576,000","-176,351,000","-35,018,000","-72,747,000","-40,690,000","-41,725,000","-34,077,000","-46,608,000","-52,341,000","-54,974,000","-20,937,000","-54,770,000","-157,414,000",,,,,,,,,,,,,,,,,,,,,,,,,,,,,,,,,,,,,,,,,,,,,,,,,,,,,,,,,,,,,,,,,,,,,,,,,,,,,,,,,,,,,,,,,,
	InterestIncomeNonOperating,"9,844,000",,,,,,,,,"2,976,000","2,741,000","2,414,000","1,713,000","1,358,000","1,236,000","1,447,000","6,365,000","5,263,000","11,774,000","20,869,000","18,331,000","17,510,000","20,482,000","32,787,000","18,029,000","23,135,000","19,842,000","35,945,000","33,262,000","23,341,000","17,517,000","16,937,000","16,696,000","17,548,000","42,078,000","14,147,000","12,386,000","12,223,000",,,,,,,,,"36,582,000","36,156,000","35,266,000","31,119,000","39,962,000","28,732,000","24,333,000","28,374,000","62,312,000","30,739,000","35,326,000",,,,,,,,,,,,,,,,,,,,,,,,,,,,,,,,,,,,,,,,,,,,,,,,,,,,,,,,,,,,,,,,,,,,,,,,,,,,,,,,,,,,,,,,,,
	InterestExpenseNonOperating,"157,980,000","36,551,000","35,905,000","38,681,000","46,843,000","46,175,000","56,235,000","57,550,000","58,376,000","58,120,000","61,230,000","56,942,000","49,327,000","54,717,000","63,486,000","73,038,000","75,102,000","71,882,000","71,328,000","77,788,000","86,718,000","103,148,000","117,860,000","121,333,000","122,062,000","122,027,000","122,157,000","118,632,000","116,780,000","114,987,000","111,275,000","106,842,000","106,638,000","109,158,000","108,088,000","108,716,000","109,351,000","107,255,000","103,513,000","103,225,000","104,568,000","101,434,000","104,198,000","105,129,000","108,576,000","68,347,000","71,600,000","72,747,000","75,956,000","72,844,000","74,039,000","75,340,000","76,674,000","83,348,000","83,249,000","85,509,000","192,740,000",,,,,,,,,,,,,,,,,,,,,,,,,,,,,,,,,,,,,,,,,,,,,,,,,,,,,,,,,,,,,,,,,,,,,,,,,,,,,,,,,,,,,,,,,,
	TotalOtherFinanceCost,"-37,481,000",,,,,,,,,"-4,177,000","-9,590,000","-10,190,000","-13,524,000","-13,945,000","-13,573,000","-13,490,000","-13,266,000","-13,701,000","-13,240,000","-13,564,000","-13,712,000","331,151,000","-130,663,000","-132,100,000","-127,968,000","-154,859,000","-155,717,000","-156,181,000","-167,078,000","-167,346,000","-165,687,000","-165,500,000","-164,537,000","-164,472,000","-157,253,000","-158,286,000","-156,870,000","-156,728,000",,,,,,,,,,,,,,,,,,,,,,,,,,,,,,,,,,,,,,,,,,,,,,,,,,,,,,,,,,,,,,,,,,,,,,,,,,,,,,,,,,,,,,,,,,,,,,,,,,,,,,,,,,,,,
OtherIncomeExpense,"-53,969,000","-17,747,000","15,353,000","114,557,000","-166,132,000","-105,568,000","-47,848,000","51,948,000","322,339,000","27,422,000","-74,684,000","-38,554,000","-2,199,000","776,080,000","43,280,000","31,534,000","-21,787,000","-65,347,000","-85,509,000","-57,066,000","367,409,000","22,348,000","-16,123,000","107,367,000","-1,253,000","-812,240,000","-72,149,000","-52,126,000","-473,866,000","-12,076,000","3,111,000","709,000","1,930,000","1,329,000","1,584,000","3,240,000","12,012,000","543,000","-7,108,000","1,028,000","436,000","-129,720,000","-16,172,000","7,518,000","10,312,000","20,568,000","6,657,000","224,000","12,256,000","-46,545,000","-15,123,000","-5,906,000",,"-11,235,000","-3,710,000","-9,715,000",,,,"20,282,000",,"-490,000",,,,,,,,,"-5,680,000","-1,216,000",,,,,,,,,,"937,000","537,000","532,000","-774,000","5,622,000","421,000","3,029,000","684,000","0","10,200,000","200,000",,,"6,200,000","500,000",,,,,,,,,,,,,,,,,,,,,,,,,,,,,,,,,,,,,,,,,,,,,,,,,,,
	GainOnSaleOfSecurity,"190,590,000","717,000","14,635,000","175,238,000",,"-157,531,000","149,000","82,863,000","164,869,000","4,192,000","-784,000","11,448,000","8,044,000","763,774,000","95,332,000","46,064,000","20,815,000","33,789,000","5,182,000","412,000","317,258,000","45,093,000","-9,000","119,614,000",,"0","52,000","61,000","6,264,000",,,,,,,,,,,,,,,,,,,,,,,,,,,,,,,"10,141,000",,,,,,,,,,,,,,,,,,,,,,"937,000","537,000","532,000","-774,000","7,622,000","421,000","3,029,000",,"0","10,200,000","200,000",,,"6,200,000","500,000",,,,,,,,,,,,,,,,,,,,,,,,,,,,,,,,,,,,,,,,,,,,,,,,,,,
	SpecialIncomeCharges,"-250,825,000","-19,126,000","-952,000","-62,415,000","-168,332,000","54,533,000","-55,057,000","-50,501,000","-53,138,000","-134,065,000","-74,593,000","-71,010,000","-13,376,000","-38,027,000","-53,656,000","-16,316,000","-2,195,000","-89,833,000","-80,135,000","-57,549,000","-1,057,000","-21,271,000","-17,568,000","-14,527,000","-2,475,000","-814,891,000","-71,175,000","-63,242,000","-481,854,000",,,,,"0","0",,,"-2,233,000","-7,108,000","1,028,000","436,000","-129,720,000","-16,172,000","7,518,000","10,312,000","20,568,000","6,657,000","224,000","12,256,000","-46,545,000","-15,123,000","-5,906,000","0","-11,235,000","-3,710,000","-9,715,000",,,,"10,141,000",,"-490,000",,,,,,,,,"-5,680,000","-1,216,000",,,,,,,,,,,,,,,,,"684,000",,,,,,,,,,,,,,,,,,,,,,,,,,,,,,,,,,,,,,,,,,,,,,,,,,,,,,,,,,
		RestructuringAndMergernAcquisition,"1,841,000","424,000","0","619,000","798,000","281,000","2,586,000","627,000","14,848,000","1,569,000","1,319,000","1,337,000","4,518,000","1,684,000","4,489,000","2,404,000","2,195,000","5,459,000","580,000","867,000","1,057,000","-24,749,000","17,568,000","14,527,000","2,475,000","3,959,000","1,553,000","18,407,000","3,390,000",,,,,,,,,,,,,,,,,,,,,,,,,,,,,,,,,,,,,,,,,,,,,,,,,,,,,,,,,,,,,,,,,,,,,,,,,,,,,,,,,,,,,,,,,,,,,,,,,,,,,,,,,,,,,,,,,,,,,,
		ImpairmentOfCapitalAssets,"225,937,000",,,,,,"34,550,000","24,050,000","39,123,000","110,284,000","38,257,000","68,538,000","8,858,000","36,080,000","5,268,000","13,912,000",,"84,374,000","25,328,000","56,682,000",,"0",,,,"810,932,000","69,622,000","44,835,000","478,464,000",,,,,"0","0",,,"0","7,878,000",,,"0","15,400,000","0","0",,,"0","-11,900,000","54,485,000","15,123,000","5,906,000",,"11,235,000","3,710,000","9,715,000",,,,,,,,,,,,,,,,,,,,,,,,,,,,,,,,,,,,,,,,,,,,,,,,,,,,,,,,,,,,,,,,,,,,,,,,,,,,,,,,,,,,,,,,,,,
		WriteOff,"23,160,000","18,702,000","285,000","931,000","3,242,000","-54,814,000","34,550,000","24,050,000","39,123,000","110,284,000","38,257,000","68,538,000","8,858,000","36,080,000","5,268,000","13,912,000",,"84,374,000","25,328,000","56,682,000",,"0",,,,"810,932,000","69,622,000","44,835,000","478,464,000",,,,,"0","0",,,"0",,,,,,,,,,,,,,,,,,,,,,,,,,,,,,,,,,,,,,,,,,,,,,,,,,,,,,,,,,,,,,,,,,,,,,,,,,,,,,,,,,,,,,,,,,,,,,,,,,,,,,,,,,,,,
		OtherSpecialCharges,"225,824,000","0","667,000","60,865,000","164,292,000","0","17,921,000","25,824,000","-833,000","22,212,000","35,017,000","1,135,000",,"263,000","43,899,000",,,"0","54,227,000",,,"46,020,000",,,,,,,,,,,,,,,,,"-770,000",,,"129,720,000","772,000","-7,518,000","-10,312,000",,,"-224,000","-356,000",,,,,,,,,,,,,,,,,,,,,,,,,,,,,,,,,,,,,,,,,,,,,,,,,,,,,,,,,,,,,,,,,,,,,,,,,,,,,,,,,,,,,,,,,,,,,,,,,,
		GainOnSaleOfPPE,,,,,,,,,,,,,,,,,,,,,,,,,,,,,,,,,,,,,,,,,,,,,,,,,,,,,,,,,,,,"10,141,000",,,,,,,,,,,,,,,,,,,,,,,,,,,,,,,,,,,,,,,,,,,,,,,,,,,,,,,,,,,,,,,,,,,,,,,,,,,,,,,,,,,,,,,
	OtherNonOperatingIncomeExpenses,"6,266,000","662,000","1,670,000","1,734,000","2,200,000","-2,570,000","7,060,000","19,586,000","210,608,000","157,295,000","693,000","21,008,000","3,133,000","50,333,000","1,604,000","1,786,000","-40,407,000","-9,303,000","-10,556,000","71,000","51,208,000","-1,474,000","1,454,000","2,280,000","1,222,000","2,651,000","-1,026,000","11,055,000","1,724,000","1,778,000","3,111,000","709,000","1,930,000","1,329,000","1,584,000","3,240,000","12,012,000","254,000",,,,,,,,,,,,,,,,,,,,,,,,,,,,,,,,,,,,,,,,,,,,,,,,,,,,,,,,,,,,,,,,,,,,,,,,,,,,,,,,,,,,,,,,,,,,,,,,,,,,,,,,,,,,,
PretaxIncome,"128,367,000","25,503,000","58,329,000","166,435,000","-121,900,000","-92,654,000","-15,927,000","64,789,000","261,475,000","40,293,000","-40,926,000","-10,338,000","62,395,000","833,600,000","98,908,000","88,375,000","37,331,000","-50,957,000","-12,263,000","18,874,000","454,746,000","-264,192,000","153,879,000","303,906,000","173,691,000","-601,744,000","134,894,000","151,184,000","-251,181,000","222,771,000","240,946,000","208,926,000","220,795,000","230,422,000","210,603,000","201,235,000","219,864,000","202,585,000","184,065,000","189,419,000","179,187,000","53,632,000","158,426,000","219,550,000","73,223,000","127,193,000","93,821,000","86,607,000","83,026,000","30,809,000","-47,178,000","69,079,000","52,070,000","46,565,000","100,245,000","42,159,000","35,463,000",,,,,,,,,,,,,,,,,,,,,,,,,,,,,,,,,,,,,,,,,,,,,,,,,,,,,,,,,,,,,,,,,,,,,,,,,,,,,,,,,,,,,,,,,,
TaxProvision,"-3,261,000","-1,857,000","-649,000","-763,000","8,000","6,793,000","24,174,000","-7,346,000","-33,044,000","-5,679,000","-6,261,000","-1,864,000","-3,458,000","-2,935,000","-4,929,000","-4,654,000","-5,336,000","13,297,000","-5,481,000","-2,987,000","-6,162,000","-44,349,000","-2,213,000","-2,003,000","53,038,000","-2,391,000","-1,980,000","-4,563,000","-77,000","-2,590,000","55,000","1,339,000","1,446,000","2,252,000","1,033,000","1,654,000","881,000","-505,000","-598,000","176,000","-709,000","959,000","5,000","248,000","37,000","-1,397,000","867,000","577,000","387,000","518,000","-322,000","841,000","915,000","-93,000","866,000","1,274,000","2,245,000",,,,,,,,,,,,,,,,,,,,,,,,,,,,,,,,,,,,,,,,,,,,,,,,,,,,,,,,,,,,,,,,,,,,,,,,,,,,,,,,,,,,,,,,,,
EarningsFromEquityInterestNetOfTax,"6,100,000","1,583,000","2,327,000","867,000","1,323,000","-18,054,000","-19,480,000","-17,086,000","-11,979,000","1,387,000","-7,643,000","-1,506,000","-863,000","-2,152,000","-911,000","-101,000","570,000","6,330,000","1,062,000","240,000","3,269,000","15,388,000","-2,053,000","-1,067,000","-908,000","4,736,000","-18,920,000","12,001,000","13,601,000","-25,731,000","10,168,000","14,692,000","14,528,000","20,155,000","13,892,000","15,585,000","14,801,000","11,652,000","13,396,000","15,732,000","13,675,000","13,952,000","17,050,000","14,950,000","798,000","-71,001,000","209,000","2,486,000","1,383,000","1,518,000","1,328,000","1,127,000","-462,000","-410,000",,,,,,,,,,,,,,,,,,,,,,,,,,,,,,,,,,,,,,,,,,,,,,,,,,,,,,,,,,,,,,,,,,,,,,,,,,,,,,,,,,,,,,,,,,,,,
NetIncomeCommonStockholders,"502,271,000","28,493,000","54,442,000","275,993,000","143,337,000","146,129,000","-63,768,000","51,131,000","277,464,000","43,200,000","-46,249,000","-13,991,000","61,029,000","830,157,000","98,946,000","89,481,000","39,841,000","-59,298,000","-7,788,000","19,283,000","460,375,000","58,440,000","150,924,000","301,375,000","115,762,000","-599,165,000","115,046,000","164,515,000","-240,949,000","196,145,000","247,208,000","218,396,000","258,047,000","292,691,000","233,282,000","213,023,000","230,107,000","239,937,000","195,629,000","201,467,000","175,257,000","61,996,000","166,367,000","222,993,000","63,875,000","136,202,000","16,995,000","79,465,000","74,836,000","26,397,000","-52,397,000","91,784,000","43,285,000","35,089,000","120,135,000","227,012,000","45,129,000","45,013,000","316,866,000","66,001,000","140,005,000","235,992,000","71,536,000","36,284,000","52,605,000","36,229,000","39,759,000","37,764,000","38,175,000","40,848,000","29,208,000","36,302,000","41,552,000","41,435,000","38,680,000","20,295,000","21,439,000","23,149,000","31,017,000","34,130,000","24,184,000","29,944,000","17,848,000","28,675,000","19,799,000","30,381,000","23,276,000","28,281,000","26,929,000","21,550,000","26,100,000","15,600,000","15,300,000","22,935,000","22,800,000","16,500,000","16,300,000","15,542,000","15,500,000","15,400,000","17,100,000","15,441,000","15,000,000","15,600,000","14,600,000","14,066,000","14,600,000","37,800,000","13,800,000","13,077,000","12,400,000","13,200,000","11,300,000","11,900,000","11,000,000","10,700,000","10,600,000","9,200,000","9,200,000","9,000,000","8,200,000","6,800,000","6,500,000","6,800,000","6,400,000","5,600,000","6,300,000","6,100,000","5,200,000","4,300,000","2,500,000","3,600,000","3,400,000","3,400,000","2,800,000","4,100,000","3,400,000","3,800,000","3,600,000","3,400,000","3,400,000","3,700,000","3,800,000","3,400,000","2,000,000","2,200,000","2,100,000"
	NetIncome,"505,540,000","28,761,000","54,711,000","276,280,000","145,788,000","146,394,000","-63,417,000","51,506,000","279,080,000","43,520,000","-45,863,000","-13,597,000","61,470,000","831,548,000","99,371,000","89,942,000","40,232,000","-58,702,000","-7,657,000","19,383,000","461,145,000","58,661,000","151,250,000","301,717,000","116,119,000","-598,868,000","115,362,000","164,885,000","-240,614,000","196,583,000","247,654,000","218,885,000","259,111,000","293,095,000","233,756,000","213,401,000","230,585,000","241,028,000","196,108,000","202,024,000","193,380,000","67,844,000","172,195,000","228,759,000","70,093,000","141,917,000","22,655,000","85,101,000","81,036,000","31,679,000","-47,115,000","97,067,000","48,568,000","40,371,000","125,417,000","232,295,000","50,412,000","50,295,000","322,148,000","71,284,000","145,288,000","241,274,000","76,818,000","41,567,000","57,888,000","41,511,000","45,041,000","43,047,000","43,458,000","46,131,000","34,490,000","41,584,000","46,835,000","44,398,000","49,609,000","36,914,000","27,664,000","29,374,000","37,242,000","40,355,000","30,409,000","36,169,000","24,073,000","34,900,000","26,024,000","36,606,000","29,501,000","34,506,000","33,154,000","27,025,000","30,200,000","19,700,000","19,400,000","27,067,000","24,900,000","17,700,000","17,500,000","16,689,000","15,600,000","15,400,000","17,100,000","15,441,000","15,000,000","15,600,000","14,600,000","14,066,000","14,600,000","37,800,000","13,800,000","13,077,000","12,400,000","13,200,000","11,300,000","11,900,000","11,000,000","10,700,000","10,600,000","9,200,000","9,200,000","9,000,000","8,200,000","6,800,000","6,500,000","6,800,000","6,400,000","5,600,000","6,300,000","6,100,000","5,200,000","4,300,000","2,500,000","3,600,000","3,400,000","3,400,000","2,800,000","4,100,000","3,400,000","3,800,000","3,600,000","3,400,000","3,400,000","3,700,000","3,800,000","3,400,000","2,000,000","2,200,000","2,100,000"
		NetIncomeIncludingNoncontrollingInterests,"525,930,000","32,576,000","61,906,000","282,025,000","149,423,000","150,245,000","-59,581,000","55,049,000","282,540,000","47,359,000","-42,308,000","-9,980,000","64,990,000","834,383,000","102,926,000","92,928,000","43,237,000","-57,924,000","-5,720,000","22,101,000","464,177,000","61,300,000","154,039,000","304,842,000","119,745,000","-594,617,000","117,954,000","167,748,000","-237,503,000","199,630,000","251,059,000","222,279,000","263,623,000","297,639,000","236,858,000","216,725,000","233,784,000","246,260,000","199,043,000","204,975,000","196,564,000","70,787,000","175,471,000","234,252,000","73,984,000","145,526,000","26,173,000","88,595,000","84,101,000","35,484,000","-43,220,000","101,178,000","52,709,000","23,316,000","131,220,000","237,831,000","56,128,000","56,659,000","328,166,000","78,023,000","150,523,000","244,621,000","80,329,000","45,737,000","61,665,000","44,868,000","48,456,000","46,078,000","46,605,000","49,236,000","37,436,000","44,873,000","49,700,000","47,852,000","51,647,000","39,178,000","29,659,000","31,492,000","39,291,000","42,585,000","32,408,000","38,140,000","25,762,000","36,498,000","27,361,000","37,932,000","30,827,000","36,170,000","34,567,000","36,301,000","29,300,000","18,200,000","18,000,000","35,707,000","24,000,000","16,600,000","16,400,000","23,293,000","14,800,000","14,400,000","16,100,000","21,417,000","14,400,000","14,700,000","13,600,000","20,545,000","13,700,000","36,800,000","12,800,000","19,362,000","11,500,000","12,300,000","10,400,000","11,100,000","10,200,000","9,800,000","9,700,000","8,400,000","8,400,000","8,100,000","7,500,000","6,000,000","5,600,000","5,900,000","5,500,000","4,600,000","5,300,000","5,200,000","4,300,000","3,400,000","1,700,000","2,800,000","3,400,000","3,400,000","2,800,000","4,100,000","3,400,000","3,800,000","3,600,000","3,400,000","3,400,000","3,700,000","3,800,000","3,400,000","2,000,000","2,200,000","2,100,000"
			NetIncomeContinuousOperations,"137,728,000","28,943,000","61,305,000","168,065,000","-120,585,000","-117,501,000","-59,581,000","55,049,000","282,540,000","47,359,000","-42,308,000","-9,980,000","64,990,000","834,383,000","102,926,000","92,928,000","43,237,000","-57,924,000","-5,720,000","22,101,000","464,177,000","-204,455,000","154,039,000","304,842,000","119,745,000","-594,617,000","117,954,000","167,748,000","-237,503,000","199,630,000","251,059,000","222,279,000","233,877,000","248,325,000","223,462,000","215,166,000","233,784,000","214,742,000","198,059,000","204,975,000","193,571,000","66,625,000","175,471,000","234,252,000","73,984,000","129,282,000","21,470,000","88,516,000","84,022,000","31,809,000","-45,528,000","69,365,000","50,693,000","42,040,000","94,803,000","36,570,000","33,218,000","40,448,000","32,251,000","57,417,000","39,810,000","-14,225,000","38,496,000","38,171,000","48,840,000","38,742,000","44,396,000","38,640,000","37,599,000","43,419,000","36,241,000","42,401,000","36,271,000","38,797,000","43,937,000","39,031,000","34,267,000","29,307,000","38,005,000","38,185,000","31,626,000","36,169,000","24,073,000","34,900,000","26,024,000","36,606,000","29,436,000","34,506,000","32,945,000","9,250,000","30,200,000","19,700,000","19,400,000","18,535,000","24,900,000","17,700,000","17,500,000","15,442,000","15,600,000","15,400,000","17,100,000","15,441,000","15,000,000","15,600,000","14,600,000","37,566,000","14,600,000","14,300,000","13,800,000","13,077,000","12,400,000","13,200,000","11,300,000","11,900,000","11,000,000","10,700,000","10,600,000","9,200,000","9,200,000","9,000,000","8,200,000","6,800,000","6,500,000","6,800,000","6,400,000","5,600,000","6,300,000","6,100,000","5,200,000","4,300,000","2,500,000","3,600,000","3,400,000","3,400,000","2,800,000","4,100,000","3,400,000","3,800,000","3,600,000","3,400,000","3,400,000","3,700,000","3,800,000","3,400,000","2,000,000","2,200,000","2,100,000"
			NetIncomeDiscontinuousOperations,"388,202,000","3,633,000","601,000","113,960,000","270,008,000","169,449,000",,,,,,,,,,,,"0","0","0",,"-18,246,000",,,,,,,,"0",,"0","29,746,000","49,314,000","13,396,000","1,559,000","0","31,518,000","984,000","0","2,993,000","4,162,000","0","0","0","16,244,000","4,703,000","79,000","79,000","3,675,000","2,308,000","31,813,000","2,016,000","-1,669,000","30,614,000","195,725,000","17,194,000","9,847,000","289,897,000","13,867,000","105,478,000","255,499,000","38,322,000","3,396,000","9,048,000","2,769,000","645,000","4,407,000","5,859,000","2,712,000","-1,751,000","-817,000","10,564,000","5,601,000","5,672,000","-2,117,000","-6,603,000","67,000","-763,000","2,170,000","-1,217,000",,,,,,,,,,,,,,,,,,,,,,,,,,,,,,,,,,,,,,,,,,,,,,,,,,,,,,,,,,,,,,,,,,
			NetIncomeExtraordinary,,,,,,,,,,,,,,,,,,,,,,,,,,,,,,,,,,,,,,,,,,,,,,,,,,,,,,,,,,,,,,,,,,,,,,,,,,,,,,,,,,"0","0","0","0","0","65,000","0","209,000",,,,,,,,,,,,,,,,,,,,,,,,,,,,,,,,,,,,,,,,,,,,,,,,,,,,,,,,,,
			NetIncomeFromTaxLossCarryforward,,,,,,,,,,,,,,,,,,,,,,,,,,,,,,,,,,,,,,,,,,,,,,,,,,,,,,,,,,,,,,,,,,,,,,,,,,,,,,,,,,,,,,"0","65,000",,,,,,,,,,,,,,,,,,,"0",,"23,500,000",,,,,,,,,,,,,,,,,,,,,,,,,,,,,,,,,,,,,,,
		MinorityInterests,"-20,390,000","-3,815,000","-7,195,000","-5,745,000","-3,635,000","-3,851,000","-3,836,000","-3,543,000","-3,460,000","-3,839,000","-3,555,000","-3,617,000","-3,520,000","-2,835,000","-3,555,000","-2,986,000","-3,005,000","-778,000","-1,937,000","-2,718,000","-3,032,000","-2,639,000","-2,789,000","-3,125,000","-3,626,000","-4,251,000","-2,592,000","-2,863,000","-3,111,000","-3,047,000","-3,405,000","-3,394,000","-4,512,000","-4,544,000","-3,102,000","-3,324,000","-3,199,000","-5,232,000","-2,935,000","-2,951,000","-3,184,000","-2,943,000","-3,276,000","-5,493,000","-3,891,000","-3,609,000","-3,518,000","-3,494,000","-3,065,000","-3,805,000","-3,895,000","-4,111,000","-4,141,000","-4,208,000","-5,803,000","-5,536,000","-5,716,000","-6,364,000","-6,018,000","-6,739,000","-5,235,000","-3,347,000","-3,511,000","-4,170,000","-3,777,000","-3,357,000","-3,415,000","-3,031,000","-3,147,000","-3,105,000","-2,946,000","-3,289,000","-2,865,000","-3,454,000","-2,038,000","-2,264,000","-1,995,000","-2,118,000","-2,049,000","-2,230,000","-1,999,000","-1,971,000","-1,689,000","-1,598,000","-1,337,000","-1,326,000","-1,326,000","-1,664,000","-1,413,000","-9,276,000","900,000","1,500,000","1,400,000","-8,640,000","900,000","1,100,000","1,100,000","-6,604,000","800,000","1,000,000","1,000,000","-5,976,000","600,000","900,000","1,000,000","-6,479,000","900,000","1,000,000","1,000,000","-6,285,000","900,000","900,000","900,000","800,000","800,000","900,000","900,000","800,000","800,000","900,000","700,000","800,000","900,000","900,000","900,000","1,000,000","1,000,000","900,000","900,000","900,000","800,000","800,000",,,,,,,,,,,,,,,
	PreferredStockDividends,,,,,,,,,,,,,,,,,,,,,,,,,,,,,,,,,,,,,,,,,"17,006,000","5,282,000","5,282,000","5,283,000","5,283,000","5,282,000","5,282,000","5,283,000","5,283,000","5,282,000","5,282,000","5,283,000","5,283,000","5,282,000","5,282,000","5,283,000","5,283,000","5,282,000","5,282,000","5,283,000","5,283,000","5,282,000","5,282,000","5,283,000","5,283,000","5,282,000","5,282,000","5,283,000","5,283,000","5,283,000","5,282,000","5,282,000","5,283,000","2,963,000","4,147,000","4,848,000","6,225,000","6,225,000","6,225,000","6,225,000","6,225,000","6,225,000","6,225,000","6,225,000","6,225,000","6,225,000","6,225,000","6,225,000","6,225,000","5,475,000","4,100,000","4,100,000","4,100,000","4,132,000","2,100,000","1,200,000","1,200,000","1,147,000","100,000",,,,,,,,,,,,,,,,,,,,,,,,,,,,,,,,,,,,,,,,,,,,,,,,
	OtherunderPreferredStockDividend,"3,269,000","268,000","269,000","287,000","2,451,000","265,000","351,000","375,000","1,616,000","320,000","386,000","394,000","441,000","1,391,000","425,000","461,000","391,000","596,000","131,000","100,000","770,000","221,000","326,000","342,000","357,000","297,000","316,000","370,000","335,000","438,000","446,000","489,000","1,064,000","404,000","474,000","378,000","478,000","-15,915,000","479,000","557,000","1,117,000","566,000","546,000","483,000","935,000","433,000","378,000","353,000","917,000",,,,,,,,,,,,,,,,,,,,,,,,,"0","6,782,000","11,771,000",,,,,,,,,,,,,,,,,,,,,,,,,,,,,,,,,,,,,,,,,,,,,,,,,,,,,,,,,,,,,,,,,,,,,,,
AverageDilutionEarnings,,,,,,,,,"2,515,000",,,,,,,,,,,,"2,803,000",,,"2,388,000",,,,,,,,,,,,,,,,,,,,,,,,,,,,,,,,,,,,,,,,,,,,,,,,,,,,,,,,,,,,,,,,,,,,,,,,,,,,,,,,,,,,,,,,,,,,,,,,,,,,,,,,,,,,,,,,,,,,,,,,,,,
DilutedNIAvailtoComStockholders,"502,271,000","28,493,000","54,442,000","275,993,000","143,337,000","146,129,000","-63,768,000","51,131,000","279,979,000","43,200,000","-46,249,000","-13,991,000","61,029,000","830,157,000","98,946,000","89,481,000","39,841,000","-59,298,000","-7,788,000","19,283,000","463,178,000","58,440,000","150,924,000","303,763,000","115,762,000","-599,165,000","115,046,000","164,515,000","-240,949,000","196,145,000","247,208,000","218,396,000","258,047,000","292,691,000","233,282,000","213,023,000","230,107,000","239,937,000","195,629,000","201,467,000","175,257,000","61,996,000","166,367,000","222,993,000","63,875,000","136,202,000","16,995,000","79,465,000","74,836,000","26,397,000","-52,397,000","91,784,000","43,285,000","35,089,000","120,135,000","227,012,000","45,129,000","45,013,000","316,866,000","66,001,000","140,005,000","235,992,000","71,536,000","36,284,000","52,605,000","36,229,000","39,759,000","37,764,000","38,175,000","40,848,000","29,208,000","36,302,000","41,552,000","41,435,000","38,680,000","20,295,000","21,439,000","23,149,000","31,017,000","34,130,000","24,184,000","29,944,000","17,848,000","28,675,000","19,799,000","30,381,000","23,276,000","28,281,000","26,929,000","21,550,000","26,100,000","15,600,000","15,300,000","22,935,000","22,800,000","16,500,000","16,300,000","15,542,000","15,500,000","15,400,000","17,100,000","15,441,000","15,000,000","15,600,000","14,600,000","14,066,000","14,600,000","37,800,000","13,800,000","13,077,000","12,400,000","13,200,000","11,300,000","11,900,000","11,000,000","10,700,000","10,600,000","9,200,000","9,200,000","9,000,000","8,200,000","6,800,000","6,500,000","6,800,000","6,400,000","5,600,000","6,300,000","6,100,000","5,200,000","4,300,000","2,500,000","3,600,000","3,400,000","3,400,000","2,800,000","4,100,000","3,400,000","3,800,000","3,600,000","3,400,000","3,400,000","3,700,000","3,800,000","3,400,000","2,000,000","2,200,000","2,100,000"
BasicEPS,,"0.05","0.1","0.51","0.27","0.27","-0.12","0.09","0.55","0.09","-0.09","-0.03","0.13","1.75","0.21","0.19","0.08","-0.13","-0.02","0.04","0.98","0.12","0.32","0.65","0.25",,"0.25","0.36","-0.52",,"0.54","0.48","0.56",,"0.51","0.47","0.51","0.54","0.46","0.48","0.43",,"0.41","0.55","0.17",,"0.05","0.27","0.26",,"-0.18","0.35","0.17","0.14","0.49","0.97","0.21",,"1.54","0.32","0.69",,"0.52","0.27","0.39",,"0.29","0.28","0.29",,"0.22","0.28","0.32",,"0.305","0.165","0.18",,"0.265","0.3","0.215",,"0.16","0.27","0.195",,"0.23","0.275","0.265",,"0.203","0.123","0.123",,"0.185","0.135","0.135",,"0.135","0.135","0.15",,"0.13","0.135","0.128",,"0.128","0.333","0.125",,"0.115","0.125","0.105",,"0.103","0.1","0.1",,"0.088","0.085","0.043",,"0.035","0.038","0.035",,"0.035","0.034","0.031",,"0.018","0.025","0.026",,"0.021","0.031","0.026",,"0.028","0.026","0.026",,"0.029","0.028","0.026",,"0.029"
DilutedEPS,,"0.05","0.1","0.51","0.27","0.27","-0.12","0.09","0.54","0.09","-0.09","-0.03","0.13","1.73","0.21","0.19","0.08","-0.13","-0.02","0.04","0.97","0.12","0.32","0.64","0.25",,"0.25","0.36","-0.52",,"0.54","0.48","0.56",,"0.51","0.47","0.51","0.53","0.45","0.48","0.43",,"0.41","0.55","0.17",,"0.05","0.27","0.25",,"-0.18","0.35","0.17","0.14","0.49","0.96","0.21",,"1.53","0.32","0.68",,"0.52","0.26","0.38",,"0.29","0.28","0.28",,"0.22","0.27","0.31",,"0.305","0.165","0.18",,"0.265","0.295","0.21",,"0.16","0.269","0.194",,"0.23","0.275","0.26",,"0.2","0.123","0.123",,"0.18","0.133","0.135",,"0.135","0.133","0.148",,"0.13","0.135","0.128",,"0.128","0.333","0.125",,"0.115","0.125","0.105",,"0.103","0.1","0.1",,"0.088","0.085","0.043",,"0.035","0.038","0.035",,"0.035","0.034","0.031",,"0.018","0.025","0.026",,"0.021","0.031","0.026",,"0.028","0.026","0.026",,"0.029","0.028","0.026",,"0.029"
BasicAverageShares,,"539,081,000","539,021,000","538,929,000","538,679,000","538,381,000","538,333,000","538,262,000","506,476,000","497,116,000","491,203,000","478,739,000","477,766,000","472,998,000","469,867,000","469,769,000","469,557,000","469,229,000","468,975,000","468,646,000","468,299,000","467,979,000","467,628,000","467,084,000","466,074,000",,"463,337,000","461,874,000","460,880,000",,"458,799,000","458,247,000","457,294,000",,"455,345,000","454,618,000","453,651,000","447,889,000","429,557,000","420,468,000","410,018,000",,"407,081,000","406,193,000","372,116,000",,"309,448,000","294,880,000","293,223,000",,"284,812,000","265,422,000","253,335,000","252,497,000","244,572,000","235,117,000","216,773,000",,"206,186,000","205,755,000","204,000,000",,"136,682,000","136,484,000","136,040,000",,"135,225,000","134,445,000","133,492,000",,"132,182,000","131,653,000","130,739,000",,"126,784,000","121,940,000","119,630,000",,"116,408,000","114,638,000","113,474,000",,"110,720,000","106,324,000","101,926,000",,"101,924,000","102,138,000","102,570,000",,"64,090,000","64,088,000","62,080,000",,"61,974,000","61,926,000","61,918,000",,"57,558,000","57,444,000","57,424,000",,"57,356,000","57,338,000","57,330,000",,"57,092,000","57,088,000","57,082,000",,"53,468,000","53,340,000","53,340,000",,"53,226,000","53,214,000","53,190,000",,"52,766,000","52,766,000","52,722,000",,"46,226,000","46,210,000","46,030,000",,"45,928,000","45,928,000","45,920,000",,"36,800,000","36,800,000","32,668,000",,"32,660,000","32,628,000","32,628,000",,"32,628,000","32,580,000","32,580,000",,"32,544,000","31,400,000","19,400,000",,"19,400,000"
DilutedAverageShares,,"539,505,000","539,388,000","544,694,000","538,679,000","538,381,000","538,333,000","538,517,000","515,045,000","500,493,000","491,203,000","478,739,000","479,131,000","479,906,000","470,118,000","469,941,000","469,695,000","469,229,000","468,975,000","468,839,000","475,173,000","468,210,000","467,835,000","471,425,000","466,262,000",,"463,586,000","462,106,000","460,880,000",,"459,141,000","458,588,000","457,674,000",,"456,078,000","455,431,000","454,613,000","448,903,000","430,778,000","421,671,000","411,661,000",,"408,646,000","411,710,000","373,960,000",,"311,092,000","296,037,000","294,087,000",,"284,812,000","265,542,000","253,423,000","252,904,000","245,906,000","236,467,000","217,663,000",,"207,070,000","207,024,000","205,909,000",,"143,538,000","137,192,000","136,856,000",,"136,135,000","135,214,000","134,529,000",,"133,584,000","132,856,000","132,700,000",,"127,202,000","122,200,000","119,972,000",,"116,832,000","115,252,000","117,238,000",,"111,248,000","106,778,000","102,296,000",,"102,054,000","102,186,000","102,600,000",,"64,090,000","64,088,000","62,080,000",,"61,974,000","61,926,000","61,918,000",,"57,558,000","57,444,000","57,424,000",,"57,356,000","57,338,000","57,330,000",,"57,092,000","57,088,000","57,082,000",,"53,468,000","53,340,000","53,340,000",,"53,226,000","53,214,000","53,190,000",,"52,766,000","52,766,000","52,722,000",,"46,226,000","46,210,000","46,030,000",,"45,928,000","45,928,000","45,920,000",,"36,800,000","36,800,000","32,668,000",,"32,660,000","32,628,000","32,628,000",,"32,628,000","32,580,000","32,580,000",,"32,544,000","31,400,000","19,400,000",,"19,400,000"
TotalExpenses,"1,555,868,000","403,404,000","402,584,000","385,679,000","364,201,000","-185,543,000","509,583,000","518,049,000","587,638,000","460,700,000","442,983,000","406,409,000","322,233,000","329,682,000","336,908,000","339,672,000","344,977,000","356,987,000","309,449,000","305,200,000","318,113,000","355,630,000","366,408,000","344,304,000","343,776,000","335,513,000","328,753,000","285,590,000","271,326,000","253,694,000","247,528,000","221,062,000","204,489,000","198,335,000","226,851,000","209,573,000","199,066,000","198,219,000","180,796,000","172,823,000","175,692,000","175,517,000","165,876,000","171,545,000","160,218,000","166,101,000","158,385,000","143,889,000","149,188,000","140,202,000","253,307,000","145,743,000","147,204,000","145,611,000","145,046,000","144,728,000","151,242,000","147,306,000","143,393,000","117,675,000","127,027,000","105,084,000","60,622,000","64,101,000","56,985,000","53,808,000","48,319,000","51,499,000","44,412,000","50,713,000","43,126,000","39,662,000","80,977,000","40,900,000","34,376,000","33,968,000","55,794,000","43,863,000","32,257,000","30,625,000","47,144,000","29,236,000","40,041,000","28,931,000","50,230,000","28,878,000","29,932,000","27,420,000","49,262,000","127,094,000","-17,600,000","-17,400,000","-16,400,000","79,442,000","-12,300,000","-10,800,000","-10,100,000","86,657,000","-8,400,000","-8,200,000","-8,000,000","78,376,000","-7,500,000","-7,500,000","-7,100,000","64,501,000","-6,100,000","-6,500,000","-6,600,000","64,334,000","-6,200,000","6,200,000","-6,400,000","-8,300,000","-5,300,000","-6,500,000","-6,400,000","-6,700,000","-5,900,000","-6,200,000","-6,100,000","-11,200,000","-5,600,000","-6,100,000","-5,600,000","-5,400,000","-4,900,000","-4,500,000","-4,700,000","-4,700,000","-5,900,000","-3,900,000",,,,,,,,,,,,,,,
NetIncomeFromContinuingAndDiscontinuedOperation,"505,540,000","28,761,000","54,711,000","276,280,000","145,788,000","146,394,000","-63,417,000","51,506,000","279,080,000","43,520,000","-45,863,000","-13,597,000","61,470,000","831,548,000","99,371,000","89,942,000","40,232,000","-58,702,000","-7,657,000","19,383,000","461,145,000","58,661,000","151,250,000","301,717,000","116,119,000","-598,868,000","115,362,000","164,885,000","-240,614,000","196,583,000","247,654,000","218,885,000","259,111,000","293,095,000","233,756,000","213,401,000","230,585,000","241,028,000","196,108,000","202,024,000","193,380,000","67,844,000","172,195,000","228,759,000","70,093,000","141,917,000","22,655,000","85,101,000","81,036,000","31,679,000","-47,115,000","97,067,000","48,568,000","40,371,000","125,417,000","232,295,000","50,412,000","50,295,000","322,148,000","71,284,000","145,288,000","241,274,000","76,818,000","41,567,000","57,888,000","41,511,000","45,041,000","43,047,000","43,458,000","46,131,000","34,490,000","41,584,000","46,835,000","44,398,000","49,609,000","36,914,000","27,664,000","29,374,000","37,242,000","40,355,000","30,409,000","36,169,000","24,073,000","34,900,000","26,024,000","36,606,000","29,371,000","34,506,000","32,945,000","27,025,000","30,200,000","19,700,000","19,400,000","27,067,000","24,900,000","17,700,000","17,500,000","16,689,000","15,600,000","15,400,000","17,100,000","15,441,000","15,000,000","15,600,000","14,600,000","14,066,000","14,600,000","14,300,000","13,800,000","13,077,000","12,400,000","13,200,000","11,300,000","11,900,000","11,000,000","10,700,000","10,600,000","9,200,000","9,200,000","9,000,000","8,200,000","6,800,000","6,500,000","6,800,000","6,400,000","5,600,000","6,300,000","6,100,000","5,200,000","4,300,000","2,500,000","3,600,000","3,400,000","3,400,000","2,800,000","4,100,000","3,400,000","3,800,000","3,600,000","3,400,000","3,400,000","3,700,000","3,800,000","3,400,000","2,000,000","2,200,000","2,100,000"
NormalizedIncome,"161,309,550","38,566,570","44,121,410","79,959,210","-1,337,640","-46,163,460","-23,334,160","27,881,740","197,516,370","138,327,290","17,982,567.732","35,225,633.778","65,362,360","301,752,690","68,947,520","68,225,960","26,639,400","-25,075,600","37,314,800","53,665,200","271,424,400","-226,917,083.008","161,796,200","238,664,800","117,838,238.043","212,785,070.945","158,035,800","202,793,600","234,830,207.006","196,583,000","247,654,000","218,885,000","229,365,000","243,781,000","220,360,000","211,842,000","230,585,000","210,961,450","199,744,200","200,996,955.173","190,103,600","191,082,461.665","188,366,489.604","221,249,492.207","59,786,210.712","112,303,800","11,356,517.347","84,799,492.351","68,758,127.55","73,766,426.401","-34,403,217.729","71,088,097.598","46,552,000","49,342,750","98,480,949.923","45,991,423.065","33,218,000","40,448,000","32,251,000","44,233,700","39,810,000","-13,931,000","38,496,000","38,171,000","48,840,000","38,742,000","44,396,000","38,640,000","37,599,000","43,419,000","39,649,000","43,130,600","36,271,000","38,797,000","43,937,000","39,031,000","34,267,000","29,307,000","38,005,000","38,185,000","31,626,000","35,606,800","23,750,800","34,580,800","26,488,400","33,232,800","29,118,400","32,688,600","32,534,600","27,025,000","24,080,000","19,580,000","19,400,000","27,067,000","21,180,000","17,400,000","17,500,000","16,689,000","15,600,000","15,400,000","17,100,000","15,441,000","15,000,000","15,600,000","14,600,000","14,066,000","14,600,000","14,300,000","13,800,000","13,077,000","12,400,000","13,200,000","11,300,000","11,900,000","11,000,000","10,700,000","10,600,000","9,200,000","9,200,000","9,000,000","8,200,000","6,800,000","6,500,000","6,800,000","6,400,000","5,600,000","6,300,000","6,100,000","5,200,000","4,300,000","2,500,000","3,600,000","3,400,000","3,400,000","2,800,000","4,100,000","3,400,000","3,800,000","3,600,000","3,400,000","3,400,000","3,700,000","3,800,000","3,400,000","2,000,000","2,200,000","2,100,000"
InterestIncome,"9,844,000",,,,,,,,,"2,976,000","2,741,000","2,414,000","1,713,000","1,358,000","1,236,000","1,447,000","6,365,000","5,263,000","11,774,000","20,869,000","18,331,000","17,510,000","20,482,000","32,787,000","18,029,000","23,135,000","19,842,000","35,945,000","33,262,000","23,341,000","17,517,000","16,937,000","16,696,000","17,548,000","42,078,000","14,147,000","12,386,000","12,223,000",,,,,,,,,"36,582,000","36,156,000","35,266,000","31,119,000","39,962,000","28,732,000","24,333,000","28,374,000","62,312,000","30,739,000","35,326,000",,,,,,,,,,,,,,,,,,,,,,,,,,,,,,,,,,,,,,,,,,,,,,,,,,,,,,,,,,,,,,,,,,,,,,,,,,,,,,,,,,,,,,,,,,
InterestExpense,"157,980,000","36,551,000","35,905,000","38,681,000","46,843,000","46,175,000","56,235,000","57,550,000","58,376,000","58,120,000","61,230,000","56,942,000","49,327,000","54,717,000","63,486,000","73,038,000","75,102,000","71,882,000","71,328,000","77,788,000","86,718,000","103,148,000","117,860,000","121,333,000","122,062,000","122,027,000","122,157,000","118,632,000","116,780,000","114,987,000","111,275,000","106,842,000","106,638,000","109,158,000","108,088,000","108,716,000","109,351,000","107,255,000","103,513,000","103,225,000","104,568,000","101,434,000","104,198,000","105,129,000","108,576,000","68,347,000","71,600,000","72,747,000","75,956,000","72,844,000","74,039,000","75,340,000","76,674,000","83,348,000","83,249,000","85,509,000","192,740,000",,,,,,,,,,,,,,,,,,,,,,,,,,,,,,,,,,,,,,,,,,,,,,,,,,,,,,,,,,,,,,,,,,,,,,,,,,,,,,,,,,,,,,,,,,
NetInterestIncome,"-157,980,000","-36,551,000","-35,905,000","-38,681,000","-46,843,000","-46,175,000","-56,235,000","-57,550,000","-58,376,000","-58,120,000","-61,230,000","-56,942,000","-49,327,000","-54,717,000","-63,486,000","-73,038,000","-75,102,000","-71,882,000","-71,328,000","-77,788,000","-86,718,000","-103,148,000","-117,860,000","-121,333,000","-122,062,000","-122,027,000","-122,157,000","-118,632,000","-116,780,000","-114,987,000","-111,275,000","-106,842,000","-106,638,000","-109,158,000","-108,088,000","-108,716,000","-109,351,000","-107,255,000","-103,513,000","-103,225,000","-104,568,000","-101,434,000","-104,198,000","-105,129,000","-108,576,000","-176,351,000","-35,018,000","-72,747,000","-40,690,000","-41,725,000","-34,077,000","-46,608,000","-52,341,000","-54,974,000","-20,937,000","-54,770,000","-157,414,000",,,,,,,,,,,,,,,,,,,,,,,,,,,,,,,,,,,,,,,,,,,,,,,,,,,,,,,,,,,,,,,,,,,,,,,,,,,,,,,,,,,,,,,,,,
EBIT,"286,347,000","62,054,000","94,234,000","205,116,000","-75,057,000","-46,479,000","40,308,000","122,339,000","319,851,000","98,413,000","20,304,000","46,604,000","111,722,000","888,317,000","162,394,000","161,413,000","112,433,000","20,925,000","59,065,000","96,662,000","541,464,000","-161,044,000","271,739,000","425,239,000","295,753,000","-479,717,000","257,051,000","269,816,000","-134,401,000","337,758,000","352,221,000","315,768,000","327,433,000","339,580,000","318,691,000","309,951,000","329,215,000","309,840,000","287,578,000","292,644,000","283,755,000","155,066,000","262,624,000","324,679,000","181,799,000","195,540,000","165,421,000","159,354,000","158,982,000","103,653,000","26,861,000","144,419,000","128,744,000","129,913,000","183,494,000","127,668,000","228,203,000","70,355,000","140,856,000","125,072,000","123,421,000","100,215,000","78,975,000","75,981,000","84,710,000","72,428,000","76,073,000","67,043,000","63,984,000","63,070,000","68,100,000","67,524,000","17,115,000","67,342,000","68,581,000","64,437,000","36,262,000","53,261,000","60,415,000","58,634,000","33,625,000","56,272,000","44,096,000","55,519,000","28,135,000","54,300,000","52,349,000","54,676,000","32,990,000","-66,201,000","80,000,000","69,400,000","66,000,000","-41,093,000","60,700,000","49,300,000","46,400,000","-55,154,000","40,700,000","40,000,000","41,000,000","-47,383,000","37,300,000","38,100,000","36,100,000","-37,705,000","32,300,000","32,300,000","33,400,000","-38,738,000","30,700,000","19,200,000","30,000,000","33,100,000","27,700,000","29,100,000","29,100,000","28,300,000","26,700,000","27,200,000","26,400,000","29,800,000","25,000,000","27,100,000","25,900,000","24,300,000","23,200,000","22,100,000","22,000,000","21,500,000","21,700,000","18,800,000","11,200,000","36,500,000","13,000,000","14,900,000","10,600,000","22,600,000","10,100,000","9,600,000","9,500,000","18,100,000","7,500,000","6,400,000","5,500,000","6,200,000","5,500,000"
EBITDA,"970,633,000"
ReconciledCostOfRevenue,"773,279,000","199,247,000","202,139,000","190,132,000","181,761,000","-223,605,000","314,292,000","315,841,000","376,013,000","248,381,000","248,069,000","213,993,000","168,927,000","177,413,000","181,207,000","173,866,000","172,552,000","198,669,000","155,338,000","153,163,000","159,081,000","192,376,000","189,168,000","180,629,000","177,423,000","172,802,000","173,859,000","136,600,000","132,409,000","130,760,000","99,875,000","79,042,000","75,875,000","73,532,000","79,658,000","80,893,000","73,683,000","81,592,000","71,747,000","70,712,000","68,011,000","69,711,000","58,850,000","47,808,000","47,752,000","59,176,000","61,917,000","47,255,000","47,197,000","47,933,000","47,794,000","53,502,000","50,275,000","47,774,000","51,790,000","48,077,000","50,498,000","32,107,000","52,531,000","36,180,000","42,061,000","173,887,000","19,554,000","14,064,000","17,387,000","16,861,000","11,862,000","16,683,000","13,153,000","13,904,000","10,943,000","10,294,000",,"11,855,000","9,485,000","8,860,000",,"9,600,000","8,619,000","7,404,000",,"7,947,000","7,598,000","7,321,000",,"7,085,000","7,201,000","6,753,000",,,,,,,,,,,,,,,,,,,,,,,,"18,400,000",,,,,,,,,,,,,,,,,,,,,,,,,,,,,,,,,,,
ReconciledDepreciation,"684,286,000","178,114,000","177,175,000","171,459,000","157,538,000","155,749,000","173,630,000","178,488,000","189,276,000","190,798,000","171,944,000","165,296,000","131,951,000","130,759,000","132,198,000","143,292,000","143,250,000","136,833,000","130,588,000","130,751,000","136,554,000","142,722,000","142,453,000","140,882,000","140,854,000","140,841,000","134,360,000","120,145,000","114,144,000","116,169,000","122,699,000","112,958,000","107,220,000","105,650,000","101,770,000","104,607,000","104,639,000","91,529,000","89,606,000","87,299,000","87,579,000","86,128,000","87,378,000","88,865,000","90,514,000","77,016,000","76,878,000","76,108,000","77,067,000","75,418,000","80,680,000","71,309,000","77,938,000","79,064,000","75,715,000","77,811,000","80,206,000","99,712,000","74,304,000","63,203,000","64,373,000","-90,955,000","32,788,000","36,892,000","30,856,000","26,947,000","29,156,000","25,989,000","23,962,000","42,340,000","22,526,000","20,974,000","20,584,000","20,734,000","19,384,000","19,428,000","19,549,000","19,468,000","19,385,000","18,744,000","18,125,000","18,036,000","29,222,000","18,101,000","18,739,000","20,536,000","17,461,000","17,447,000","17,146,000","15,089,000","10,200,000","10,100,000","9,400,000","8,177,000","7,500,000","7,300,000","6,600,000","5,967,000","5,700,000","5,500,000","5,500,000","5,700,000","5,200,000","5,100,000","4,700,000",,,,"4,000,000","4,221,000","22,200,000","-13,400,000","4,500,000","4,800,000","4,100,000","4,500,000","4,500,000","4,800,000","4,300,000","4,500,000","4,500,000","4,500,000","4,600,000","4,900,000","4,500,000","4,400,000","3,900,000","3,500,000","3,700,000","3,600,000","5,100,000",,,,,,,,,,,,,,,,
NetIncomeFromContinuingOperationNetMinorityInterest,"117,338,000","25,128,000","54,110,000","162,320,000","-124,220,000","-121,352,000","-63,417,000","51,506,000","279,080,000","43,520,000","-45,863,000","-13,597,000","61,470,000","831,548,000","99,371,000","89,942,000","40,232,000","-58,702,000","-7,657,000","19,383,000","461,145,000","-207,094,000","151,250,000","301,717,000","116,119,000","-598,868,000","115,362,000","164,885,000","-240,614,000","196,583,000","247,654,000","218,885,000","229,365,000","243,781,000","220,360,000","211,842,000","230,585,000","209,510,000","195,124,000","202,024,000","190,387,000","63,682,000","172,195,000","228,759,000","70,093,000","125,673,000","17,952,000","85,022,000","80,957,000","28,004,000","-49,423,000","65,254,000","46,552,000","42,040,000","94,803,000","36,570,000","33,218,000","40,448,000","32,251,000","57,417,000","39,810,000","-14,225,000","38,496,000","38,171,000","48,840,000","38,742,000","44,396,000","38,640,000","37,599,000","43,419,000","36,241,000","42,401,000","36,271,000","38,797,000","43,937,000","39,031,000","34,267,000","29,307,000","38,005,000","38,185,000","31,626,000","36,169,000","24,073,000","34,900,000","26,024,000","36,606,000","29,371,000","34,506,000","32,945,000","27,025,000","30,200,000","19,700,000","19,400,000","27,067,000","24,900,000","17,700,000","17,500,000","16,689,000","15,600,000","15,400,000","17,100,000","15,441,000","15,000,000","15,600,000","14,600,000","14,066,000","14,600,000","14,300,000","13,800,000","13,077,000","12,400,000","13,200,000","11,300,000","11,900,000","11,000,000","10,700,000","10,600,000","9,200,000","9,200,000","9,000,000","8,200,000","6,800,000","6,500,000","6,800,000","6,400,000","5,600,000","6,300,000","6,100,000","5,200,000","4,300,000","2,500,000","3,600,000","3,400,000","3,400,000","2,800,000","4,100,000","3,400,000","3,800,000","3,600,000","3,400,000","3,400,000","3,700,000","3,800,000","3,400,000","2,000,000","2,200,000","2,100,000"
TotalUnusualItemsExcludingGoodwill,"-60,235,000","-18,409,000","13,683,000","112,823,000","-168,332,000","-102,998,000","-54,908,000","32,362,000","111,731,000","-129,873,000","-75,377,000","-59,562,000","-5,332,000","725,747,000","41,676,000","29,748,000","18,620,000","-56,044,000","-74,953,000","-57,137,000","316,201,000","23,822,000","-17,577,000","105,087,000","-2,475,000","-814,891,000","-71,123,000","-63,181,000","-475,590,000",,,,,"0","0",,,"-2,233,000","-7,108,000","1,028,000","436,000","-129,720,000","-16,172,000","7,518,000","10,312,000","20,568,000","6,657,000","224,000","12,256,000","-46,545,000","-15,123,000","-5,906,000","0","-11,235,000","-3,710,000","-9,715,000",,,,"20,282,000",,"-490,000",,,,,,,,,"-5,680,000","-1,216,000",,,,,,,,,,"937,000","537,000","532,000","-774,000","5,622,000","421,000","3,029,000","684,000","0","10,200,000","200,000",,,"6,200,000","500,000",,,,,,,,,,,,,,,,,,,,,,,,,,,,,,,,,,,,,,,,,,,,,,,,,,,
TotalUnusualItems,"-60,235,000","-18,409,000","13,683,000","112,823,000","-168,332,000","-102,998,000","-54,908,000","32,362,000","111,731,000","-129,873,000","-75,377,000","-59,562,000","-5,332,000","725,747,000","41,676,000","29,748,000","18,620,000","-56,044,000","-74,953,000","-57,137,000","316,201,000","23,822,000","-17,577,000","105,087,000","-2,475,000","-814,891,000","-71,123,000","-63,181,000","-475,590,000",,,,,"0","0",,,"-2,233,000","-7,108,000","1,028,000","436,000","-129,720,000","-16,172,000","7,518,000","10,312,000","20,568,000","6,657,000","224,000","12,256,000","-46,545,000","-15,123,000","-5,906,000","0","-11,235,000","-3,710,000","-9,715,000",,,,"20,282,000",,"-490,000",,,,,,,,,"-5,680,000","-1,216,000",,,,,,,,,,"937,000","537,000","532,000","-774,000","5,622,000","421,000","3,029,000","684,000","0","10,200,000","200,000",,,"6,200,000","500,000",,,,,,,,,,,,,,,,,,,,,,,,,,,,,,,,,,,,,,,,,,,,,,,,,,,
NormalizedEBITDA,"1,030,868,000","258,577,000","257,726,000","263,752,000","250,813,000","212,268,000","268,846,000","268,465,000","397,396,000","419,084,000","267,625,000","271,462,000","249,005,000","293,329,000","252,916,000","274,957,000","237,063,000","213,802,000","264,606,000","284,550,000","361,817,000","-42,144,000","432,190,000","461,538,000","439,550,000","476,330,000","462,878,000","453,400,000","455,711,000","454,257,000","475,196,000","428,901,000","434,821,000","445,462,000","423,550,000","420,637,000","433,932,000","411,279,000","384,292,000","379,540,000","371,560,000","371,592,000","367,352,000","407,213,000","262,907,000","252,916,000","237,098,000","237,042,000","224,873,000","227,463,000","124,285,000","229,931,000","209,281,000","221,860,000","264,863,000","215,691,000","308,409,000","170,067,000","215,160,000","167,993,000","187,794,000","151,237,000","111,763,000","112,873,000","115,566,000","100,755,000","105,229,000","94,296,000","87,946,000","105,410,000","96,668,000","89,816,000","37,699,000","88,076,000","88,119,000","84,025,000","55,811,000","73,113,000","79,800,000","77,378,000","51,750,000","73,371,000","72,781,000","73,088,000","47,648,000","69,214,000","69,389,000","69,094,000","49,452,000","-51,112,000","80,000,000","79,300,000","75,400,000","-32,916,000","62,000,000","56,100,000","53,000,000","-49,187,000","46,400,000","45,500,000","46,500,000","-41,683,000","42,500,000","43,200,000","40,800,000","-37,705,000","32,300,000","32,300,000","37,400,000","-34,517,000","52,900,000","23,600,000","34,500,000","37,900,000","31,800,000","33,600,000","33,600,000","33,100,000","31,000,000","31,700,000","30,900,000","34,300,000","29,600,000","32,000,000","30,400,000","28,700,000","27,100,000","25,600,000","25,700,000","25,100,000","26,800,000","18,800,000","11,200,000","36,500,000","13,000,000","14,900,000","10,600,000","22,600,000","10,100,000","9,600,000","9,500,000","18,100,000","7,500,000","6,400,000","5,500,000","6,200,000","5,500,000"
TaxRateForCalcs,"0.27","0.27","0.27","0.27","0.27","0.27","0.27","0.27","0.27","0.27","0.153","0.18","0.27","0.27","0.27","0.27","0.27","0.4","0.4","0.4","0.4","0.168","0.4","0.4","0.305","0.004","0.4","0.4","0","0.35","0","0.006","0.007","0.01","0.005","0.008","0.004","0.35","0.35","0.001","0.35","0.018","0","0.001","0.001","0.35","0.009","0.007","0.005","0.017","0.007","0.012","0.018","0.35","0.009","0.03","0.063","0.35","0.35","0.35","0.35","0.4","0.4","0.4","0.4","0.4","0.4","0.4","0.4","0.4","0.4","0.4","0.4","0.4","0.4","0.4","0.4","0.4","0.4","0.4","0.4","0.4","0.4","0.4","0.4","0.4","0.4","0.4","0.4","0.4","0.4","0.4","0.4","0.4","0.4","0.4","0.4","0.4","0.4","0.4","0.4","0.4","0.4","0.4","0.4","0.4","0.4","0.4","0.4","0.4","0.4","0.4","0.4","0.4","0.4","0.4","0.4","0.4","0.4","0.4","0.4","0.4","0.4","0.4","0.4","0.4","0.4","0.4","0.4","0.4","0.4","0.4","0.4","0.4","0.4","0.4","0.4","0.4","0.4","0.4","0.4","0.4","0.4","0.4","0.4","0.4","0.4"
TaxEffectOfUnusualItems,"-16,263,450","-4,970,430","3,694,410","30,462,210","-45,449,640","-27,809,460","-14,825,160","8,737,740","30,167,370","-35,065,710","-11,531,432.268","-10,739,366.222","-1,439,640","195,951,690","11,252,520","8,031,960","5,027,400","-22,417,600","-29,981,200","-22,854,800","126,480,400","3,998,916.992","-7,030,800","42,034,800","-755,761.957","-3,237,929.055","-28,449,200","-25,272,400","-145,792.994","0","0","0","0","0","0","0","0","-781,550","-2,487,800","955.173","152,600","-2,319,538.335","-510.396","8,492.207","5,210.712","7,198,800","61,517.347","1,492.351","57,127.55","-782,573.599","-103,217.729","-71,902.402","0","-3,932,250","-32,050.077","-293,576.935","0","0","0","7,098,700","0","-196,000","0","0","0","0","0","0","0","0","-2,272,000","-486,400","0","0","0","0","0","0","0","0","0","374,800","214,800","212,800","-309,600","2,248,800","168,400","1,211,600","273,600","0","4,080,000","80,000","0","0","2,480,000","200,000","0","0","0","0","0","0","0","0","0","0","0","0","0","0","0","0","0","0","0","0","0","0","0","0","0","0","0","0","0","0","0","0","0","0","0","0","0","0","0","0","0","0","0","0","0","0","0","0","0","0","0"