name,ttm,12/31/2021,09/30/2021,06/30/2021,03/31/2021,12/31/2020,09/30/2020,06/30/2020,03/31/2020,12/31/2019,09/30/2019,06/30/2019,03/31/2019,12/31/2018,09/30/2018,06/30/2018,03/31/2018,12/31/2017,09/30/2017,06/30/2017,03/31/2017,12/31/2016,09/30/2016,06/30/2016,03/31/2016,12/31/2015,09/30/2015,06/30/2015,03/31/2015,12/31/2014,09/30/2014,06/30/2014,03/31/2014,12/31/2013,09/30/2013,06/30/2013,03/31/2013,12/31/2012,09/30/2012,06/30/2012,03/31/2012,12/31/2011,09/30/2011,06/30/2011,03/31/2011,12/31/2010,09/30/2010,06/30/2010,03/31/2010,12/31/2009,09/30/2009,06/30/2009,03/31/2009,12/31/2008,09/30/2008,06/30/2008,03/31/2008,12/31/2007,09/30/2007,06/30/2007,03/31/2007,12/31/2006,09/30/2006,06/30/2006,03/31/2006,12/31/2005,09/30/2005,06/30/2005,03/31/2005,12/31/2004,09/30/2004,06/30/2004,03/31/2004,12/31/2003,09/30/2003,06/30/2003,03/31/2003,12/31/2002,09/30/2002,06/30/2002,03/31/2002,12/31/2001,09/30/2001,06/30/2001,03/31/2001,12/31/2000,09/30/2000,06/30/2000,03/31/2000,12/31/1999,09/30/1999,06/30/1999,03/31/1999,12/31/1998,09/30/1998,06/30/1998,03/31/1998,12/31/1997,09/30/1997,06/30/1997,03/31/1997,12/31/1996,09/30/1996,06/30/1996,03/31/1996,12/31/1995,09/30/1995,06/30/1995,03/31/1995,12/31/1994,09/30/1994,06/30/1994,03/31/1994,12/31/1993,09/30/1993,06/30/1993,03/31/1993,12/31/1992,09/30/1992,06/30/1992,03/31/1992,12/31/1991,09/30/1991,06/30/1991,03/31/1991,12/31/1990,09/30/1990,06/30/1990,03/31/1990,12/31/1989,09/30/1989,06/30/1989,03/31/1989,12/31/1988,09/30/1988,06/30/1988,03/31/1988,12/31/1987,09/30/1987,06/30/1987,03/31/1987,12/31/1986,09/30/1986,06/30/1986,03/31/1986,12/31/1985,09/30/1985
TotalRevenue,"79,474,000,000","25,248,000,000","20,189,000,000","19,217,000,000","14,820,000,000","22,455,000,000","18,091,000,000","15,945,000,000","13,881,000,000","20,640,000,000","17,188,000,000","16,449,000,000","12,884,000,000","19,524,000,000","16,485,000,000","16,090,000,000","12,562,000,000","19,526,000,000","16,240,000,000","15,710,000,000","12,049,000,000","19,515,000,000","16,027,000,000","15,395,000,000","11,862,000,000","18,585,000,000","16,331,000,000","15,923,000,000","12,217,000,000","19,948,000,000","17,218,000,000","16,894,000,000","12,623,000,000","20,118,000,000","16,909,000,000","16,807,000,000","12,581,000,000","19,954,000,000","16,652,000,000","16,458,000,000","12,428,000,000","20,158,000,000","17,582,000,000","16,827,000,000","11,937,000,000","18,155,000,000","15,514,000,000","14,801,000,000","9,368,000,000","13,297,000,000","11,080,000,000","10,592,000,000","8,263,000,000","12,729,000,000","11,244,000,000","10,945,000,000","8,333,000,000","12,346,000,000","10,171,000,000","9,607,000,000","7,350,000,000","10,383,000,000","8,950,000,000","8,599,000,000","7,205,000,000","10,096,000,000","8,184,000,000","7,697,000,000","6,585,000,000","8,803,000,000","7,257,000,000","7,070,000,000","6,131,000,000","8,073,000,000","6,830,000,000","6,538,000,000","5,530,000,000","7,457,000,000","6,376,000,000","6,178,000,000","5,101,000,000","7,986,000,000","6,906,000,000","5,281,000,000","4,539,000,000","6,410,000,000","4,909,000,000","4,928,000,000","4,191,000,000","5,680,000,000","4,591,000,000","4,982,000,000","5,114,000,000","7,193,000,000","5,544,000,000","5,258,000,000","4,353,000,000","6,256,000,000","5,362,000,000","7,707,000,000","6,702,000,000","9,533,000,000","7,867,000,000","7,691,000,000","6,554,000,000","9,251,300,000","7,693,100,000","7,285,800,000","6,190,800,000","9,122,500,000","7,064,000,000","6,557,000,000","5,728,900,000","7,722,400,000","6,316,400,000","5,890,300,000","5,091,600,000","6,542,500,000","5,640,000,000","5,210,800,000","4,576,700,000","5,929,800,000","4,881,300,000","4,679,800,000","4,117,000,000","5,444,600,000","4,475,600,000","4,204,700,000","3,677,700,000","4,789,800,000","3,901,600,000","3,592,700,000","2,958,300,000","4,183,600,000","3,241,400,000","3,012,500,000","2,569,500,000","3,466,100,000","2,939,100,000","2,787,500,000","2,292,500,000","3,120,000,000","2,399,400,000","2,051,200,000","1,720,200,000","2,420,500,000","2,071,800,000"
	OperatingRevenue,"79,474,000,000","25,248,000,000","20,189,000,000","19,217,000,000","14,820,000,000","22,455,000,000","18,091,000,000","15,945,000,000","13,881,000,000","20,640,000,000","17,188,000,000","16,449,000,000","12,884,000,000","19,524,000,000","16,485,000,000","16,090,000,000","12,562,000,000","19,526,000,000","16,240,000,000","15,710,000,000","12,049,000,000","19,515,000,000","16,027,000,000","15,395,000,000","11,862,000,000","18,585,000,000","16,331,000,000","15,923,000,000","12,217,000,000","19,948,000,000","17,218,000,000","16,894,000,000","12,623,000,000","20,118,000,000","16,909,000,000","16,807,000,000","12,581,000,000","19,954,000,000","16,652,000,000","16,458,000,000","12,428,000,000","20,158,000,000","17,582,000,000","16,827,000,000","11,937,000,000","18,155,000,000","15,514,000,000","14,801,000,000","9,368,000,000","13,297,000,000","11,080,000,000","10,592,000,000","8,263,000,000","12,729,000,000","11,244,000,000","10,945,000,000","8,333,000,000","12,346,000,000","10,171,000,000","9,607,000,000","7,350,000,000","10,383,000,000","8,950,000,000","8,599,000,000","7,205,000,000","10,096,000,000","8,184,000,000","7,697,000,000","6,585,000,000","8,803,000,000","7,257,000,000","7,070,000,000","6,131,000,000","8,073,000,000","6,830,000,000","6,538,000,000","5,530,000,000","7,457,000,000","6,376,000,000","6,178,000,000","5,101,000,000","7,986,000,000","6,906,000,000","5,281,000,000","4,539,000,000","6,410,000,000","4,909,000,000","4,928,000,000","4,191,000,000","5,680,000,000","4,591,000,000","4,982,000,000","5,114,000,000","7,193,000,000","5,544,000,000","5,258,000,000","4,353,000,000","6,256,000,000","5,362,000,000","7,707,000,000","6,702,000,000","9,533,000,000","7,867,000,000","7,691,000,000","6,554,000,000","9,251,300,000","7,693,100,000","7,285,800,000","6,190,800,000","9,122,500,000","7,064,000,000","6,557,000,000","5,728,900,000","7,722,400,000","6,316,400,000","5,890,300,000","5,091,600,000","6,542,500,000","5,640,000,000","5,210,800,000","4,576,700,000","5,929,800,000","4,881,300,000","4,679,800,000","4,117,000,000","5,444,600,000","4,475,600,000","4,204,700,000","3,677,700,000","4,789,800,000","3,901,600,000","3,592,700,000","2,958,300,000","4,183,600,000","3,241,400,000","3,012,500,000","2,569,500,000","3,466,100,000","2,939,100,000","2,787,500,000","2,292,500,000","3,120,000,000","2,399,400,000","2,051,200,000","1,720,200,000","2,420,500,000","2,071,800,000"
CostOfRevenue,"37,075,000,000","12,130,000,000","9,394,000,000","8,880,000,000","6,671,000,000","10,426,000,000","8,156,000,000","7,088,000,000","6,127,000,000","9,346,000,000","7,694,000,000","7,404,000,000","5,688,000,000","8,936,000,000","7,527,000,000","7,263,000,000","5,655,000,000","9,077,000,000","7,366,000,000","7,056,000,000","5,286,000,000","8,944,000,000","7,284,000,000","6,830,000,000","5,151,000,000","8,380,000,000","7,395,000,000","7,167,000,000","5,442,000,000","9,364,000,000","7,995,000,000","7,778,000,000","5,747,000,000","9,565,000,000","7,946,000,000","7,898,000,000","5,834,000,000","9,654,000,000","7,833,000,000","7,915,000,000","5,889,000,000","9,731,000,000","8,452,000,000","7,963,000,000","5,447,000,000","8,359,000,000","7,008,000,000","6,745,000,000","4,463,000,000","6,293,000,000","5,181,000,000","4,881,000,000","3,744,000,000","6,171,000,000","5,268,000,000","5,078,000,000","3,834,000,000","5,784,000,000","4,627,000,000","4,342,000,000","3,285,000,000","4,744,000,000","4,030,000,000","3,809,000,000","3,179,000,000","3,921,000,000","3,733,000,000","3,504,000,000","3,018,000,000","4,082,000,000","3,300,000,000","3,213,000,000","2,811,000,000","3,737,000,000","3,116,000,000","2,992,000,000","2,534,000,000","3,460,000,000","2,907,000,000","2,812,000,000","2,318,000,000","3,212,000,000","2,728,000,000","2,031,000,000","1,791,000,000","2,234,000,000","1,673,000,000","1,707,000,000","1,507,000,000","1,990,000,000","1,634,000,000","1,822,000,000","1,903,000,000","2,793,000,000","2,060,000,000","1,917,000,000","1,548,000,000","2,256,000,000","2,226,000,000","3,322,000,000","2,957,000,000","4,215,000,000","3,478,000,000","3,373,000,000","2,899,000,000","3,821,700,000","3,465,200,000","3,223,400,000","2,635,700,000","4,001,200,000","3,083,900,000","2,861,400,000","2,504,600,000","3,310,800,000","2,751,000,000","2,548,000,000","2,216,100,000","2,760,000,000","1,872,300,000","2,245,100,000","1,936,000,000","2,495,000,000","2,122,100,000","2,009,700,000","1,745,300,000","2,355,400,000","1,966,300,000","1,805,500,000","1,605,800,000","2,112,900,000","1,738,400,000","1,576,800,000",,,,,,,,,,,,,,,
GrossProfit,"42,399,000,000","13,118,000,000","10,795,000,000","10,337,000,000","8,149,000,000","12,029,000,000","9,935,000,000","8,857,000,000","7,754,000,000","11,294,000,000","9,494,000,000","9,045,000,000","7,196,000,000","10,588,000,000","8,958,000,000","8,827,000,000","6,907,000,000","10,449,000,000","8,874,000,000","8,654,000,000","6,763,000,000","10,571,000,000","8,743,000,000","8,565,000,000","6,711,000,000","10,205,000,000","8,936,000,000","8,756,000,000","6,775,000,000","10,584,000,000","9,223,000,000","9,116,000,000","6,876,000,000","10,553,000,000","8,963,000,000","8,909,000,000","6,747,000,000","10,300,000,000","8,819,000,000","8,543,000,000","6,539,000,000","10,427,000,000","9,130,000,000","8,864,000,000","6,490,000,000","9,796,000,000","8,506,000,000","8,056,000,000","4,905,000,000","7,004,000,000","5,899,000,000","5,711,000,000","4,519,000,000","6,558,000,000","5,976,000,000","5,867,000,000","4,499,000,000","6,562,000,000","5,544,000,000","5,265,000,000","4,065,000,000","5,639,000,000","4,920,000,000","4,790,000,000","4,026,000,000","6,175,000,000","4,451,000,000","4,193,000,000","3,567,000,000","4,721,000,000","3,957,000,000","3,857,000,000","3,320,000,000","4,336,000,000","3,714,000,000","3,546,000,000","2,996,000,000","3,997,000,000","3,469,000,000","3,366,000,000","2,783,000,000","4,774,000,000","4,178,000,000","3,250,000,000","2,748,000,000","4,176,000,000","3,236,000,000","3,221,000,000","2,684,000,000","3,690,000,000","2,957,000,000","3,160,000,000","3,211,000,000","4,400,000,000","3,484,000,000","3,341,000,000","2,805,000,000","4,000,000,000","3,136,000,000","4,385,000,000","3,745,000,000","5,318,000,000","4,389,000,000","4,318,000,000","3,655,000,000","5,429,600,000","4,227,900,000","4,062,400,000","3,555,100,000","5,121,300,000","3,980,100,000","3,695,600,000","3,224,300,000","4,411,600,000","3,565,400,000","3,342,300,000","2,875,500,000","3,782,500,000","3,767,700,000","2,965,700,000","2,640,700,000","3,434,800,000","2,759,200,000","2,670,100,000","2,371,700,000","3,089,200,000","2,509,300,000","2,399,200,000","2,071,900,000","2,676,900,000","2,163,200,000","2,015,900,000",,,,,,,,,,,,,,,
OperatingExpense,"31,237,000,000","10,556,000,000","7,636,000,000","7,208,000,000","5,837,000,000","9,203,000,000","6,924,000,000","6,538,000,000","5,830,000,000","8,595,000,000","6,639,000,000","6,316,000,000","5,188,000,000","8,157,000,000","6,114,000,000","5,799,000,000","5,100,000,000","7,856,000,000","5,881,000,000","5,664,000,000","4,830,000,000","8,190,000,000","5,922,000,000","5,601,000,000","5,092,000,000","7,965,000,000","6,161,000,000","5,856,000,000","4,978,000,000","8,553,000,000","6,376,000,000","6,220,000,000","5,069,000,000","8,155,000,000","6,183,000,000","6,040,000,000","5,089,000,000","8,087,000,000","6,019,000,000","6,166,000,000","4,817,000,000","8,180,000,000","6,224,000,000","6,110,000,000","4,764,000,000","7,565,000,000","5,706,000,000","5,595,000,000","4,065,000,000","4,970,000,000","3,667,000,000","3,521,000,000","2,931,000,000","5,345,000,000","3,992,000,000","3,682,000,000","2,946,000,000","4,832,000,000","3,482,000,000","3,306,000,000","2,646,000,000","4,126,000,000","3,104,000,000","3,028,000,000","2,678,000,000","4,736,000,000","2,771,000,000","2,637,000,000","2,320,000,000","3,372,000,000","2,445,000,000","2,436,000,000","2,193,000,000","3,350,000,000","2,252,000,000","2,154,000,000","1,849,000,000","2,688,000,000","2,116,000,000","2,057,000,000","1,800,000,000","3,613,000,000","2,955,000,000","2,341,000,000","2,007,000,000","3,241,000,000","2,410,000,000","2,412,000,000","2,029,000,000","2,926,000,000","2,219,000,000","2,439,000,000","2,551,000,000","3,785,000,000","2,595,000,000","2,563,000,000","2,215,000,000","2,994,000,000","2,207,000,000","3,326,000,000","2,979,000,000","4,202,000,000","3,829,000,000","3,332,000,000","2,949,000,000","4,971,600,000","3,197,300,000","3,193,100,000","2,926,000,000","4,217,300,000","3,018,400,000","2,910,600,000","2,673,800,000","3,613,100,000","2,713,800,000","2,591,900,000","2,369,500,000","3,233,800,000","2,962,300,000","2,267,700,000","2,112,800,000","2,796,300,000","2,176,300,000","2,032,200,000","1,899,400,000","2,361,200,000","1,945,700,000","1,840,100,000","1,677,900,000","2,229,500,000","1,633,200,000","1,518,600,000",,,,,,,,,,,,,,,
	SellingGeneralAndAdministration,"31,237,000,000","10,556,000,000","7,636,000,000","7,208,000,000","5,837,000,000","9,203,000,000","6,924,000,000","6,538,000,000","5,830,000,000","8,595,000,000","6,639,000,000","6,316,000,000","5,188,000,000","8,157,000,000","6,114,000,000","5,799,000,000","5,100,000,000","7,901,000,000","5,865,000,000","5,648,000,000","4,817,000,000","8,169,000,000","5,904,000,000","5,584,000,000","5,078,000,000","7,943,000,000","6,143,000,000","5,837,000,000","4,962,000,000","8,526,000,000","6,354,000,000","6,198,000,000","5,048,000,000","8,120,000,000","6,158,000,000","6,013,000,000","5,066,000,000","8,050,000,000","5,992,000,000","6,136,000,000","4,792,000,000","8,150,000,000","6,186,000,000","6,070,000,000","4,739,000,000","7,526,000,000","5,676,000,000","5,563,000,000","4,049,000,000","4,949,000,000","3,649,000,000","3,507,000,000","2,921,000,000","5,324,000,000","3,979,000,000","3,664,000,000","2,934,000,000","4,811,000,000","3,467,000,000","3,295,000,000","2,635,000,000","4,072,000,000","3,063,000,000","2,992,000,000","2,647,000,000","4,689,000,000","2,734,000,000","2,600,000,000","2,291,000,000","3,325,000,000","2,410,000,000","2,403,000,000","2,161,000,000","3,304,000,000","2,218,000,000","2,119,000,000","1,819,000,000","2,647,000,000","2,081,000,000","2,023,000,000","1,772,000,000","3,561,000,000","2,916,000,000","2,305,000,000","1,972,000,000","2,923,000,000","2,186,000,000","2,196,000,000","1,827,000,000","2,620,000,000","2,025,000,000","2,208,000,000","2,250,000,000","3,343,000,000","2,326,000,000","2,286,000,000","1,969,000,000","2,634,000,000","2,209,000,000","2,940,000,000","2,617,000,000","3,660,000,000","3,419,000,000","2,939,000,000","2,575,000,000","4,445,700,000","2,839,700,000","2,792,100,000","2,470,500,000","3,707,300,000","2,648,200,000","2,561,400,000","2,326,700,000","3,105,100,000","2,401,700,000","2,286,700,000","2,070,900,000","2,831,600,000","2,149,600,000","2,006,200,000","1,852,900,000","2,443,800,000","1,949,000,000","1,807,200,000","1,680,800,000","2,081,600,000","1,744,200,000","1,641,600,000","1,480,700,000","1,966,700,000","1,446,100,000","1,357,500,000",,,,,,,,,,,,,,,
	DepreciationAmortizationDepletionIncomeStatement,,,,,,,,,,,,,,,,,,,"16,000,000","16,000,000","13,000,000","21,000,000","18,000,000","17,000,000","14,000,000","22,000,000","18,000,000","19,000,000","16,000,000","27,000,000","22,000,000","22,000,000","21,000,000","35,000,000","25,000,000","27,000,000","23,000,000","37,000,000","27,000,000","30,000,000","25,000,000","30,000,000","38,000,000","40,000,000","25,000,000","39,000,000","30,000,000","32,000,000","16,000,000","21,000,000","18,000,000","14,000,000","10,000,000","21,000,000","13,000,000","18,000,000","12,000,000","21,000,000","15,000,000","11,000,000","11,000,000","54,000,000","41,000,000","36,000,000","31,000,000","47,000,000","37,000,000","37,000,000","29,000,000","47,000,000","35,000,000","33,000,000","32,000,000","46,000,000","34,000,000","35,000,000","30,000,000","41,000,000","35,000,000","34,000,000","28,000,000","52,000,000","39,000,000","36,000,000","35,000,000","318,000,000","224,000,000","216,000,000","202,000,000","306,000,000","194,000,000","231,000,000","301,000,000","442,000,000","269,000,000","277,000,000","246,000,000","360,000,000","-2,000,000","386,000,000","362,000,000","542,000,000","410,000,000","393,000,000","374,000,000","525,900,000","357,600,000","401,000,000","455,500,000","510,000,000","370,200,000","349,200,000","347,100,000","508,000,000","312,100,000","305,200,000","298,600,000","402,200,000","812,700,000","261,500,000","259,900,000","352,500,000","227,300,000","225,000,000","218,600,000","279,600,000","201,500,000","198,500,000","197,200,000","262,800,000","187,100,000","161,100,000",,,,,,,,,,,,,,,
		DepreciationAndAmortizationInIncomeStatement,,,,,,,,,,,,,,,,,,,"16,000,000","16,000,000","13,000,000","21,000,000","18,000,000","17,000,000","14,000,000","22,000,000","18,000,000","19,000,000","16,000,000","27,000,000","22,000,000","22,000,000","21,000,000","35,000,000","25,000,000","27,000,000","23,000,000","37,000,000","27,000,000","30,000,000","25,000,000","30,000,000","38,000,000","40,000,000","25,000,000","39,000,000","30,000,000","32,000,000","16,000,000","21,000,000","18,000,000","14,000,000","10,000,000","21,000,000","13,000,000","18,000,000","12,000,000","21,000,000","15,000,000","11,000,000","11,000,000","54,000,000","41,000,000","36,000,000","31,000,000","47,000,000","37,000,000","37,000,000","29,000,000","47,000,000","35,000,000","33,000,000","32,000,000","46,000,000","34,000,000","35,000,000","30,000,000","41,000,000","35,000,000","34,000,000","28,000,000","52,000,000","39,000,000","36,000,000","35,000,000","318,000,000","224,000,000","216,000,000","202,000,000","306,000,000","194,000,000","231,000,000","301,000,000","442,000,000","269,000,000","277,000,000","246,000,000","360,000,000","-2,000,000","386,000,000","362,000,000","542,000,000","410,000,000","393,000,000","374,000,000","525,900,000","357,600,000","401,000,000","455,500,000","510,000,000","370,200,000","349,200,000","347,100,000","508,000,000","312,100,000","305,200,000","298,600,000","402,200,000","812,700,000","261,500,000","259,900,000","352,500,000","227,300,000","225,000,000","218,600,000","279,600,000","201,500,000","198,500,000","197,200,000","262,800,000","187,100,000","161,100,000",,,,,,,,,,,,,,,
			Amortization,,,,,,,,,,,,,,,,,,,"16,000,000","16,000,000","13,000,000","21,000,000","18,000,000","17,000,000","14,000,000","22,000,000","18,000,000","19,000,000","16,000,000","27,000,000","22,000,000","22,000,000","21,000,000","35,000,000","25,000,000","27,000,000","23,000,000","37,000,000","27,000,000","30,000,000","25,000,000","30,000,000","38,000,000","40,000,000","25,000,000","39,000,000","30,000,000","32,000,000","16,000,000","21,000,000","18,000,000","14,000,000","10,000,000","21,000,000","13,000,000","18,000,000","12,000,000","21,000,000","15,000,000","11,000,000","11,000,000","54,000,000","41,000,000","36,000,000","31,000,000","47,000,000","37,000,000","37,000,000","29,000,000","47,000,000","35,000,000","33,000,000","32,000,000","46,000,000","34,000,000","35,000,000","30,000,000","41,000,000","35,000,000","34,000,000","28,000,000","52,000,000","39,000,000","36,000,000","35,000,000",,,,,,,,,,,,,,,,,,,,,,,,,,,,,,,,,,,,,,,,,,,,,,,,,,,,,,,,,,,,,,
				AmortizationOfIntangiblesIncomeStatement,,,,,,,,,,,,,,,,,,,"16,000,000","16,000,000","13,000,000","21,000,000","18,000,000","17,000,000","14,000,000","22,000,000","18,000,000","19,000,000","16,000,000","27,000,000","22,000,000","22,000,000","21,000,000","35,000,000","25,000,000","27,000,000","23,000,000","37,000,000","27,000,000","30,000,000","25,000,000","30,000,000","38,000,000","40,000,000","25,000,000","39,000,000","30,000,000","32,000,000","16,000,000","21,000,000","18,000,000","14,000,000","10,000,000","21,000,000","13,000,000","18,000,000","12,000,000","21,000,000","15,000,000","11,000,000","11,000,000","54,000,000","41,000,000","36,000,000","31,000,000","47,000,000","37,000,000","37,000,000","29,000,000","47,000,000","35,000,000","33,000,000","32,000,000","46,000,000","34,000,000","35,000,000","30,000,000","41,000,000","35,000,000","34,000,000","28,000,000","52,000,000","39,000,000","36,000,000","35,000,000",,,,,,,,,,,,,,,,,,,,,,,,,,,,,,,,,,,,,,,,,,,,,,,,,,,,,,,,,,,,,,
OperatingIncome,"11,162,000,000","2,562,000,000","3,159,000,000","3,129,000,000","2,312,000,000","2,826,000,000","3,011,000,000","2,319,000,000","1,924,000,000","2,699,000,000","2,855,000,000","2,729,000,000","2,008,000,000","2,431,000,000","2,844,000,000","3,028,000,000","1,807,000,000","2,593,000,000","2,993,000,000","2,990,000,000","1,933,000,000","2,381,000,000","2,821,000,000","2,964,000,000","1,619,000,000","2,240,000,000","2,775,000,000","2,900,000,000","1,797,000,000","2,031,000,000","2,847,000,000","2,896,000,000","1,807,000,000","2,398,000,000","2,780,000,000","2,869,000,000","1,658,000,000","2,213,000,000","2,800,000,000","2,377,000,000","1,722,000,000","2,247,000,000","2,906,000,000","2,754,000,000","1,726,000,000","2,231,000,000","2,800,000,000","2,461,000,000","840,000,000","2,034,000,000","2,232,000,000","2,190,000,000","1,588,000,000","1,213,000,000","1,984,000,000","2,185,000,000","1,553,000,000","1,730,000,000","2,062,000,000","1,959,000,000","1,419,000,000","1,513,000,000","1,816,000,000","1,762,000,000","1,348,000,000","1,439,000,000","1,680,000,000","1,556,000,000","1,247,000,000","1,349,000,000","1,512,000,000","1,421,000,000","1,127,000,000","986,000,000","1,462,000,000","1,392,000,000","1,147,000,000","1,309,000,000","1,353,000,000","1,309,000,000","983,000,000","1,161,000,000","1,223,000,000","909,000,000","741,000,000","935,000,000","826,000,000","809,000,000","655,000,000","764,000,000","738,000,000","721,000,000","660,000,000","615,000,000","889,000,000","778,000,000","590,000,000","1,006,000,000","929,000,000","1,059,000,000","766,000,000","1,116,000,000","560,000,000","986,000,000","706,000,000","458,000,000","1,030,600,000","869,300,000","629,100,000","904,000,000","961,700,000","785,000,000","550,500,000","798,500,000","851,600,000","750,400,000","506,000,000","548,700,000","805,400,000","698,000,000","527,900,000","638,500,000","582,900,000","637,900,000","472,300,000","728,000,000","563,600,000","559,100,000","394,000,000","447,400,000","530,000,000","497,300,000","2,958,300,000","-7,463,400,000","3,241,400,000","3,012,500,000","2,569,500,000","-6,875,800,000","2,939,100,000","2,787,500,000","2,292,500,000","-5,350,200,000","2,399,400,000","2,051,200,000","1,720,200,000","-4,899,100,000","2,071,800,000"
NetNonOperatingInterestIncomeExpense,"-1,863,000,000","-1,132,000,000","-232,000,000","-241,000,000","-258,000,000","-339,000,000","-264,000,000","-235,000,000","-290,000,000","-284,000,000","-224,000,000","-223,000,000","-204,000,000","-563,000,000","-221,000,000","-210,000,000","-225,000,000","-262,000,000","-217,000,000","-216,000,000","-212,000,000","-550,000,000","-217,000,000","-233,000,000","-232,000,000","-289,000,000","-223,000,000","-203,000,000","-196,000,000","-250,000,000","-192,000,000","-191,000,000","-191,000,000","-234,000,000","-203,000,000","-190,000,000","-187,000,000","-244,000,000","-181,000,000","-208,000,000","-175,000,000","-248,000,000","-209,000,000","-179,000,000","-163,000,000","-366,000,000","-151,000,000","-170,000,000","-148,000,000","-89,000,000","-70,000,000","-73,000,000","-98,000,000",,,,,,,,,,,,,,,,,,,,,,,,,,,,,,,,,,,,,,,,,,,,,,,,,,,,,,,,,,,,,,,,,,,,,,,,,,,,,,,,,,,,,,,,,,,,,,
	InterestIncomeNonOperating,,,,,,,,,,"61,000,000","38,000,000","38,000,000","63,000,000","58,000,000","81,000,000","98,000,000","69,000,000","103,000,000","52,000,000","49,000,000","40,000,000","44,000,000","30,000,000","22,000,000","14,000,000","28,000,000","2,000,000","14,000,000","15,000,000","34,000,000","23,000,000","18,000,000","10,000,000","35,000,000","17,000,000","18,000,000","27,000,000","44,000,000","23,000,000","1,000,000","23,000,000","24,000,000","-4,000,000","20,000,000","17,000,000","42,000,000","18,000,000","2,000,000","6,000,000","23,000,000","16,000,000","28,000,000","0",,,,,,,,,,,,,,,,,,,,,,,,,,,,,,,,,,,,,,,,,,,,,,,,,,,,,,,,,,,,,,,,,,,,,,,,,,,,,,,,,,,,,,,,,,,,,,
	InterestExpenseNonOperating,"1,863,000,000","1,132,000,000","232,000,000","241,000,000","258,000,000","339,000,000","264,000,000","235,000,000","290,000,000","345,000,000","262,000,000","261,000,000","267,000,000","621,000,000","302,000,000","308,000,000","294,000,000","365,000,000","269,000,000","265,000,000","252,000,000","594,000,000","247,000,000","255,000,000","246,000,000","317,000,000","225,000,000","217,000,000","211,000,000","284,000,000","215,000,000","209,000,000","201,000,000","269,000,000","220,000,000","208,000,000","214,000,000","288,000,000","204,000,000","209,000,000","198,000,000","272,000,000","209,000,000","199,000,000","180,000,000","408,000,000","169,000,000","172,000,000","154,000,000","112,000,000","86,000,000","101,000,000","98,000,000",,,,,,,,,,,,,,,,,,,,,,,,,,,,,,,,,,,,,,,,,,,,,,,,,,,,,,,,,,,,,,,,,,,,,,,,,,,,,,,,,,,,,,,,,,,,,,
OtherIncomeExpense,"522,000,000","158,000,000","118,000,000","126,000,000","120,000,000","-130,000,000","86,000,000","84,000,000","77,000,000","-207,000,000","38,000,000","61,000,000","64,000,000","67,000,000","74,000,000","82,000,000","75,000,000",,,,,,,,,"0","-1,359,000,000",,,,,,,,,,,,,,,,,,,"7,000,000","10,000,000","9,000,000","709,000,000","75,000,000","146,000,000","119,000,000","25,000,000","-65,000,000","201,000,000","168,000,000","70,000,000","95,000,000","218,000,000","173,000,000","74,000,000","131,000,000","225,000,000","176,000,000","84,000,000","127,000,000","209,000,000","156,000,000","65,000,000","-62,000,000","147,000,000","106,000,000","39,000,000","-98,000,000","127,000,000","84,000,000","4,000,000","-61,000,000","97,000,000","29,000,000","-9,000,000","-124,000,000","-163,000,000","63,000,000","5,000,000","-5,000,000","76,000,000","54,000,000","5,000,000","0","58,000,000","1,075,000,000","-45,000,000","-273,000,000","12,000,000","15,000,000","32,000,000","-219,000,000","31,000,000","149,000,000","13,000,000","-794,000,000","25,000,000","25,000,000","23,000,000","41,700,000","29,000,000","29,100,000","27,200,000","30,600,000","19,800,000","37,300,000","20,500,000","29,400,000","18,200,000","19,300,000","21,800,000","-66,900,000","-33,000,000","27,400,000","-22,600,000","-20,800,000","-12,100,000","-8,900,000","-3,600,000","-129,500,000","161,300,000","41,200,000","38,200,000","52,600,000","38,400,000","41,500,000",,,,,,,,,,,,,,,
	EarningsFromEquityInterest,,,,,,,,,,,,,,,,,,,,,,,,,,,,,,,,,,,,,,,,,,"0","0","0","0","7,000,000","10,000,000","9,000,000","709,000,000","75,000,000","146,000,000","119,000,000","25,000,000","-65,000,000","201,000,000","168,000,000","70,000,000","95,000,000","218,000,000","173,000,000","74,000,000","131,000,000","225,000,000","176,000,000","84,000,000","127,000,000","209,000,000","156,000,000","65,000,000","88,000,000","147,000,000","106,000,000","39,000,000","77,000,000","136,000,000","95,000,000","15,000,000","29,000,000","130,000,000","94,000,000",,,,,,,,,,,,,,,,,,,,,,,,,,,,,,,,,,,,,,,,,,,,,,,,,,,,,,,,,,,,,,,,,,,
	SpecialIncomeCharges,,,,,,,,,,,,,,,,,,,,,,"0","0",,,"0","-1,359,000,000",,,,,,,,,,,,,,,,,,,,,,,,,,,,,,,,,,,,,,,,,,,,,,,"-175,000,000","-9,000,000","-11,000,000","-11,000,000","-90,000,000","-33,000,000","-65,000,000","-9,000,000","-284,000,000","-163,000,000","63,000,000","5,000,000","-5,000,000","76,000,000","54,000,000","5,000,000","0","58,000,000","1,075,000,000","-45,000,000","-273,000,000","12,000,000","15,000,000","32,000,000","-219,000,000","31,000,000","149,000,000","13,000,000","-794,000,000","25,000,000","25,000,000","23,000,000","41,700,000","29,000,000","29,100,000","27,200,000","30,600,000","19,800,000","37,300,000","20,500,000","29,400,000","18,200,000","19,300,000","21,800,000","-66,900,000","-33,000,000","27,400,000","-22,600,000","-20,800,000","-12,100,000","-8,900,000","-3,600,000","-129,500,000","161,300,000","41,200,000","38,200,000","52,600,000","38,400,000","41,500,000",,,,,,,,,,,,,,,
		RestructuringAndMergernAcquisition,,,,,,,,,,,,,,,,,,,,,,,,,,,,,,,,,,,,,,,,,,,,,,,,,,,,,,,,,,,,,,,,,,,,,,,,,,"175,000,000","9,000,000","11,000,000","11,000,000","90,000,000","33,000,000","65,000,000","36,000,000","131,000,000","248,000,000",,,,,,,,,,,,,,,,,,,,,,,,,,,,,,,,,,,,,,,,,,,,,,,,,,,,,,,,,,,,,,,,
		WriteOff,,,,,,,,,,,,,,,,,,,,,,"0","0",,,"0","1,359,000,000",,,,,,,,,,,,,,,,,,,,,,,,,,,,,,,,,,,,,,,,,,,,,,,,,,,,,,,,,,,,,,,,,,,,,,,,,,,,,,,,,,,,,,,,,,,,,,,,,,,,,,,,,,,,,,,,,,,,,,,,
		OtherSpecialCharges,,,,,,,,,,,,,,,,,,,,,,,,,,,,,,,,,,,,,,,,,,,,,,,,,,,,,,,,,,,,,,,,,,,,,,,,,,,,,,,,,"-27,000,000",,"-85,000,000",,,,,,,,,,,,,,,,,,,,,,,,,,,,,,,,,,,,,,,,,,,,,,,,,,,,,,,,,,,,,,,,
	OtherNonOperatingIncomeExpenses,"522,000,000","158,000,000","118,000,000","126,000,000","120,000,000","-130,000,000","86,000,000","84,000,000","77,000,000","-207,000,000","38,000,000","61,000,000","64,000,000","67,000,000","74,000,000","82,000,000","75,000,000",,,,,,,,,,,,,,,,,,,,,,,,,,,,,,,,,,,,,,,,,,,,,,,,,,,,,,,,,,,,,,,,,,,,,,,,,,,,,,,,,,,,,,,,,,,,,,,,,,,,,,,,,,,,,,,,,,,,,,,,,,,,,,,,,,
PretaxIncome,"9,821,000,000","1,588,000,000","3,045,000,000","3,014,000,000","2,174,000,000","2,357,000,000","2,833,000,000","2,168,000,000","1,711,000,000","2,208,000,000","2,669,000,000","2,567,000,000","1,868,000,000","1,935,000,000","2,697,000,000","2,900,000,000","1,657,000,000","2,331,000,000","2,776,000,000","2,774,000,000","1,721,000,000","1,831,000,000","2,604,000,000","2,731,000,000","1,387,000,000","1,951,000,000","1,193,000,000","2,697,000,000","1,601,000,000","1,781,000,000","2,655,000,000","2,705,000,000","1,616,000,000","2,164,000,000","2,577,000,000","2,679,000,000","1,471,000,000","1,969,000,000","2,619,000,000","2,169,000,000","1,547,000,000","1,999,000,000","2,697,000,000","2,575,000,000","1,563,000,000","1,872,000,000","2,659,000,000","2,300,000,000","1,401,000,000","2,020,000,000","2,308,000,000","2,236,000,000","1,515,000,000","1,012,000,000","2,126,000,000","2,317,000,000","1,566,000,000","1,797,000,000","2,244,000,000","2,117,000,000","1,473,000,000","1,640,000,000","2,029,000,000","1,905,000,000","1,415,000,000","1,542,000,000","1,868,000,000","1,687,000,000","1,285,000,000","1,270,000,000","1,633,000,000","1,502,000,000","1,141,000,000","858,000,000","1,559,000,000","1,454,000,000","1,121,000,000","1,199,000,000","1,414,000,000","1,300,000,000","955,000,000","993,000,000","1,025,000,000","945,000,000","722,000,000","898,000,000","864,000,000","828,000,000","620,000,000","723,000,000","750,000,000","1,692,000,000","491,000,000","188,000,000","812,000,000","717,000,000","546,000,000","667,000,000","837,000,000","1,079,000,000","656,000,000","147,000,000","442,000,000","870,000,000","588,000,000","299,200,000","900,700,000","735,800,000","496,300,000","723,500,000","830,300,000","672,200,000","438,400,000","658,700,000","736,500,000","635,700,000","391,600,000","307,600,000","637,800,000","584,800,000","368,600,000","431,200,000","433,400,000","489,700,000","316,000,000","386,900,000","566,000,000","438,900,000","275,600,000","295,700,000","406,200,000","396,500,000",,,,,,,,,,,,,,,
TaxProvision,"2,142,000,000","247,000,000","802,000,000","642,000,000","451,000,000","498,000,000","526,000,000","510,000,000","360,000,000","430,000,000","559,000,000","524,000,000","446,000,000","-4,932,000,000","188,000,000","1,070,000,000","304,000,000","3,026,000,000","620,000,000","656,000,000","392,000,000","414,000,000","600,000,000","718,000,000","442,000,000","218,000,000","650,000,000","703,000,000","370,000,000","455,000,000","637,000,000","718,000,000","389,000,000","410,000,000","654,000,000","654,000,000","386,000,000","302,000,000","706,000,000","668,000,000","414,000,000","597,000,000","686,000,000","670,000,000","419,000,000","511,000,000","729,000,000","687,000,000","-33,000,000","583,000,000","575,000,000","568,000,000","374,000,000","293,000,000","550,000,000","618,000,000","418,000,000","535,000,000","501,000,000","560,000,000","377,000,000","-144,000,000","548,000,000","547,000,000","396,000,000","434,000,000","1,004,000,000","493,000,000","373,000,000","323,000,000","269,000,000","443,000,000","337,000,000","153,000,000","482,000,000","445,000,000","344,000,000","394,000,000","445,000,000","412,000,000","304,000,000","326,000,000","398,000,000","293,000,000","224,000,000","287,000,000","277,000,000","265,000,000","198,000,000","233,000,000","266,000,000","949,000,000","158,000,000","-173,000,000","51,000,000","223,000,000","169,000,000","221,000,000","286,000,000","423,000,000","229,000,000","119,000,000","298,000,000","287,000,000","194,000,000","118,300,000","283,900,000","248,600,000","175,200,000","210,200,000","288,900,000","225,700,000","155,600,000","216,200,000","278,300,000","208,900,000","131,200,000","56,100,000","212,100,000","201,800,000","127,100,000","160,100,000","148,000,000","171,400,000","110,600,000","121,000,000","215,700,000","146,400,000","93,700,000","93,600,000","136,900,000","131,600,000",,,,,,,,,,,,,,,
NetIncomeCommonStockholders,"7,618,000,000","1,322,000,000","2,224,000,000","2,358,000,000","1,714,000,000","1,845,000,000","2,291,000,000","1,646,000,000","1,338,000,000","1,766,000,000","2,100,000,000","2,035,000,000","1,413,000,000","6,854,000,000","2,498,000,000","1,820,000,000","1,341,000,000","-711,000,000","2,143,000,000","2,105,000,000","1,316,000,000","1,398,000,000","1,991,000,000","2,004,000,000","930,000,000","1,716,000,000","531,000,000","1,979,000,000","1,220,000,000","1,307,000,000","2,005,000,000","1,976,000,000","1,215,000,000","1,739,000,000","1,913,000,000","2,007,000,000","1,073,000,000","1,659,000,000","1,901,000,000","1,485,000,000","1,126,000,000","1,413,000,000","1,999,000,000","1,883,000,000","1,141,000,000","1,362,000,000","1,922,000,000","1,601,000,000","1,429,000,000","1,432,000,000","1,716,000,000","1,658,000,000","1,134,000,000","712,000,000","1,576,000,000","1,698,000,000","1,148,000,000","1,257,000,000","1,741,000,000","1,555,000,000","1,093,000,000","1,773,000,000","1,481,000,000","1,358,000,000","1,019,000,000","1,106,000,000","864,000,000","1,194,000,000","912,000,000","984,000,000","1,363,000,000","1,059,000,000","804,000,000","705,000,000","1,076,000,000","1,008,000,000","776,000,000","804,000,000","968,000,000","887,000,000","650,000,000","667,000,000","627,000,000","652,000,000","498,000,000","611,000,000","587,000,000","563,000,000","422,000,000","490,000,000","484,000,000","743,000,000","333,000,000","361,000,000","761,000,000","494,000,000","377,000,000","401,000,000","658,000,000","656,000,000","427,000,000","28,000,000","144,000,000","583,000,000","394,000,000","180,900,000","616,800,000","487,200,000","321,100,000","513,300,000","541,400,000","446,500,000","250,800,000","442,500,000","458,200,000","426,800,000","260,400,000","-675,900,000","425,700,000","383,000,000","241,500,000","271,100,000","285,400,000","318,300,000","205,400,000","265,900,000","336,600,000","292,500,000","181,900,000","202,100,000","269,300,000","264,900,000",,"187,700,000","241,600,000",,,,,,,,,,,,
	NetIncome,"7,618,000,000","1,322,000,000","2,224,000,000","2,358,000,000","1,714,000,000","1,845,000,000","2,291,000,000","1,646,000,000","1,338,000,000","1,766,000,000","2,100,000,000","2,035,000,000","1,413,000,000","6,854,000,000","2,498,000,000","1,820,000,000","1,343,000,000","-710,000,000","2,144,000,000","2,105,000,000","1,318,000,000","1,401,000,000","1,992,000,000","2,005,000,000","931,000,000","1,718,000,000","533,000,000","1,980,000,000","1,221,000,000","1,311,000,000","2,008,000,000","1,978,000,000","1,216,000,000","1,742,000,000","1,913,000,000","2,010,000,000","1,075,000,000","1,661,000,000","1,902,000,000","1,488,000,000","1,127,000,000","1,415,000,000","2,000,000,000","1,885,000,000","1,143,000,000","1,365,000,000","1,922,000,000","1,603,000,000","1,430,000,000","1,434,000,000","1,717,000,000","1,660,000,000","1,135,000,000","719,000,000","1,576,000,000","1,699,000,000","1,148,000,000","1,262,000,000","1,743,000,000","1,557,000,000","1,096,000,000","1,784,000,000","1,481,000,000","1,358,000,000","1,019,000,000","1,108,000,000","864,000,000","1,194,000,000","912,000,000","985,000,000","1,364,000,000","1,059,000,000","804,000,000","705,000,000","1,077,000,000","1,009,000,000","777,000,000","805,000,000","969,000,000","888,000,000","651,000,000","667,000,000","627,000,000","652,000,000","498,000,000","611,000,000","587,000,000","563,000,000","422,000,000","490,000,000","484,000,000","743,000,000","333,000,000","361,000,000","761,000,000","494,000,000","377,000,000","401,000,000","658,000,000","656,000,000","427,000,000","28,000,000","144,000,000","583,000,000","394,000,000","180,900,000","616,800,000","487,200,000","321,100,000","513,300,000","541,400,000","446,500,000","250,800,000","442,500,000","458,200,000","426,800,000","260,400,000","-675,900,000","425,700,000","383,000,000","241,500,000","271,100,000","285,400,000","318,300,000","205,400,000","265,900,000","336,600,000","292,500,000","181,900,000","202,100,000","269,300,000","264,900,000",,"187,700,000","241,600,000",,,,,,,,,,,,
		NetIncomeIncludingNoncontrollingInterests,"7,679,000,000","1,341,000,000","2,243,000,000","2,372,000,000","1,723,000,000","1,859,000,000","2,307,000,000","1,658,000,000","1,351,000,000","1,778,000,000","2,110,000,000","2,043,000,000","1,422,000,000","6,867,000,000","2,509,000,000","1,830,000,000","1,353,000,000","-695,000,000","2,156,000,000","2,118,000,000","1,329,000,000","1,417,000,000","2,004,000,000","2,013,000,000","945,000,000","1,733,000,000","543,000,000","1,994,000,000","1,231,000,000","1,326,000,000","2,018,000,000","1,987,000,000","1,227,000,000","1,754,000,000","1,923,000,000","2,025,000,000","1,085,000,000","1,667,000,000","1,913,000,000","1,501,000,000","1,133,000,000","1,402,000,000","2,011,000,000","1,905,000,000","1,144,000,000","1,361,000,000","1,930,000,000","1,613,000,000","1,434,000,000","1,437,000,000","1,733,000,000","1,668,000,000","1,141,000,000","719,000,000","1,576,000,000","1,699,000,000","1,148,000,000","1,262,000,000","1,743,000,000","1,557,000,000","1,096,000,000","1,784,000,000","1,481,000,000","1,358,000,000","1,019,000,000","1,108,000,000","864,000,000","1,194,000,000","912,000,000","985,000,000","1,364,000,000","1,059,000,000","804,000,000","705,000,000","1,077,000,000","1,009,000,000","777,000,000","805,000,000","969,000,000","888,000,000","651,000,000","667,000,000","627,000,000","652,000,000","498,000,000","611,000,000","587,000,000","563,000,000","422,000,000","490,000,000","484,000,000","743,000,000","333,000,000","361,000,000","761,000,000","494,000,000","377,000,000","401,000,000","658,000,000","656,000,000","427,000,000","28,000,000","144,000,000","583,000,000","394,000,000","180,900,000","616,800,000","487,200,000","321,100,000","513,300,000","541,400,000","446,500,000","250,800,000","442,500,000","458,200,000","426,800,000","260,400,000","-675,900,000","425,700,000","383,000,000","241,500,000","271,100,000","285,400,000","318,300,000","205,400,000","265,900,000","336,600,000","292,500,000","181,900,000","202,100,000","269,300,000","264,900,000","165,100,000","187,700,000","241,600,000","219,600,000","113,300,000","147,000,000","189,900,000","176,200,000","68,900,000","116,600,000","151,700,000","120,700,000","68,700,000","89,300,000","135,300,000"
			NetIncomeContinuousOperations,"7,679,000,000","1,341,000,000","2,243,000,000","2,372,000,000","1,723,000,000","1,859,000,000","2,307,000,000","1,658,000,000","1,351,000,000","1,778,000,000","2,110,000,000","2,043,000,000","1,422,000,000","6,867,000,000","2,509,000,000","1,830,000,000","1,353,000,000","-695,000,000","2,156,000,000","2,118,000,000","1,329,000,000","1,417,000,000","2,004,000,000","2,013,000,000","945,000,000","1,733,000,000","543,000,000","1,994,000,000","1,231,000,000","1,326,000,000","2,018,000,000","1,987,000,000","1,227,000,000","1,754,000,000","1,923,000,000","2,025,000,000","1,085,000,000","1,667,000,000","1,913,000,000","1,501,000,000","1,133,000,000","1,402,000,000","2,011,000,000","1,905,000,000","1,144,000,000","1,361,000,000","1,930,000,000","1,613,000,000","1,434,000,000","1,437,000,000","1,733,000,000","1,668,000,000","1,141,000,000","719,000,000","1,576,000,000","1,699,000,000","1,148,000,000","1,262,000,000","1,743,000,000","1,557,000,000","1,096,000,000","1,784,000,000","1,481,000,000","1,358,000,000","1,019,000,000","1,108,000,000","864,000,000","1,194,000,000","912,000,000","947,000,000","1,364,000,000","1,059,000,000","804,000,000","705,000,000","1,077,000,000","1,009,000,000","777,000,000","805,000,000","969,000,000","888,000,000","651,000,000","667,000,000","627,000,000","652,000,000","498,000,000","611,000,000","587,000,000","563,000,000","422,000,000","490,000,000","484,000,000","743,000,000","333,000,000","361,000,000","761,000,000","494,000,000","377,000,000","446,000,000","551,000,000","656,000,000","427,000,000","28,000,000","144,000,000","583,000,000","394,000,000","180,900,000","616,800,000","487,200,000","321,100,000","513,300,000","541,400,000","446,500,000","282,800,000","442,500,000","458,200,000","426,800,000","260,400,000","251,500,000","425,700,000","383,000,000","241,500,000","271,100,000","285,400,000","318,300,000","205,400,000","265,900,000","350,300,000","292,500,000","181,900,000","202,100,000","269,300,000","264,900,000","165,100,000","187,700,000","241,600,000","219,600,000","113,300,000","144,500,000","189,900,000","189,000,000","81,700,000","116,600,000","151,700,000","120,700,000","68,700,000","105,000,000","135,300,000"
			NetIncomeDiscontinuousOperations,,,,,,,,,,,,,,,,,,,,,,,,,,,,,,,,,,,,,,,,,,,,,,,,,,,,,,,,,,,,,,,,,,,,,,,,,,,,,,,,,,,,,,,,,,,,,,,,,,"-45,000,000","107,000,000",,,,,,,,,,,,,,,,,,,,,,,,,,,"0","-13,700,000",,,,,,,,,,,"2,500,000",,"-12,800,000","-12,800,000",,,,,"-15,700,000",
			NetIncomeExtraordinary,,,,,,,,,,,,,,,,,,,,,,,,,,,,,,,,,,,,,,,,,,,,,,,,,,,,,,,,,,,,,,,,,,,,,,,,,,,,,,,,,,,,,,,,,,,,,,,,,,,,,,,,,,,,,,"0",,,"-32,000,000",,,,,,,,,,,,,,,,,,,,,,,,,,,,,,,,,,
		MinorityInterests,"-61,000,000","-19,000,000","-19,000,000","-14,000,000","-9,000,000","-14,000,000","-16,000,000","-12,000,000","-13,000,000","-12,000,000","-10,000,000","-8,000,000","-9,000,000","-13,000,000","-11,000,000","-10,000,000","-10,000,000","-15,000,000","-12,000,000","-13,000,000","-11,000,000","-16,000,000","-12,000,000","-8,000,000","-14,000,000","-15,000,000","-10,000,000","-14,000,000","-10,000,000","-15,000,000","-10,000,000","-9,000,000","-11,000,000","-12,000,000","-10,000,000","-15,000,000","-10,000,000","-6,000,000","-11,000,000","-13,000,000","-6,000,000","13,000,000","-11,000,000","-20,000,000","-1,000,000","4,000,000","-8,000,000","-10,000,000","-4,000,000","-3,000,000","-16,000,000","-8,000,000","-6,000,000",,,,,,,,,,,,,,,,,,,,,,,,,,,,,,,,,,,,,,,,,,,,,,,,,,,,,,,,,,,,,,,,,,,,,,,,,,,,,,,,,,,,,,,,,,,,,,
	PreferredStockDividends,,,,,,,,,,,,,,,,,,,,,,,,,,"0","1,000,000",,,,,,,"0",,"1,000,000",,"0",,"1,000,000",,"0",,"1,000,000",,"0",,"1,000,000",,"0",,"1,000,000",,"1,000,000",,"1,000,000",,"5,000,000","2,000,000","2,000,000","3,000,000",,,,,,,,,"1,000,000","1,000,000",,,"0","1,000,000","1,000,000","1,000,000","1,000,000","1,000,000","1,000,000","1,000,000",,,,,,,,,,,,,,,,,,,,,,,,,,,,,,,,,,,,,,,,,,,,,,,,,,,,,,,,,,,,,,,,,,
	OtherunderPreferredStockDividend,,,,,,,,,,"0",,,"0","0","0","0","2,000,000","1,000,000","1,000,000","0","2,000,000","2,000,000","1,000,000","1,000,000","1,000,000","2,000,000","1,000,000","1,000,000","1,000,000","3,000,000","3,000,000","2,000,000","1,000,000","3,000,000","0","2,000,000","2,000,000","2,000,000","1,000,000","2,000,000","1,000,000","2,000,000","1,000,000","1,000,000","2,000,000","3,000,000","0","1,000,000","1,000,000","2,000,000","1,000,000","1,000,000","1,000,000",,,,,,,,,,,,,,,,,,,,,,,,,,,,,,,,,,,,,,,,,,,,,,,,,,,,,,,,,,,,,,,,,,,,,,,,,,,,,,,,,,,,,,,,,,,,,,
AverageDilutionEarnings,,,,,,,,"0","0","0",,"0","0","0","0","0","2,000,000","1,000,000","1,000,000","0","2,000,000","3,000,000","1,000,000","1,000,000","1,000,000","2,000,000","2,000,000","1,000,000","1,000,000","4,000,000","3,000,000","2,000,000","1,000,000","3,000,000","0","3,000,000","2,000,000","2,000,000","1,000,000","3,000,000","1,000,000","2,000,000","1,000,000","2,000,000","2,000,000","3,000,000","0","2,000,000","1,000,000","2,000,000","1,000,000","2,000,000","1,000,000",,,,,,,,,,,,,,,,,,,,,,,,,,,,,,,,,,,,,,,,,,,,,,,,,,,,,,,,,,,,,,,,,,,,,,,,,,,,,,,,,,,,,,,,,,,,,,
DilutedNIAvailtoComStockholders,"7,618,000,000","1,322,000,000","2,224,000,000","2,358,000,000","1,714,000,000","1,845,000,000","2,291,000,000","1,646,000,000","1,338,000,000","1,766,000,000","2,100,000,000","2,035,000,000","1,413,000,000","6,854,000,000","2,498,000,000","1,820,000,000","1,343,000,000","-710,000,000","2,144,000,000","2,105,000,000","1,318,000,000","1,401,000,000","1,992,000,000","2,005,000,000","931,000,000","1,718,000,000","533,000,000","1,980,000,000","1,221,000,000","1,311,000,000","2,008,000,000","1,978,000,000","1,216,000,000","1,742,000,000","1,913,000,000","2,010,000,000","1,075,000,000","1,661,000,000","1,902,000,000","1,488,000,000","1,127,000,000","1,415,000,000","2,000,000,000","1,885,000,000","1,143,000,000","1,365,000,000","1,922,000,000","1,603,000,000","1,430,000,000","1,434,000,000","1,717,000,000","1,660,000,000","1,135,000,000","720,000,000","1,576,000,000","1,698,000,000","1,148,000,000","1,257,000,000","1,741,000,000","1,555,000,000","1,093,000,000","1,773,000,000","1,481,000,000","1,358,000,000","1,019,000,000","1,106,000,000","864,000,000","1,194,000,000","912,000,000","984,000,000","1,363,000,000","1,059,000,000","804,000,000","705,000,000","1,076,000,000","1,008,000,000","776,000,000","804,000,000","968,000,000","887,000,000","650,000,000","667,000,000","627,000,000","652,000,000","498,000,000","611,000,000","587,000,000","563,000,000","422,000,000","490,000,000","484,000,000","743,000,000","333,000,000","361,000,000","761,000,000","494,000,000","377,000,000","401,000,000","658,000,000","656,000,000","427,000,000","28,000,000","144,000,000","583,000,000","394,000,000","180,900,000","616,800,000","487,200,000","321,100,000","513,300,000","541,400,000","446,500,000","250,800,000","442,500,000","458,200,000","426,800,000","260,400,000","-675,900,000","425,700,000","383,000,000","241,500,000","271,100,000","285,400,000","318,300,000","205,400,000","265,900,000","336,600,000","292,500,000","181,900,000","202,100,000","269,300,000","264,900,000",,"187,700,000","241,600,000",,,,,,,,,,,,
BasicEPS,,"0.956","1.61","1.706","1.24","1.337","1.658","1.19","0.96","1.27","1.5","1.455","1.01","4.861","1.77","1.28","0.946","-0.5","1.5","1.47","0.92","0.981","1.38","1.39","0.64","1.186","0.36","1.34","0.826","0.881","1.33","1.3","0.801","1.139","1.245","1.3","0.696","1.076","1.22","0.95","0.719","0.898","1.27","1.19","0.72",,"3.11","1","0.904",,"1.102","1.066","0.73",,"1.01","1.07","0.72",,"1.08","0.96","0.67",,"0.9","0.82","0.61",,"0.52","0.71","0.54",,"0.81","0.62","0.47",,"0.63","0.59","0.45",,"0.55","0.5","0.37",,"0.35","0.45","0.34",,"0.41","0.39","0.29",,"0.33","0.5","0.23",,"0.52","0.33","0.25",,"0.43","0.42","0.28",,"0.09","0.37","0.25",,"0.39","0.31","0.2",,"0.34","0.28","0.16",,"0.28","0.27","0.16",,"0.27","0.24","0.15",,"0.18","0.2","0.13",,"0.21","0.18","0.12",,"0.17","0.17","0.11",,"0.15","0.14","0.07",,"0.12","0.12","0.04",,"0.1","0.08","0.05",,"0.08"
DilutedEPS,,"0.95","1.6","1.7","1.24","1.33","1.65","1.18","0.96","1.26","1.49","1.44","1","4.83","1.75","1.28","0.94","-0.5","1.49","1.46","0.91","0.97","1.37","1.38","0.64","1.17","0.36","1.33","0.81","0.87","1.32","1.29","0.79","1.12","1.23","1.28","0.69","1.06","1.21","0.94","0.71","0.89","1.25","1.17","0.71",,"3.06","0.98","0.89",,"1.09","1.06","0.72",,"0.99","1.05","0.7",,"1.06","0.94","0.65",,"0.88","0.8","0.6",,"0.51","0.7","0.53",,"0.79","0.61","0.46",,"0.62","0.58","0.45",,"0.54","0.49","0.36",,"0.34","0.44","0.34",,"0.4","0.38","0.29",,"0.32","0.49","0.22",,"0.5","0.33","0.24",,"0.42","0.42","0.27",,"0.09","0.36","0.24",,"0.39","0.31","0.2",,"0.34","0.28","0.16",,"0.28","0.27","0.16",,"0.27","0.24","0.15",,"0.18","0.2","0.13",,"0.21","0.18","0.12",,"0.17","0.17","0.11",,"0.15","0.14","0.07",,"0.12","0.12","0.04",,"0.1","0.08","0.05",,"0.08"
BasicAverageShares,,"1,383,000,000","1,382,000,000","1,382,000,000","1,380,000,000","1,380,000,000","1,383,000,000","1,387,000,000","1,390,000,000","1,391,000,000","1,397,000,000","1,399,000,000","1,406,000,000","1,410,000,000","1,414,000,000","1,417,000,000","1,419,000,000","1,420,000,000","1,425,000,000","1,428,000,000","1,428,000,000","1,428,000,000","1,438,000,000","1,443,000,000","1,446,000,000","1,448,000,000","1,467,000,000","1,476,000,000","1,479,000,000","1,488,000,000","1,507,000,000","1,515,000,000","1,519,000,000","1,529,000,000","1,537,000,000","1,548,000,000","1,545,000,000","1,544,000,000","1,556,000,000","1,563,000,000","1,568,000,000","1,576,000,000","1,578,000,000","1,583,000,000","1,583,000,000",,"1,593,000,000","1,608,000,000","1,582,000,000",,"1,558,000,000","1,555,000,000","1,555,000,000",,"1,564,000,000","1,582,000,000","1,599,000,000",,"1,612,037,037","1,619,791,667","1,637,000,000",,"1,645,555,556","1,656,097,561","1,670,491,803",,"1,661,538,462","1,681,690,141","1,688,888,889",,"1,682,716,049","1,708,064,516","1,710,638,298",,"1,707,936,508","1,708,474,576","1,724,444,444",,"1,760,000,000","1,774,000,000","1,756,756,757",,"1,791,428,571","1,462,000,000","1,448,000,000",,"1,444,000,000","1,443,000,000","1,450,000,000",,"1,466,666,667","1,486,000,000","1,447,826,087",,"1,463,461,538","1,496,969,697","1,508,000,000",,"1,530,232,558","1,561,904,762","1,525,000,000",,"1,600,000,000","1,575,675,676","1,576,000,000",,"1,581,538,462","1,571,612,903","1,605,500,000",,"1,592,352,941","1,594,642,857","1,620,000,000",,"1,636,428,571","1,580,740,741","1,627,500,000",,"1,576,666,667","1,595,833,333","1,610,000,000",,"1,585,555,556","1,591,500,000","1,580,000,000",,"1,602,857,143","1,625,000,000","1,515,833,333",,"1,584,117,647","1,558,235,294","1,574,162,000",,"1,610,666,667","1,564,042,000","1,566,534,000",,"1,565,766,000","1,563,364,000","1,562,282,000",,"1,550,252,000","1,580,288,000","1,629,106,000",,"1,647,556,000"
DilutedAverageShares,,"1,390,000,000","1,389,000,000","1,388,000,000","1,387,000,000","1,388,000,000","1,390,000,000","1,393,000,000","1,396,000,000","1,401,000,000","1,405,000,000","1,409,000,000","1,413,000,000","1,420,000,000","1,424,000,000","1,426,000,000","1,430,000,000","1,421,000,000","1,438,000,000","1,441,000,000","1,440,000,000","1,444,000,000","1,452,000,000","1,456,000,000","1,459,000,000","1,470,000,000","1,483,000,000","1,491,000,000","1,503,000,000","1,514,000,000","1,525,000,000","1,532,000,000","1,540,000,000","1,552,000,000","1,561,000,000","1,567,000,000","1,563,000,000","1,564,000,000","1,575,000,000","1,581,000,000","1,584,000,000","1,584,000,000","1,599,000,000","1,605,000,000","1,605,000,000",,"1,618,000,000","1,634,000,000","1,606,000,000",,"1,577,000,000","1,572,000,000","1,570,000,000",,"1,593,000,000","1,612,000,000","1,632,000,000",,"1,642,452,830","1,654,255,319","1,673,000,000",,"1,682,954,545","1,697,500,000","1,698,333,333",,"1,694,117,647","1,705,714,286","1,720,754,717",,"1,725,316,456","1,736,065,574","1,747,826,087",,"1,735,483,871","1,737,931,034","1,724,444,444",,"1,792,592,593","1,810,204,082","1,805,555,556",,"1,844,117,647","1,491,000,000","1,481,000,000",,"1,478,000,000","1,468,000,000","1,472,000,000",,"1,512,500,000","1,516,326,531","1,513,636,364",,"1,522,000,000","1,496,969,697","1,570,833,333",,"1,566,666,667","1,561,904,762","1,581,481,481",,"1,600,000,000","1,619,444,444","1,641,666,667",,"1,581,538,462","1,571,612,903","1,605,500,000",,"1,592,352,941","1,594,642,857","1,621,200,000",,"1,636,428,571","1,580,740,741","1,627,500,000",,"1,576,666,667","1,595,833,333","1,610,000,000",,"1,585,555,556","1,591,500,000","1,580,000,000",,"1,602,857,143","1,625,000,000","1,515,833,333",,"1,584,117,647","1,558,235,294","1,574,162,000",,"1,610,666,667","1,564,042,000","1,566,534,000",,"1,565,766,000","1,563,364,000","1,562,282,000",,"1,550,252,000","1,580,288,000","1,629,106,000",,"1,647,556,000"
TotalOperatingIncomeAsReported,"11,162,000,000","2,562,000,000","3,159,000,000","3,129,000,000","2,312,000,000","2,826,000,000","3,011,000,000","2,319,000,000","1,924,000,000","2,699,000,000","2,855,000,000","2,729,000,000","2,008,000,000","2,431,000,000","2,844,000,000","3,028,000,000","1,807,000,000","2,593,000,000","2,993,000,000","2,990,000,000","1,933,000,000","2,381,000,000","2,821,000,000","2,964,000,000","1,619,000,000","2,240,000,000","1,416,000,000","2,900,000,000","1,797,000,000","2,031,000,000","2,847,000,000","2,896,000,000","1,807,000,000","2,398,000,000","2,780,000,000","2,869,000,000","1,658,000,000","2,213,000,000","2,800,000,000","2,377,000,000","1,722,000,000","2,247,000,000","2,906,000,000","2,754,000,000","1,726,000,000","2,231,000,000","2,800,000,000","2,461,000,000","840,000,000","2,034,000,000","2,232,000,000","2,190,000,000","1,588,000,000","1,213,000,000","1,984,000,000","2,185,000,000","1,553,000,000","1,730,000,000","2,062,000,000","1,959,000,000","1,419,000,000","1,513,000,000","1,816,000,000","1,762,000,000","1,348,000,000","1,439,000,000","1,680,000,000","1,556,000,000","1,247,000,000","1,199,000,000","1,512,000,000","1,421,000,000","1,127,000,000","811,000,000","1,453,000,000","1,381,000,000","1,136,000,000","1,219,000,000","1,320,000,000","1,244,000,000","947,000,000","1,030,000,000","975,000,000","909,000,000","741,000,000","935,000,000","826,000,000","809,000,000","655,000,000","764,000,000","738,000,000","721,000,000","660,000,000","615,000,000","889,000,000","778,000,000","590,000,000","1,006,000,000","929,000,000","1,059,000,000","766,000,000","1,116,000,000","560,000,000","986,000,000","706,000,000","458,000,000","1,030,600,000","869,300,000","629,100,000","904,000,000","961,700,000","785,000,000","550,500,000","798,500,000","851,600,000","750,400,000","506,000,000","548,700,000","805,400,000","698,000,000","527,900,000","638,500,000","582,900,000","637,900,000","472,300,000","728,000,000","563,600,000","559,100,000","394,000,000","447,400,000","530,000,000","497,300,000",,,,,,,,,,,,,,,
TotalExpenses,"68,312,000,000","22,686,000,000","17,030,000,000","16,088,000,000","12,508,000,000","19,629,000,000","15,080,000,000","13,626,000,000","11,957,000,000","17,941,000,000","14,333,000,000","13,720,000,000","10,876,000,000","17,093,000,000","13,641,000,000","13,062,000,000","10,755,000,000","16,933,000,000","13,247,000,000","12,720,000,000","10,116,000,000","17,134,000,000","13,206,000,000","12,431,000,000","10,243,000,000","16,345,000,000","13,556,000,000","13,023,000,000","10,420,000,000","17,917,000,000","14,371,000,000","13,998,000,000","10,816,000,000","17,720,000,000","14,129,000,000","13,938,000,000","10,923,000,000","17,741,000,000","13,852,000,000","14,081,000,000","10,706,000,000","17,911,000,000","14,676,000,000","14,073,000,000","10,211,000,000","15,924,000,000","12,714,000,000","12,340,000,000","8,528,000,000","11,263,000,000","8,848,000,000","8,402,000,000","6,675,000,000","11,516,000,000","9,260,000,000","8,760,000,000","6,780,000,000","10,616,000,000","8,109,000,000","7,648,000,000","5,931,000,000","8,870,000,000","7,134,000,000","6,837,000,000","5,857,000,000","8,657,000,000","6,504,000,000","6,141,000,000","5,338,000,000","7,454,000,000","5,745,000,000","5,649,000,000","5,004,000,000","7,087,000,000","5,368,000,000","5,146,000,000","4,383,000,000","6,148,000,000","5,023,000,000","4,869,000,000","4,118,000,000","6,825,000,000","5,683,000,000","4,372,000,000","3,798,000,000","5,475,000,000","4,083,000,000","4,119,000,000","3,536,000,000","4,916,000,000","3,853,000,000","4,261,000,000","4,454,000,000","6,578,000,000","4,655,000,000","4,480,000,000","3,763,000,000","5,250,000,000","4,433,000,000","6,648,000,000","5,936,000,000","8,417,000,000","7,307,000,000","6,705,000,000","5,848,000,000","8,793,300,000","6,662,500,000","6,416,500,000","5,561,700,000","8,218,500,000","6,102,300,000","5,772,000,000","5,178,400,000","6,923,900,000","5,464,800,000","5,139,900,000","4,585,600,000","5,993,800,000","4,834,600,000","4,512,800,000","4,048,800,000","5,291,300,000","4,298,400,000","4,041,900,000","3,644,700,000","4,716,600,000","3,912,000,000","3,645,600,000","3,283,700,000","4,342,400,000","3,371,600,000","3,095,400,000",,,,,,,,,,,,,,,
NetIncomeFromContinuingAndDiscontinuedOperation,"7,618,000,000","1,322,000,000","2,224,000,000","2,358,000,000","1,714,000,000","1,845,000,000","2,291,000,000","1,646,000,000","1,338,000,000","1,766,000,000","2,100,000,000","2,035,000,000","1,413,000,000","6,854,000,000","2,498,000,000","1,820,000,000","1,343,000,000","-710,000,000","2,144,000,000","2,105,000,000","1,318,000,000","1,401,000,000","1,992,000,000","2,005,000,000","931,000,000","1,718,000,000","533,000,000","1,980,000,000","1,221,000,000","1,311,000,000","2,008,000,000","1,978,000,000","1,216,000,000","1,742,000,000","1,913,000,000","2,010,000,000","1,075,000,000","1,661,000,000","1,902,000,000","1,488,000,000","1,127,000,000","1,415,000,000","2,000,000,000","1,885,000,000","1,143,000,000","1,365,000,000","1,922,000,000","1,603,000,000","1,430,000,000","1,434,000,000","1,717,000,000","1,660,000,000","1,135,000,000","719,000,000","1,576,000,000","1,699,000,000","1,148,000,000","1,262,000,000","1,743,000,000","1,557,000,000","1,096,000,000","1,784,000,000","1,481,000,000","1,358,000,000","1,019,000,000","1,108,000,000","864,000,000","1,194,000,000","912,000,000","985,000,000","1,364,000,000","1,059,000,000","804,000,000","705,000,000","1,077,000,000","1,009,000,000","777,000,000","805,000,000","969,000,000","888,000,000","651,000,000","667,000,000","627,000,000","652,000,000","498,000,000","611,000,000","587,000,000","563,000,000","422,000,000","490,000,000","484,000,000","743,000,000","333,000,000","361,000,000","761,000,000","494,000,000","377,000,000","401,000,000","658,000,000","656,000,000","427,000,000","28,000,000","144,000,000","583,000,000","394,000,000","180,900,000","616,800,000","487,200,000","321,100,000","513,300,000","541,400,000","446,500,000","282,800,000","442,500,000","458,200,000","426,800,000","260,400,000","251,500,000","425,700,000","383,000,000","241,500,000","271,100,000","285,400,000","318,300,000","205,400,000","265,900,000","336,600,000","292,500,000","181,900,000","202,100,000","269,300,000","264,900,000",,"187,700,000","241,600,000",,,,,,,,,,,,
NormalizedIncome,"7,618,000,000","1,322,000,000","2,224,000,000","2,358,000,000","1,714,000,000","1,845,000,000","2,291,000,000","1,646,000,000","1,338,000,000","1,766,000,000","2,100,000,000","2,035,000,000","1,413,000,000","6,854,000,000","2,498,000,000","1,820,000,000","1,343,000,000","-710,000,000","2,144,000,000","2,105,000,000","1,318,000,000","1,401,000,000","1,992,000,000","2,005,000,000","931,000,000","1,718,000,000","1,348,400,000","1,980,000,000","1,221,000,000","1,311,000,000","2,008,000,000","1,978,000,000","1,216,000,000","1,742,000,000","1,913,000,000","2,010,000,000","1,075,000,000","1,661,000,000","1,902,000,000","1,488,000,000","1,127,000,000","1,415,000,000","2,000,000,000","1,885,000,000","1,143,000,000","1,365,000,000","1,922,000,000","1,603,000,000","1,430,000,000","1,434,000,000","1,717,000,000","1,660,000,000","1,135,000,000","719,000,000","1,576,000,000","1,699,000,000","1,148,000,000","1,262,000,000","1,743,000,000","1,557,000,000","1,096,000,000","1,784,000,000","1,481,000,000","1,358,000,000","1,019,000,000","1,108,000,000","864,000,000","1,194,000,000","912,000,000","947,000,000","1,364,000,000","1,059,000,000","804,000,000","848,793,706.294","1,083,217,447.081","1,016,633,425.034","784,624,442.462","865,425,354.462","991,614,568.6","932,400,000","657,135,078.534","857,763,343.404","726,708,292.683","608,533,333.333","494,551,246.537","614,402,004.454","535,365,740.741","526,282,608.696","418,596,774.194","490,000,000","446,570,666.667","98,000,000","363,519,348.269","524,800,000","749,753,694.581","483,665,271.967","354,904,761.905","592,437,781.109","530,592,592.593","565,412,418.906","418,538,109.756","504,400,000","129,000,000","566,247,126.437","378,588,435.374","155,687,667.112","596,940,779.394","467,931,829.301","303,501,934.314","491,590,283.345","528,489,341.202","421,723,966.082","269,576,003.65","422,749,734.325","446,877,202.987","413,842,252.635","245,903,779.367","306,198,797.139","447,725,870.179","365,055,061.56","256,307,107.976","284,177,179.963","293,368,020.305","324,084,909.128","207,740,000","354,899,870.768","250,470,689.046","265,042,720.437","156,687,445.573","166,149,847.819","243,841,802.068","237,174,022.699",,"187,700,000","241,600,000",,,,,,,,,,,,
InterestIncome,,,,,,,,,,"61,000,000","38,000,000","38,000,000","63,000,000","58,000,000","81,000,000","98,000,000","69,000,000","103,000,000","52,000,000","49,000,000","40,000,000","44,000,000","30,000,000","22,000,000","14,000,000","28,000,000","2,000,000","14,000,000","15,000,000","34,000,000","23,000,000","18,000,000","10,000,000","35,000,000","17,000,000","18,000,000","27,000,000","44,000,000","23,000,000","1,000,000","23,000,000","24,000,000","-4,000,000","20,000,000","17,000,000","42,000,000","18,000,000","2,000,000","6,000,000","23,000,000","16,000,000","28,000,000","0",,,,,,,,,,,,,,,,,,,,,,,,,,,,,,,,,,,,,,,,,,,,,,,,,,,,,,,,,,,,,,,,,,,,,,,,,,,,,,,,,,,,,,,,,,,,,,
InterestExpense,"1,863,000,000","1,132,000,000","232,000,000","241,000,000","258,000,000","339,000,000","264,000,000","235,000,000","290,000,000","345,000,000","262,000,000","261,000,000","267,000,000","621,000,000","302,000,000","308,000,000","294,000,000","365,000,000","269,000,000","265,000,000","252,000,000","594,000,000","247,000,000","255,000,000","246,000,000","317,000,000","225,000,000","217,000,000","211,000,000","284,000,000","215,000,000","209,000,000","201,000,000","269,000,000","220,000,000","208,000,000","214,000,000","288,000,000","204,000,000","209,000,000","198,000,000","272,000,000","209,000,000","199,000,000","180,000,000","408,000,000","169,000,000","172,000,000","154,000,000","112,000,000","86,000,000","101,000,000","98,000,000",,,,,,,,,,,,,,,,,,,,,,,,,,,,,,,,,,,,,,,,,,,,,,,,,,,,,,,,,,,,,,,,,,,,,,,,,,,,,,,,,,,,,,,,,,,,,,
NetInterestIncome,"-1,863,000,000","-1,132,000,000","-232,000,000","-241,000,000","-258,000,000","-339,000,000","-264,000,000","-235,000,000","-290,000,000","-284,000,000","-224,000,000","-223,000,000","-204,000,000","-563,000,000","-221,000,000","-210,000,000","-225,000,000","-262,000,000","-217,000,000","-216,000,000","-212,000,000","-550,000,000","-217,000,000","-233,000,000","-232,000,000","-289,000,000","-223,000,000","-203,000,000","-196,000,000","-250,000,000","-192,000,000","-191,000,000","-191,000,000","-234,000,000","-203,000,000","-190,000,000","-187,000,000","-244,000,000","-181,000,000","-208,000,000","-175,000,000","-248,000,000","-209,000,000","-179,000,000","-163,000,000","-366,000,000","-151,000,000","-170,000,000","-148,000,000","-89,000,000","-70,000,000","-73,000,000","-98,000,000",,,,,,,,,,,,,,,,,,,,,,,,,,,,,,,,,,,,,,,,,,,,,,,,,,,,,,,,,,,,,,,,,,,,,,,,,,,,,,,,,,,,,,,,,,,,,,
EBIT,"11,684,000,000","2,720,000,000","3,277,000,000","3,255,000,000","2,432,000,000","2,696,000,000","3,097,000,000","2,403,000,000","2,001,000,000","2,553,000,000","2,931,000,000","2,828,000,000","2,135,000,000","2,556,000,000","2,999,000,000","3,208,000,000","1,951,000,000","2,696,000,000","3,045,000,000","3,039,000,000","1,973,000,000","2,425,000,000","2,851,000,000","2,986,000,000","1,633,000,000","2,268,000,000","1,418,000,000","2,914,000,000","1,812,000,000","2,065,000,000","2,870,000,000","2,914,000,000","1,817,000,000","2,433,000,000","2,797,000,000","2,887,000,000","1,685,000,000","2,257,000,000","2,823,000,000","2,378,000,000","1,745,000,000","2,271,000,000","2,906,000,000","2,774,000,000","1,743,000,000","2,280,000,000","2,828,000,000","2,472,000,000","1,555,000,000","2,132,000,000","2,394,000,000","2,337,000,000","1,613,000,000","1,628,000,000","1,984,000,000","2,185,000,000","1,553,000,000","1,730,000,000","2,062,000,000","1,959,000,000","1,419,000,000","1,513,000,000","1,816,000,000","1,762,000,000","1,348,000,000","1,439,000,000","1,680,000,000","1,556,000,000","1,247,000,000","1,349,000,000","1,512,000,000","1,421,000,000","1,127,000,000","986,000,000","1,462,000,000","1,392,000,000","1,147,000,000","1,309,000,000","1,353,000,000","1,309,000,000","983,000,000","1,161,000,000","1,223,000,000","909,000,000","741,000,000","935,000,000","826,000,000","809,000,000","655,000,000","764,000,000","738,000,000","721,000,000","660,000,000","615,000,000","889,000,000","778,000,000","590,000,000","1,006,000,000","929,000,000","1,059,000,000","766,000,000","1,116,000,000","560,000,000","986,000,000","706,000,000","458,000,000","1,030,600,000","869,300,000","629,100,000","904,000,000","961,700,000","785,000,000","550,500,000","798,500,000","851,600,000","750,400,000","506,000,000","548,700,000","805,400,000","698,000,000","527,900,000","638,500,000","582,900,000","637,900,000","472,300,000","728,000,000","563,600,000","559,100,000","394,000,000","447,400,000","530,000,000","497,300,000","2,958,300,000","-7,463,400,000","3,241,400,000","3,012,500,000","2,569,500,000","-6,875,800,000","2,939,100,000","2,787,500,000","2,292,500,000","-5,350,200,000","2,399,400,000","2,051,200,000","1,720,200,000","-4,899,100,000","2,071,800,000"
EBITDA,"14,899,000,000"
ReconciledCostOfRevenue,"37,075,000,000","12,130,000,000","9,394,000,000","8,880,000,000","6,671,000,000","10,426,000,000","8,156,000,000","7,088,000,000","6,127,000,000","9,346,000,000","7,694,000,000","7,404,000,000","5,688,000,000","8,936,000,000","7,527,000,000","7,263,000,000","5,655,000,000","9,077,000,000","6,809,000,000","6,518,000,000","4,822,000,000","8,208,000,000","6,735,000,000","6,284,000,000","4,684,000,000","7,630,000,000","6,844,000,000","6,607,000,000","4,962,000,000","8,560,000,000","7,385,000,000","7,170,000,000","5,236,000,000","8,752,000,000","7,341,000,000","7,291,000,000","5,306,000,000","8,839,000,000","7,224,000,000","7,299,000,000","5,359,000,000","8,901,000,000","7,800,000,000","7,339,000,000","4,949,000,000","7,651,000,000","6,427,000,000","6,184,000,000","4,103,000,000","5,762,000,000","4,801,000,000","4,524,000,000","3,440,000,000","5,704,000,000","4,904,000,000","4,721,000,000","3,543,000,000","5,327,000,000","4,302,000,000","4,021,000,000","3,020,000,000","4,332,000,000","3,741,000,000","3,521,000,000","2,924,000,000","3,556,000,000","3,462,000,000","3,235,000,000","2,765,000,000","3,728,000,000","3,040,000,000","2,953,000,000","2,568,000,000","3,378,000,000","2,870,000,000","2,747,000,000","2,308,000,000","3,141,000,000","2,679,000,000","2,587,000,000","2,116,000,000","2,919,000,000","2,455,000,000","1,850,000,000","1,618,000,000","2,234,000,000","1,673,000,000","1,707,000,000","1,507,000,000","1,990,000,000","1,634,000,000","1,822,000,000","1,903,000,000","2,793,000,000","2,060,000,000","1,917,000,000","1,548,000,000","2,256,000,000","2,226,000,000","3,322,000,000","2,957,000,000","4,215,000,000","3,478,000,000","3,373,000,000","2,899,000,000","3,821,700,000","3,410,700,000","3,277,900,000","2,635,700,000","4,001,200,000","3,086,100,000","2,859,200,000","2,504,600,000","3,310,800,000","2,737,200,000","2,541,500,000","2,216,100,000","2,760,000,000","2,393,700,000","2,245,100,000","1,936,000,000","2,495,000,000","2,117,400,000","2,003,300,000","1,745,300,000","2,355,400,000","1,960,500,000","1,804,100,000","1,605,800,000","2,112,900,000","1,738,400,000","1,576,800,000",,,,,,,,,,,,,,,
ReconciledDepreciation,"3,215,000,000","1,352,000,000","650,000,000","653,000,000","560,000,000","817,000,000","609,000,000","589,000,000","533,000,000","798,000,000","578,000,000","558,000,000","498,000,000","763,000,000","566,000,000","574,000,000","496,000,000","765,000,000","573,000,000","554,000,000","477,000,000","757,000,000","567,000,000","563,000,000","481,000,000","772,000,000","569,000,000","579,000,000","496,000,000","831,000,000","632,000,000","630,000,000","532,000,000","848,000,000","630,000,000","634,000,000","551,000,000","852,000,000","636,000,000","646,000,000","555,000,000","860,000,000","690,000,000","664,000,000","523,000,000","747,000,000","611,000,000","593,000,000","376,000,000","552,000,000","398,000,000","371,000,000","314,000,000","488,000,000","377,000,000","375,000,000","303,000,000","478,000,000","340,000,000","332,000,000","276,000,000","466,000,000","330,000,000","324,000,000","286,000,000","412,000,000","308,000,000","306,000,000","282,000,000","401,000,000","295,000,000","293,000,000","275,000,000","405,000,000","280,000,000","280,000,000","256,000,000","360,000,000","263,000,000","259,000,000","230,000,000","345,000,000","312,000,000","217,000,000","208,000,000","318,000,000","224,000,000","216,000,000","202,000,000","306,000,000","194,000,000","231,000,000","301,000,000","442,000,000","269,000,000","277,000,000","246,000,000","360,000,000","-2,000,000","386,000,000","362,000,000","542,000,000","410,000,000","393,000,000","374,000,000","525,900,000","412,100,000","346,500,000","455,500,000","510,000,000","368,000,000","351,400,000","347,100,000","508,000,000","325,900,000","311,700,000","298,600,000","402,200,000","291,300,000","261,500,000","259,900,000","352,500,000","232,000,000","231,400,000","218,600,000","279,600,000","207,300,000","199,900,000","197,200,000","262,800,000","187,100,000","161,100,000",,,,,,,,,,,,,,,
NetIncomeFromContinuingOperationNetMinorityInterest,"7,618,000,000","1,322,000,000","2,224,000,000","2,358,000,000","1,714,000,000","1,845,000,000","2,291,000,000","1,646,000,000","1,338,000,000","1,766,000,000","2,100,000,000","2,035,000,000","1,413,000,000","6,854,000,000","2,498,000,000","1,820,000,000","1,343,000,000","-710,000,000","2,144,000,000","2,105,000,000","1,318,000,000","1,401,000,000","1,992,000,000","2,005,000,000","931,000,000","1,718,000,000","533,000,000","1,980,000,000","1,221,000,000","1,311,000,000","2,008,000,000","1,978,000,000","1,216,000,000","1,742,000,000","1,913,000,000","2,010,000,000","1,075,000,000","1,661,000,000","1,902,000,000","1,488,000,000","1,127,000,000","1,415,000,000","2,000,000,000","1,885,000,000","1,143,000,000","1,365,000,000","1,922,000,000","1,603,000,000","1,430,000,000","1,434,000,000","1,717,000,000","1,660,000,000","1,135,000,000","719,000,000","1,576,000,000","1,699,000,000","1,148,000,000","1,262,000,000","1,743,000,000","1,557,000,000","1,096,000,000","1,784,000,000","1,481,000,000","1,358,000,000","1,019,000,000","1,108,000,000","864,000,000","1,194,000,000","912,000,000","947,000,000","1,364,000,000","1,059,000,000","804,000,000","705,000,000","1,077,000,000","1,009,000,000","777,000,000","805,000,000","969,000,000","888,000,000","651,000,000","667,000,000","627,000,000","652,000,000","498,000,000","611,000,000","587,000,000","563,000,000","422,000,000","490,000,000","484,000,000","743,000,000","333,000,000","361,000,000","761,000,000","494,000,000","377,000,000","446,000,000","551,000,000","656,000,000","427,000,000","28,000,000","144,000,000","583,000,000","394,000,000","180,900,000","616,800,000","487,200,000","321,100,000","513,300,000","541,400,000","446,500,000","282,800,000","442,500,000","458,200,000","426,800,000","260,400,000","251,500,000","425,700,000","383,000,000","241,500,000","271,100,000","285,400,000","318,300,000","205,400,000","265,900,000","350,300,000","292,500,000","181,900,000","202,100,000","269,300,000","264,900,000",,"187,700,000","241,600,000",,,,,,,,,,,,
TotalUnusualItemsExcludingGoodwill,,,,,,,,,,,,,,,,,,,,,,"0","0",,,"0","-1,359,000,000",,,,,,,,,,,,,,,,,,,,,,,,,,,,,,,,,,,,,,,,,,,,,,,"-175,000,000","-9,000,000","-11,000,000","-11,000,000","-90,000,000","-33,000,000","-65,000,000","-9,000,000","-284,000,000","-163,000,000","63,000,000","5,000,000","-5,000,000","76,000,000","54,000,000","5,000,000","0","58,000,000","1,075,000,000","-45,000,000","-273,000,000","12,000,000","15,000,000","32,000,000","-219,000,000","31,000,000","149,000,000","13,000,000","-794,000,000","25,000,000","25,000,000","23,000,000","41,700,000","29,000,000","29,100,000","27,200,000","30,600,000","19,800,000","37,300,000","20,500,000","29,400,000","18,200,000","19,300,000","21,800,000","-66,900,000","-33,000,000","27,400,000","-22,600,000","-20,800,000","-12,100,000","-8,900,000","-3,600,000","-129,500,000","161,300,000","41,200,000","38,200,000","52,600,000","38,400,000","41,500,000",,,,,,,,,,,,,,,
TotalUnusualItems,,,,,,,,,,,,,,,,,,,,,,"0","0",,,"0","-1,359,000,000",,,,,,,,,,,,,,,,,,,,,,,,,,,,,,,,,,,,,,,,,,,,,,,"-175,000,000","-9,000,000","-11,000,000","-11,000,000","-90,000,000","-33,000,000","-65,000,000","-9,000,000","-284,000,000","-163,000,000","63,000,000","5,000,000","-5,000,000","76,000,000","54,000,000","5,000,000","0","58,000,000","1,075,000,000","-45,000,000","-273,000,000","12,000,000","15,000,000","32,000,000","-219,000,000","31,000,000","149,000,000","13,000,000","-794,000,000","25,000,000","25,000,000","23,000,000","41,700,000","29,000,000","29,100,000","27,200,000","30,600,000","19,800,000","37,300,000","20,500,000","29,400,000","18,200,000","19,300,000","21,800,000","-66,900,000","-33,000,000","27,400,000","-22,600,000","-20,800,000","-12,100,000","-8,900,000","-3,600,000","-129,500,000","161,300,000","41,200,000","38,200,000","52,600,000","38,400,000","41,500,000",,,,,,,,,,,,,,,
NormalizedEBITDA,"14,899,000,000","4,072,000,000","3,927,000,000","3,908,000,000","2,992,000,000","3,513,000,000","3,706,000,000","2,992,000,000","2,534,000,000","3,351,000,000","3,509,000,000","3,386,000,000","2,633,000,000","3,319,000,000","3,565,000,000","3,782,000,000","2,447,000,000","3,461,000,000","3,618,000,000","3,593,000,000","2,450,000,000","3,182,000,000","3,418,000,000","3,549,000,000","2,114,000,000","3,040,000,000","3,346,000,000","3,493,000,000","2,308,000,000","2,896,000,000","3,502,000,000","3,544,000,000","2,349,000,000","3,281,000,000","3,427,000,000","3,521,000,000","2,236,000,000","3,109,000,000","3,459,000,000","3,024,000,000","2,300,000,000","3,131,000,000","3,596,000,000","3,438,000,000","2,266,000,000","3,027,000,000","3,439,000,000","3,065,000,000","1,931,000,000","2,684,000,000","2,792,000,000","2,708,000,000","1,927,000,000","2,116,000,000","2,361,000,000","2,560,000,000","1,856,000,000","2,208,000,000","2,402,000,000","2,291,000,000","1,695,000,000","1,979,000,000","2,146,000,000","2,086,000,000","1,634,000,000","1,851,000,000","1,988,000,000","1,862,000,000","1,529,000,000","1,750,000,000","1,807,000,000","1,714,000,000","1,402,000,000","1,566,000,000","1,751,000,000","1,683,000,000","1,414,000,000","1,759,000,000","1,649,000,000","1,633,000,000","1,222,000,000","1,790,000,000","1,698,000,000","1,063,000,000","944,000,000","1,258,000,000","974,000,000","971,000,000","852,000,000","1,070,000,000","874,000,000","-123,000,000","1,006,000,000","1,330,000,000","1,146,000,000","1,040,000,000","804,000,000","1,585,000,000","896,000,000","1,296,000,000","1,115,000,000","2,452,000,000","945,000,000","1,354,000,000","1,057,000,000","942,200,000","1,413,700,000","1,241,200,000","1,057,400,000","1,383,400,000","1,312,100,000","1,099,100,000","877,100,000","1,277,100,000","1,159,300,000","1,042,800,000","782,800,000","1,017,800,000","1,651,100,000","932,100,000","810,400,000","1,011,800,000","827,000,000","878,200,000","694,500,000","1,137,100,000","609,600,000","717,800,000","553,000,000","657,600,000","678,700,000","616,900,000","2,958,300,000","-7,463,400,000","3,241,400,000","3,012,500,000","2,569,500,000","-6,875,800,000","2,939,100,000","2,787,500,000","2,292,500,000","-5,350,200,000","2,399,400,000","2,051,200,000","1,720,200,000","-4,899,100,000","2,071,800,000"
TaxRateForCalcs,"0.218","0.156","0.263","0.213","0.207","0.211","0.186","0.235","0.21","0.195","0.209","0.204","0.239","0.27","0.07","0.369","0.183","0.4","0.223","0.237","0.227","0.226","0.23","0.263","0.319","0.112","0.4","0.261","0.231","0.255","0.24","0.265","0.241","0.189","0.254","0.244","0.263","0.153","0.27","0.308","0.268","0.299","0.254","0.26","0.268","0.273","0.274","0.299","0.35","0.289","0.249","0.254","0.247","0.29","0.259","0.267","0.267","0.298","0.223","0.265","0.256","0.4","0.27","0.287","0.28","0.281","0.4","0.292","0.29","0.254","0.165","0.295","0.295","0.178","0.309","0.306","0.307","0.329","0.315","0.317","0.318","0.328","0.388","0.31","0.31","0.32","0.321","0.32","0.319","0.322","0.355","0.4","0.322","0.4","0.063","0.311","0.31","0.331","0.342","0.392","0.349","0.4","0.4","0.33","0.33","0.395","0.315","0.338","0.353","0.291","0.348","0.336","0.355","0.328","0.378","0.329","0.335","0.182","0.333","0.345","0.345","0.371","0.341","0.35","0.35","0.313","0.381","0.334","0.34","0.317","0.337","0.332",,"0.4","0.4",,,,,,,,,,,,
TaxEffectOfUnusualItems,"0","0","0","0","0","0","0","0","0","0","0","0","0","0","0","0","0","0","0","0","0","0","0","0","0","0","-543,600,000","0","0","0","0","0","0","0","0","0","0","0","0","0","0","0","0","0","0","0","0","0","0","0","0","0","0","0","0","0","0","0","0","0","0","0","0","0","0","0","0","0","0","0","0","0","0","-31,206,293.706","-2,782,552.919","-3,366,574.966","-3,375,557.538","-29,574,645.538","-10,385,431.4","-20,600,000","-2,864,921.466","-93,236,656.596","-63,291,707.317","19,533,333.333","1,551,246.537","-1,597,995.546","24,365,740.741","17,282,608.696","1,596,774.194","0","20,570,666.667","430,000,000","-14,480,651.731","-109,200,000","753,694.581","4,665,271.967","9,904,761.905","-72,562,218.891","10,592,592.593","58,412,418.906","4,538,109.756","-317,600,000","10,000,000","8,247,126.437","7,588,435.374","16,487,667.112","9,140,779.394","9,831,829.301","9,601,934.314","8,890,283.345","6,889,341.202","12,523,966.082","7,276,003.65","9,649,734.325","6,877,202.987","6,342,252.635","7,303,779.367","-12,201,202.861","-10,974,129.821","9,455,061.56","-7,792,892.024","-7,722,820.037","-4,131,979.695","-3,115,090.872","-1,260,000","-40,500,129.232","61,470,689.046","13,742,720.437","12,987,445.573","16,649,847.819","12,941,802.068","13,774,022.699",,"0","0",,,,,,,,,,,,